1817 3169
236 113 336 148 1120
824 107 1071 146 ORATIO

236 211 285 253 L.
305 210 484 262 Gellius,
511 210 579 253 his
607 210 892 263 audientibus,
923 213 1105 254 civicam
1137 223 1339 252 coronam
1369 207 1511 249 deberi
1544 223 1569 249 a
1599 220 1664 249 rea

234 268 409 325 publica
436 269 562 309 dixit.
623 267 738 309 Mihi
774 279 922 324 togato
953 280 1136 318 senatus,
1167 282 1268 316 nou,
1296 276 1341 306 ut
1374 265 1530 315 multis,
1557 267 1664 306 bene

236 334 384 381 gestae,
417 325 503 376 sed,
537 333 585 366 ut
625 325 800 374 nemini,
824 331 1118 366 9conscrvatae
1163 323 1425 378 reipublicae‚
1459 322 1664 378 singulari

237 396 392 438 genere
413 381 752 438 supplicationiS,
773 383 947 423 deorum
980 382 1282 423 immortalium
1314 379 1472 434 templa
1505 378 1666 435 patefe-

236 440 311 480 cit.
372 438 466 495 Ego
488 454 586 480 cum
611 440 654 481 in
676 439 898 489 concione,
921 440 1066 479 abiens
1099 438 1364 493 magistratu,
1385 436 1526 476 dicere
1548 451 1572 476 a
1594 435 1668 475 tri-

238 497 354 537 buno
378 496 513 552 plebis
536 496 797 552 prohiberer,
821 510 915 551 quae
936 497 1239 536 constitueram
1258 510 1266 533 :
1299 506 1480 546 cumque
1503 494 1537 533 is
1560 491 1668 532 milii

239 553 554 604 tantummodo,
576 553 843 607 utjnrarcm‚
867 553 1154 608 permitteret:
1187 552 1275 590 sine
1300 548 1383 588 ulla
1397 549 1668 589 dubitatione

234 609 395 665 Juravi‚
425 610 731 666 rempublicam
766 619 892 663 atque
926 609 1035 648 hanc
1069 608 1216 647 urbem
1259 620 1352 645 mea
1384 606 1508 645 unius
1540 619 1671 661 opera.

204 680 332 717 7esse
353 667 526 708 salvam.
587 665 701 706 Mihi
727 665 907 721 populus
935 664 1154 704 Romanus
1176 663 1395 703 universus
1417 662 1486 702 illa
1506 663 1548 702 in
1570 677 1673 702 con-

242 725 366 765 cione
399 739 484 765 non
518 722 642 763 unius
675 722 759 762 diei
793 722 1137 777 gratulationem,
1165 720 1235 760 sed
1271 718 1552 759 aeternitatem
1594 719 1673 758 im-

241 781 633 833 mortalitatemque
663 779 854 829 donavit,
877 793 975 820 cum
1006 792 1147 818 rnemn
1164 775 1467 832 jusjurandum
1495 775 1590 825 talc,
1613 784 1676 815 at-

243 852 326 892 que
359 837 728 891 tantum,juratus
762 835 866 890 ipse,
898 850 982 875 una
1015 849 1133 885 voce,
1156 846 1198 874 et
1229 846 1436 874 consensu
1465 832 1679 886 approba-

245 895 322 934 vit.
385 894 484 940 Quo
508 893 681 947 quidem
714 901 905 947 tempore
938 893 972 931 is
1001 907 1118 932 meus
1147 891 1322 931 domum
1348 889 1431 929 fuit
1452 903 1474 929 e
1498 888 1591 928 foro
1612 902 1678 928 re-

245 951 374 1000 dium,
398 960 445 990 ut
468 965 608 1000 nemo,
630 949 711 989 nisi
734 950 805 1003 qui
838 963 1006 988 mecum
1027 957 1150 998 esset,
1171 948 1329 988 civium
1353 960 1442 986 esse
1466 946 1506 986 in
1532 959 1680 986 nume-

248 1022 294 1048 ro
322 1007 545 1048 videretur.
607 1005 751 1061 Atque
784 1005 844 1045 ita
873 1014 937 1046 est
967 1020 992 1045 a
1021 1019 1088 1045 me
1117 1004 1361 1046 consulatus
1392 1012 1601 1058 peractus,
1632 1010 1679 1042 ut

249 1064 355 1105 nihil
377 1064 465 1104 sine
484 1063 663 1103 consilio
687 1061 993 1112 senatus‚niliil
1015 1075 1100 1102 non
1122 1061 1387 1116 approbante
1411 1059 1568 1114 populo
1590 1059 1678 1099 Ro-

139 1143 169 1175 p.
185 1137 235 1165 ει,
252 1136 376 1161 mano
398 1120 584 1175 egerim:
606 1128 652 1160 ut
670 1133 835 1175 semper
852 1120 893 1159 in
920 1118 1087 1158 Rostris
1106 1119 1282 1167 curiam,
1307 1117 1347 1156 in
1372 1126 1518 1157 senatu
1544 1130 1680 1172 popu-

206 1188 233 1208 a.
250 1178 337 1218 lum
368 1176 657 1218 defenderim:
690 1185 737 1217 ut
767 1175 1087 1216 multitudinem
1109 1189 1206 1215 cum
1241 1174 1519 1229 principibus,
1551 1186 1678 1228 eque-

203 1236 380 1283 4strem
401 1234 593 1275 ordinem
615 1247 715 1274 cum
735 1242 883 1274 senatu
905 1232 1221 1288 conjunxerim.
1282 1230 1475 1286 Exposui
1500 1231 1682 1271 breviter

253 1291 525 1333 consulatum
543 1305 701 1331 meum.

217 1360 241 1392 8
309 1348 433 1390 Aude
465 1362 593 1398 nunc,
627 1362 653 1388 ο
686 1346 811 1397 furia,
843 1346 895 1387 de
936 1356 1010 1387 tuo
1049 1345 1214 1386 dicere:
1246 1344 1368 1399 cujus
1394 1343 1476 1384 fuit
1511 1343 1683 1384 initium

256 1405 393 1446 ¹01udi
417 1404 720 1460 Compitalitii,
743 1413 834 1444 turn
858 1403 1042 1459 primum
1074 1402 1175 1442 facti
1200 1412 1296 1456 post
1321 1401 1368 1441 L.
1394 1400 1619 1442 Metellum
1641 1409 1687 1440 et

253 1462 311 1508 Q.
335 1461 568 1512 Marcium,
589 1461 800 1511 consules,
825 1469 975 1501 contra
1004 1459 1304 1499 auctoritatem
1337 1458 1463 1511 liujus
1494 1457 1684 1498 ordinis:

252 1534 361 1574 quos
393 1520 451 1566 Q.
475 1518 694 1569 Metellus,
716 1517 849 1571 (facio
884 1516 1080 1571 injuriam
1117 1515 1349 1556 fortissimo
1382 1516 1472 1555 viro
1504 1522 1689 1565 mortuo,

254 1577 327 1631 qui
351 1575 621 1630 illum‚cujus
641 1589 800 1631 paucos
824 1588 943 1629 pares
968 1574 1060 1613 haec
1082 1573 1232 1613 civitas
1252 1572 1364 1621 tulit,
1385 1587 1483 1612 cum
1508 1571 1586 1612 hac
1607 1571 1689 1611 im-

256 1642 442 1688 portuna
466 1632 604 1673 bellua
625 1631 878 1681 conferam‚)
901 1630 973 1671 sed
996 1630 1064 1670 illc
1085 1630 1331 1684 designatus
1354 1628 1517 1678 consul,
1541 1631 1573 1658 1¹
1590 1642 1689 1669 cum

256 1691 430 1745 quidam
463 1690 658 1730 tribunus
688 1688 837 1744 plebis,
861 1703 936 1728 suo
958 1687 1120 1727 auxilio
1145 1686 1421 1741 wmagistros
1444 1685 1564 1726 ludos
1587 1699 1690 1726 con-

258 1759 323 1788 tra
344 1746 759 1788 senatusconsultum
790 1745 928 1785 facere
952 1744 1164 1799 jussisset,
1190 1743 1378 1798 privatus
1412 1742 1502 1782 ficri
1529 1742 1690 1783 vetuit:

258 1815 386 1859 atque
409 1804 466 1853 id,
489 1803 605 1859 quod
626 1802 816 1843 nondum
851 1812 1061 1857 potestate
1093 1810 1275 1856 poterat,
1297 1801 1487 1840 obtinuit
1507 1799 1693 1840 auctori-

260 1870 361 1903 tate.
420 1860 501 1912 Tu,
533 1874 631 1902 cum
665 1859 758 1900 13in
792 1873 868 1900 111.
902 1858 1116 1899 Kalendas
1151 1857 1252 1899 Jan.
1281 1860 1316 1887 ¹4
1332 1856 1690 1912 Compitaliorum

302 1979 321 2008 9
344 1977 538 2004 conservatoe
552 1971 647 2012 reip]
662 1971 752 2001 Vidit
765 1981 848 2001 unus
859 1972 957 2002 Lam.

260 2017 368 2051 binus,
395 2016 447 2046 hic
474 2014 596 2054 aliquid
621 2014 742 2050 deesse,
770 2014 855 2044 unde
884 2015 958 2044 bene

259 2064 358 2097 gesta·
381 2063 414 2087 ct
445 2061 639 2087 conservatae
673 2057 755 2095 reip.
783 2055 958 2096 pendeant.

264 2102 336 2141 lpse
358 2102 458 2130 tacite
474 2098 597 2129 addidit
617 2098 835 2129 testimonium
860 2099 958 2134 dedis,

263 2147 304 2172 et.
321 2142 433 2172 malim
450 2151 564 2177 causa,
580 2140 681 2179 quod,
696 2150 753 2180 per
775 2141 960 2180 compendi-

263 2201 321 2222 um
337 2192 508 2232 scriptum,
519 2202 570 2229 (τι,
586 2191 680 2222 facile
695 2195 769 2231 post
782 2192 963 2231 reipublicoe

263 2234 412 2264 excidere
428 2235 546 2272 potuit.

313 2278 348 2305 10
372 2277 441 2305 lculi
463 2274 688 2315 (hnzpimlitiijl
715 2275 752 2305 In
767 2275 830 2305 Ms.
846 2275 962 2305 Ascon.

267 2317 376 2348 Graev.
392 2322 462 2347 erat
483 2317 678 2356 Compitalii,
701 2322 738 2346 ut
763 2318 906 2347 Faernus
930 2319 963 2347 in

268 2359 334 2389 suis
349 2361 479 2398 reperit.
501 2360 568 2388 dies
589 2359 823 2398 compitalicius
844 2366 892 2389 est
915 2365 965 2389 et-

269 2402 335 2431 iam
351 2401 390 2431 ad
406 2401 474 2432 Att.
490 2401 567 2437 vll,
581 2404 610 2434 7.

317 2445 347 2472 ll
375 2453 449 2473 cum
464 2443 597 2482 quidam
619 2441 737 2481 tr.pl.]
762 2442 799 2472 L.
823 2442 966 2472 Ninnius

271 2483 468 2524 Quadratus.
484 2494 511 2513 ν.
527 2485 615 2515 Sext.
633 2492 669 2513 Η.
714 2484 753 2513 In
769 2484 818 2513 ed.
835 2484 967 2514 Gruteri

272 2532 322 2556 est
336 2528 476 2565 quidem,
491 2532 528 2556 ut
552 2527 583 2556 in
607 2525 678 2557 edd.
696 2526 751 2556 W.
766 2531 800 2555 et
822 2536 851 2556 a.
879 2529 968 2556 1480.

273 2568 368 2598 male.
383 2579 458 2599 nam
482 2569 516 2598 in
538 2567 599 2598 hac
621 2567 761 2598 lectione
778 2569 968 2598 nonientri-

272 2609 351 2640 buni
366 2610 512 2641 additum
530 2620 597 2640 csse
609 2608 752 2640 deberet.

318 2655 354 2682 12
370 2653 545 2691 mag-istros
559 2650 689 2690 ludosf.
697 2650 745 2691 1]
764 2651 845 2681 Edd.
859 2657 892 2681 et
905 2661 965 2682 ser.

271 2693 415 2733 plerique
439 2694 562 2724 habent
585 2703 720 2732 magnos
745 2694 845 2728 ludos,
868 2694 966 2732 quod,

271 2736 348 2775 quia
362 2742 411 2766 est
426 2746 445 2766 a
457 2746 490 2766 re
504 2736 662 2771 alienum,
678 2744 790 2765 verum
809 2745 876 2765 esse
900 2746 966 2766 uon

273 2782 391 2817 potest.
401 2787 478 2808 nam
488 2777 706 2818 Compitalitii
717 2777 784 2807 ludi
798 2787 865 2807 non
875 2784 948 2807 sunl
958 2802 965 2810 ,

272 2819 327 2857 qui
345 2821 455 2859 magni
471 2819 637 2850 dicuntur.
682 2819 745 2850 Sed
766 2829 804 2850 ex
827 2820 967 2850 Asconio

274 2861 416 2893 Pediano
431 2861 603 2893 inductum
616 2866 666 2893 est
682 2862 868 2902 magistros,
883 2862 969 2901 quod

1001 1970 1055 2000 ille
1077 1970 1205 2009 quidem
1230 1970 1262 2000 in
1286 1974 1380 2000 textu
1404 1969 1569 2000 Ciceronis
1596 1968 1696 1999 habet

1002 2022 1148 2048 venenas,
1166 2012 1221 2042 sed
1243 2022 1310 2041 rem
1334 2011 1498 2051 explicans
1519 2011 1598 2042 dicit
1628 2022 1699 2042 ma·

1001 2056 1120 2092 gistros
1142 2055 1285 2084 vicorum
1307 2055 1415 2093 jussos
1442 2063 1509 2084 esse
1535 2054 1651 2091 facere,
1677 2064 1697 2084 a

1004 2097 1140 2126 Metello
1168 2096 1360 2136 prohibit05‚
1384 2096 1470 2135 quod
1491 2096 1627 2136 collegia
1648 2105 1697 2126 es—

1004 2144 1077 2168 sent
1092 2139 1221 2168 sublata
1235 2147 1308 2167 cum
1330 2139 1396 2167 suis
1419 2140 1592 2177 magistris.
1635 2139 1698 2168 Ac-

1005 2181 1101 2210 cessit
1117 2180 1231 2210 deinde
1252 2181 1313 2210 ΜΞ.
1331 2180 1398 2210 Erf.
1413 2185 1448 2209 et
1462 2180 1543 2210 Pau.
1558 2181 1700 2211 auctori-

1005 2228 1066 2252 tas.
1111 2223 1198 2261 Ergo
1221 2232 1286 2252 non
1306 2222 1450 2252 dubitavi
1472 2225 1612 2262 recipere
1629 2233 1699 2253 ma-

1005 2266 1144 2303 gistras,-
1169 2264 1222 2294 sed
1241 2266 1341 2294 etiam
1363 2268 1434 2293 erat
1456 2263 1639 2294 addendum
1654 2266 1701 2294 vi·

1006 2316 1129 2342 corum,
1146 2312 1182 2336 ut
1199 2306 1312 2344 Pighio
1334 2310 1368 2335 et
1388 2305 1542 2336 Abramio
1564 2306 1701 2345 placuit.

1008 2349 1178 2378 Manutius
1192 2348 1322 2377 volebat
1344 2348 1517 2386 magistros
1531 2348 1681 2379 ludorum
1692 2362 1701 2379 :

1009 2400 1076 2420 nun
1092 2391 1192 2420 bene:
1210 2399 1284 2419 nam
1300 2389 1361 2419 hoe
1376 2395 1425 2419 est
1439 2390 1534 2420 nimis
1551 2391 1701 2428 generale

1010 2442 1141 2462 nomen.
1195 2431 1262 2461 Suo
1283 2432 1406 2461 auxilio
1428 2431 1633 2462 referendum
1660 2433 1701 2463 ad

1008 2472 1130 2510 fite-ere.
1175 2473 1233 2502 Est
1255 2478 1366 2503 tamen
1393 2473 1445 2503 hic
1467 2473 1589 2513 aliquid
1610 2474 1702 2505 duri:

1011 2517 1253 2554 suspicatusque
1269 2515 1441 2554 aliquando
1455 2525 1527 2546 sum
1549 2516 1703 2547 excidisse

999 2558 1119 2597 fretos.

1058 2602 1092 2628 13
1115 2600 1150 2628 in
1173 2607 1224 2629 iu.
1250 2599 1330 2629 Kal.
1351 2598 1449 2638 dam]
1475 2599 1528 2630 Sic
1555 2600 1659 2631 voluit
1687 2611 1705 2632 e

1012 2641 1090 2671 Mss.
1107 2641 1182 2670 dare
1197 2642 1356 2671 Gruterus
1371 2653 1381 2678 ·‚
1403 2651 1511 2680 operae
1526 2651 1592 2672 non
1609 2653 1705 2683 paru-

1008 2688 1119 2718 erunt,
1136 2688 1169 2713 et
1194 2685 1227 2712 in
1250 2684 1403 2713 omisere:
1428 2683 1473 2713 sic
1495 2689 1529 2714 ct
1554 2684 1619 2716 MS.
1636 2684 1705 2716 Erf.

1009 2725 1072 2754 Sed
1094 2727 1140 2754 ita
1162 2731 1195 2755 et
1217 2725 1290 2755 edd.
1310 2735 1357 2765 pr.
1374 2725 1471 2756 Rom.
1487 2725 1593 2757 Wald.
1612 2729 1703 2758 1480.

1011 2771 1068 2797 &tn
1083 2766 1222 2797 habent:
1239 2777 1297 2797 nec
1311 2768 1480 2806 quisquam
1490 2769 1627 2799 notavit.
1644 2770 1708 2800 Ca-

1011 2819 1048 2840 su
1061 2809 1180 2839 excidit
1192 2810 1225 2838 in
1241 2809 1290 2839 ed.
1307 2811 1412 2840 nescio
1427 2820 1504 2849 qua,
1520 2811 1704 2841 recentiori.

1068 2854 1104 2882 14
1145 2851 1423 2892 cbmpuaciorum]
1461 2853 1515 2884 Sic
1548 2852 1621 2886 edd.
1657 2862 1707 2894 pr.
