1785 3185
404 113 751 153 PHILIPPICA
775 111 1255 162 TERTIADECIMA.
1447 113 1553 149 1429

107 218 262 266 afferet
283 218 455 274 aliquod
481 216 669 259 scelerati
693 217 880 258 hominis
901 217 1146 273 exemplum
1169 217 1177 257 ἔ
1229 213 1306 257 Cn.
1330 214 1550 269 Pompeius

110 274 232 332 ipse?
292 275 333 317 O
364 290 441 316 nos
473 284 631 330 turpes,
663 275 696 315 si
728 274 901 329 quidem
933 273 1016 315 Cn.
1049 273 1304 329 Pompeium
1335 275 1374 306 73
1390 271 1547 312 imitati

112 347 258 374 sumus
278 333 287 374 !
319 330 519 386 uutfilius
540 332 638 387 ejus,
658 334 699 365 7⁴
710 332 744 372 si
765 330 873 372 domi
887 329 1047 386 possit?
1077 331 1251 386 poterit,
1271 328 1376 370 mihi
1407 328 1591 369 crede.b·

112 405 212 431 nam
235 389 382 446 paucis
403 389 553 430 diebus
576 399 620 430 et
641 388 683 428 in
706 389 882 430 domuin
911 397 955 429 et
986 388 1028 428 in
1059 387 1207 428 hortos
1239 397 1436 441 paternos
1468 386 1549 426 iin-

108 447 328 504 migrabit.
356 453 556 501 postremo
592 446 750 502 negatis
777 459 920 500 pacem
952 459 1063 500 posse
1076 443 1194 498 fieri,
1227 444 1305 483 nist
1342 449 1414 482 ant
1453 442 1551 482 emi-

107 518 194 546 sero
232 502 426 554 Brutum,
458 510 532 544 aut
556 501 773 559 frumento
799 503 964 558 juvero.
1025 504 1065 536 75
1079 500 1164 542 Alii
1207 500 1318 541 istuc
1360 502 1551 555 negant?

107 575 193 617 ego
216 575 332 611 vero,
354 575 407 601 ne
426 561 460 601 si
492 561 574 601 ista
595 560 769 616 quidem
801 559 966 609 feceris,
990 572 1191 613 umquam
1224 566 1365 597 tecum
1398 569 1550 612 pacem

107 617 210 659 huic
252 617 418 660 civitati
458 617 645 658 futuram
687 627 806 672 put0.
848 615 979 672 qnid?
1014 615 1088 656 hoc
1123 614 1312 670 placetne
1348 613 1549 654 veteranis

107 673 232 724 istis?
261 674 406 731 quibus
433 673 564 716 adhuc
595 674 730 715 omnia
759 674 920 730 integra
947 679 1055 714 sunt.
1085 672 1193 714 nihil
1216 671 1301 712 vidi
1325 680 1410 711 tam
1436 670 1547 711 inte'-

109 747 251 788 grum,
272 746 401 788 quam
432 742 480 772 ut
509 745 760 788 oppugnare
791 731 1089 787 imperatorem
1112 728 1337 785 incipiant,
1363 727 1404 761 76
1417 742 1543 783 quem

111 798 233 830 tanto
256 788 397 830 studio
428 802 723 844 consensuque
753 787 1024 829 offenderint.
1055 787 1246 843 qnoniam
1275 799 1343 826 vos
1362 788 1401 818 77
1415 786 1606 826 assera-35

110 845 334 887 tationibus
364 852 402 887 et
432 845 638 887 venenatis
669 845 899 887 muner-ibus
930 845 1106 886 venistis.
1165 847 1204 878 78
1220 842 1457 899 Depravati
1496 857 1548 884 ac

109 903 300 959 corrupti
335 911 447 953 sunt,
469 903 625 959 quibus
661 917 908 959 persuasum
941 911 1020 953 est,
1054 901 1344 943 foedissimum
1378 900 1548 942 hostem

101 960 346 1016 justissimo
378 960 489 1001 bello
550 961 747 1015 ersequi?
777 967 823 1001 at
851 958 1050 1000 militibus
1077 958 1240 1000 inclusis
1271 971 1383 1012 opem
1402 955 1547 1013 fertis.

108 1017 219 1058 nilzz'l
237 1031 371 1058 moror
391 1031 452 1058 eos
471 975 600 1058 salios
629 1031 717 1069 esse,
739 1023 776 1058 et
805 1016 866 1058 ire
885 1031 963 1072 quo
979 1015 1164 1073 jubetis.-
1194 1015 1281 1056 79si
1310 1021 1444 1056 tamen
1467 1029 1549 1070 pa-

110 1074 273 1116 tiuntur
285 1074 422 1129 perire
442 1089 544 1126 enm,
566 1074 637 1131 qui
656 1074 817 1116 meruit.
865 1074 1008 1121 Quam
1032 1074 1216 1130 benigne
1235 1074 1242 1115 !
1274 1072 1460 1128 denique
1482 1072 1548 1114 usi

107 1130 365 1173 liberalitate
391 1131 572 1173 Antonii
603 1131 759 1173 milites
795 1131 1094 1188 imperatorem
1129 1130 1406 1185 reliquerunt,
1427 1138 1471 1172 et
1503 1144 1549 1171 se

109 1189 163 1230 ad
195 1189 363 1230 hostem
394 1198 511 1230 metu
544 1188 756 1245 perterriti
786 1188 1085 1230 contulerunt:
1117 1190 1243 1244 8⁰per
1263 1202 1371 1243 quos
1403 1187 1436 1227 si
1462 1197 1549 1228 ste-

110 1246 247 1298 tisset,
283 1261 369 1287 non
411 1245 635 1288 Dolabella
670 1246 786 1303 prius
825 1245 1074 1302 imperatori
1112 1260 1204 1296 suo,
1243 1259 1371 1300 quam
1406 1244 1548 1285 Anto-

111 1302 208 1344 nius
231 1304 361 1345 etiam
384 1303 563 1360 collegae
583 1313 860 1359 parentasset.
911 1301 1151 1344 Concordia}
1152 1301 1321 1359 factam
1342 1317 1418 1343 esse
1437 1316 1546 1343 men-
1556 1305 1609 1349 36,

111 1359 260 1402 tionem
288 1360 465 1402 scribitis
492 1362 538 1402 in
565 1367 720 1412 senata,
749 1368 786 1402 et
817 1360 969 1417 legatos
997 1374 1072 1402 esse
1104 1359 1329 1401 consulares
1356 1360 1547 1416 quinque.

110 1415 275 1472 difficile
297 1425 351 1459 est
373 1417 543 1469 credere,
566 1432 641 1470 eos,
663 1419 735 1474 qui
753 1432 815 1458 me
836 1417 1088 1473 praecipitem
1118 1418 1286 1474 egerint,
1309 1417 1550 1473 (equissimus

110 1474 359 1516 conditiones
375 1473 597 1531 ferentem,
630 1483 669 1516 et
703 1482 837 1516 tamen
868 1490 915 1516 ex
946 1475 1008 1516 his
1034 1474 1197 1530 aliquid
1216 1475 1417 1516 remittere
1437 1474 1548 1531 cogi-

110 1538 280 1584 tantem,
307 1539 473 1587 putare,
506 1532 667 1588 aliquid
696 1532 899 1574 moderate
936 1539 1010 1573 aut
1041 1531 1215 1573 humane
1247 1547 1322 1573 esse
1338 1531 1547 1587 facturos.
1560 1545 1590 1576 1³·
1608 1537 1680 1568 255.

108 1589 179 1630 ὀἰκ
200 1589 323 1639 etiam
344 1588 558 1631 verisimile
574 1597 643 1641 est,
662 1591 734 1646 qui
741 1589 1026 1646 judicaverint
1043 1589 1192 1630 hostem
1214 1588 1480 1630 Dolabellam
1499 1589 1548 1630 ob
1561 1590 1590 1610 a.

109 1647 370 1688 rectissimum
386 1645 574 1702 facinus,
597 1647 747 1688 eosdem
777 1647 891 1687 nobis
914 1661 1083 1702 parcere
1104 1661 1231 1702 posse,
1253 1646 1356 1687 idem
1376 1647 1550 1688 sentien-

110 1703 232 1745 tibus.
295 1704 509 1745 Parumne
532 1704 699 1746 videtur
729 1705 922 1746 omnium
955 1703 1194 1745 facinorum
1227 1704 1307 1745 sibi
1334 1719 1432 1746 cum
1456 1703 1550 1745 Do-

107 1759 262 1802 labella.
292 1762 542 1803 societatem
573 1761 724 1802 initam
754 1761 979 1803 confiteri?
1010 1776 1153 1802 nonne
1174 1761 1363 1812 cernitis,
1385 1776 1438 1803 ex
1463 1776 1549 1803 uno

110 1817 232 1859 fonte
254 1819 400 1860 omnia
420 1819 579 1860 scelera
600 1821 796 1861 manare?
829 1818 926 1875 [pse
949 1819 1133 1874 denique
1155 1818 1328 1869 fatetur,
1352 1819 1434 1860 hoc
1456 1819 1552 1874 qui-

110 1875 208 1918 dem
231 1876 334 1917 satis
354 1886 495 1927 acute,
516 1890 603 1917 non
629 1891 750 1932 posse
770 1891 858 1927 eos,
879 1876 953 1931 qui
984 1876 1150 1918 hostem
1183 1875 1454 1918 Dolabellam
1478 1877 1553 1932 ju-

151 2018 193 2050 73
208 2016 373 2047 imitaturi
387 2016 513 2056 summ]
532 2017 585 2047 Sic
599 2015 672 2047 edd.
684 2025 808 2047 omnes.

111 2059 246 2090 Correxi
261 2059 384 2090 imitati
398 2069 520 2089 sumus.
535 2066 585 2090 est
599 2060 688 2089 enim
704 2068 810 2089 sermo

109 2102 150 2132 de
165 2101 353 2142 praeteritis,
370 2100 720 2141 1>rabavtstis,ficistis.
767 2101 810 2131 Et

110 2145 156 2174 sic
171 2154 189 2175 e
205 2142 284 2173 cod.
300 2148 365 2173 vet.
382 2148 535 2174 notatum
555 2144 660 2184 reperi
682 2143 716 2173 in
733 2144 809 2174 Var.

110 2186 187 2217 leet.
203 2185 394 2216 Graevianis.

152 2231 194 2263 74
214 2229 242 2258 si
268 2227 354 2258 domi
372 2227 487 2268 possit]
517 2227 659 2263 Excidit,
681 2228 810 2267 opinor,

108 2281 173 2301 esse
185 2282 194 2300 .·
224 2270 310 2309 quod
339 2272 510 2308 sequentia
539 2270 724 2304 desiderant
738 2282 744 2299 :
777 2272 812 2300 'in

111 2315 245 2344 domum
258 2313 473 2351 immigrabit.

151 2359 192 2389 75
222 2355 291 2386 Alii
325 2356 410 2385 istnc
435 2358 560 2394 negant
572 2353 602 2393 ?]
637 2354 709 2384 Hoc
737 2355 812 2386 nul-

112 2398 182 2428 lum
196 2406 326 2427 sensum
340 2398 549 2428 commodum
563 2396 673 2427 habet.
697 2398 811 2429 Cicero

113 2440 260 2480 scripsit:
285 2439 353 2469 Alii
367 2441 451 2470 istnc·
465 2443 592 2478 negent.

147 2483 196 2516 *76
217 2486 316 2521 quem·
333 2485 358 2512 t.
380 2486 420 2511 st.
444 2484 471 2512 c.
493 2480 700 2522 intenderint]
734 2482 811 2513 Flu-

111 2530 230 2556 emant
246 2523 319 2553 libri
335 2523 423 2553 inter
444 2523 638 2564 qffenderint
653 2531 686 2555 et
703 2525 810 2565 defen-

111 2567 232 2597 derint.
269 2565 356 2596 Illud
370 2575 484 2596 verum
500 2572 560 2597 est.
597 2567 704 2598 Verba
718 2572 811 2599 tanto

111 2609 218 2640 studio
245 2616 456 2648 consensuque
484 2608 683 2650 deceperunt
713 2610 811 2641 libra-

112 2652 191 2686 rios,
206 2655 246 2680 ut
260 2647 462 2689 defenderint
479 2651 657 2681 scriberent
681 2663 739 2692 pro
762 2652 809 2691 ‹pf-

99 2693 288 2733 fcnderint.
333 2691 411 2722 Non
431 2693 661 2732 intelligebant
678 2704 747 2725 csse
763 2695 810 2725 di-

109 2742 206 2766 ctum
221 2735 306 2777 «παρὰ.
319 2733 499 2777 προσδοκίαν.
544 2735 692 2767 Debebat
707 2736 813 2767 dicere

112 2778 328 2817 reliqum-unt,
343 2782 381 2808 ut
396 2782 471 2818 po'st
482 2777 574 2813 dicit,
589 2787 635 2808 sc.
651 2779 731 2818 imp.
745 2779 812 2813 An-

111 2821 243 2851 tonium
258 2831 266 2849 ι
290 2819 372 2850 dixit
387 2829 445 2860 pro
460 2829 499 2850 eo
513 2819 718 2860 rffinderz'nl.

154 2865 194 2896 77
217 2870 250 2894 α.
264 2865 299 2893 et
309 2872 340 2893 v.
355 2871 401 2894 m.
416 2862 562 2903 venistis]
588 2862 736 2894 Pertinet
753 2861 814 2895 hoc

852 2015 892 2047 ad
915 2015 1038 2053 laudes,
1053 2016 1193 2048 honores
1216 2021 1249 2047 et
1270 2017 1416 2058 praemia,
1435 2018 1552 2057 quibus

851 2059 911 2098 ipsi
942 2065 974 2089 et
998 2061 1098 2090 ceteri
1120 2071 1140 2090 a
1161 2065 1278 2090 senatu
1304 2060 1412 2090 affecti
1442 2066 1551 2098 erant,

852 2101 891 2131 de
905 2102 1020 2139 quibus
1037 2101 1093 2132 Or.
1110 2103 1148 2134 V.
1165 2102 1208 2132 X.

894 2146 933 2176 78
958 2142 1156 2182 Deprcwatl,
1172 2155 1215 2175 an
1232 2144 1332 2184 corr.]
1356 2144 1408 2175 Sic
1431 2145 1552 2176 Grute-

852 2194 919 2221 rus,
948 2185 1077 2216 Graevio
1102 2187 1274 2226 probante.
1319 2187 1432 2217 Lectio
1458 2193 1551 2218 vetus

854 2232 903 2257 est
918 2232 977 2258 aut
989 2237 1073 2259 corr.
1097 2229 1160 2259 Sed
1174 2238 1232 2259 nec
1247 2229 1309 2259 hoc
1322 2239 1444 2260 verum.
1459 2230 1551 2269 depr.

854 2276 889 2299 et
904 2280 986 2300 corr.
1000 2279 1181 2311 synonyma
1193 2278 1283 2307 sunt,
1300 2271 1410 2310 itaque
1421 2282 1480 2302 nec
1492 2277 1552 2302 aut

855 2320 915 2342 nec
937 2322 983 2342 an
997 2323 1110 2343 verum
1132 2322 1200 2344 esse
1222 2319 1344 2353 potest,
1361 2314 1552 2354 legendum-

853 2364 915 2394 que
930 2365 981 2385 ae.

895 2400 936 2431 79
956 2398 984 2426 si
1012 2397 1139 2437 tamen]
1174 2397 1213 2428 In
1245 2398 1325 2429 Mss.
1356 2398 1551 2437 quibusdam

853 2443 903 2469 est
928 2442 1165 2477 tantummodo,
1181 2441 1267 2480 quod
1293 2440 1417 2482 placuit
1440 2441 1552 2473 Ferra-

853 2482 913 2517 rio,
942 2482 1062 2522 recepit
1092 2489 1127 2513 et
1156 2483 1314 2513 Graevius.
1343 2483 1390 2513 nil
1431 2483 1551 2515 differt.

853 2524 915 2554 Sed
927 2529 1037 2555 lamen
1047 2529 1097 2555 est
1111 2525 1307 2564 elegantius,
1318 2535 1405 2560 eum,
1418 2526 1474 2565 qui
1486 2536 1552 2556 me·

852 2568 934 2603 ruit,
958 2567 1019 2596 int.
1043 2567 1086 2597 D.
1104 2568 1260 2605 Brutum,
1275 2568 1329 2607 qui
1353 2575 1428 2608 post
1449 2568 1553 2609 impe·

854 2614 944 2639 rator
959 2608 1090 2639 dicitur.

896 2654 937 2681 80
953 2660 1016 2689 per
1042 2661 1119 2690 quos
1145 2652 1172 2681 si
1199 2661 1263 2681 ‘non
1291 2651 1439 2690 stetisset]
1464 2651 1553 2691 Quid

853 2692 915 2723 hoc
929 2694 1000 2723 est?
1048 2693 1155 2723 Immo
1169 2704 1232 2724 non
1247 2693 1431 2723 delendum.
1472 2694 1554 2724 Mox

855 2734 1088 2774 imperatorem
1117 2735 1300 2766 Dolabellae
1329 2741 1363 2766 et
1392 2735 1554 2775 collegam

856 2778 996 2807 Antonii
1018 2777 1167 2817 intellige
1189 2779 1363 2809 Caesarem.
1380 2781 1555 2816 parentas-

854 2823 914 2856 δεῖ,
942 2819 1118 2850 Dolabella
1142 2820 1229 2852 caede
1253 2819 1423 2857 Trebonii,
1450 2820 1555 2851 Anto-

857 2862 929 2892 nius
946 2862 989 2893 D.
1002 2862 1109 2893 Bruti.
