1769 3174
266 101 366 136 ιοσε
653 153 655 155 „
859 97 1108 139 oRATlo

260 199 334 255 qui
365 200 615 243 memoriam
645 200 862 257 publicam
893 204 979 245 suis
1009 204 1206 246 manibus
1239 204 1444 258 incendit,
1474 205 1695 250 hominem

260 257 352 297 sine
384 272 443 310 re,
475 255 566 300 sine
599 259 697 310 fide,
730 260 820 301 sine
853 275 942 317 spe,
977 261 1066 302 sine
1104 262 1216 313 sede,
1249 263 1340 304 sine
1373 263 1572 317 fortunis,
1605 279 1693 317 ore,

257 312 420 369 lingua,
458 329 602 367 manu,
638 317 728 357 vita
762 319 881 359 omni
914 319 1210 373 inquinatum3
1241 320 1313 374 qui
1356 320 1500 363 Catuli
1541 336 1694 364 monu-

255 381 450 413 mentum
473 373 644 424 afflixit,
666 387 805 415 meam
827 375 1002 416 domum
1024 376 1170 427 diruit,
1193 377 1276 417 mei
1309 376 1450 419 fratris
1475 378 1691 431 incendit;

255 427 330 482 qui
362 428 406 469 in
438 429 606 471 Palatio
637 440 765 485 atque
795 432 836 472 in
869 432 986 473 urbis
1017 433 1151 473 oculis
1175 433 1347 475 servitia
1369 435 1420 475 ad
1443 436 1623 487 caedem,
1647 445 1692 477 et

254 483 606 528 inflammandam
628 489 777 528 urbem
799 489 1021 530 incitavit:
1055 489 1098 529 in
1120 504 1170 530 ea
1191 491 1366 531 civitate
1388 506 1441 532 ne
1463 493 1689 547 patiamini

253 540 375 584 illum
396 544 641 585 absolutum
672 544 870 586 muliebri
902 546 1055 600 gratia,
1081 545 1147 586 M.
1174 546 1365 588 Coelium
1396 548 1565 590 libidini
1596 564 1690 590 mu-

252 597 375 641 liebri
397 602 712 642 condonatum:
745 616 799 642 ne
824 602 972 643 eadem
994 603 1144 644 mulier
1169 603 1205 633 ¹⁶
1219 618 1316 644 cum
1339 619 1415 645 suo
1437 605 1624 662 conjuge
1645 615 1689 647 et

252 655 398 708 fratre,
432 658 726 714 turpissimum
764 658 972 700 latronem
1009 660 1229 715 eripuisse,
1262 669 1305 700 et
1339 661 1687 704 honestissimum

189 721 239 763 79
252 713 565 755 adolescentem
587 716 848 770 oppressisse
872 717 1079 757 videatur.
1141 717 1270 763 Quod
1293 732 1391 758 cum
1414 718 1542 773 hujus
1565 720 1687 761 vobis

250 770 582 812 adolescentiam
608 774 930 828 proposueritis,
952 774 1252 815 constituitote
1273 776 1396 816 vobis
1418 786 1517 816 ante
1539 776 1685 817 oculos

247 827 378 868 etiam
410 829 537 884 hujus
568 830 711 870 miseri
742 839 1021 882 senectutem,
1043 832 1114 886 qui
1143 831 1274 872 17hoc
1305 833 1433 873 unico
1464 832 1552 874 filio
1584 833 1685 874 niti-

246 892 332 936 tur,
352 885 395 926 in
418 885 546 942 hujus
569 900 643 942 spe
665 887 908 941 requiescit,
928 888 1056 942 hujus
1082 887 1203 928 unius
1227 903 1371 929 casum
1395 890 1680 945 pertimescit:

245 955 373 996 quem
399 958 472 983 vos
504 943 742 999 supplicem
774 953 926 986 vestras
956 945 1275 995 misericordiae,
1310 949 1344 977 12
1360 961 1527 988 servum
1559 957 1681 1003 pote-

245 999 384 1050 statis,
406 1000 625 1055 abjectum
646 1015 734 1041 non
758 1009 844 1042 tam
876 1002 929 1042 ad
962 1002 1103 1058 pedes,
1126 1016 1255 1056 quam
1277 1002 1329 1043 ad
1353 1018 1491 1045 mores
1513 1018 1679 1044 sensus-

244 1069 330 1110 que
350 1066 528 1108 vestros,
550 1056 617 1098 vel
638 1058 934 1100 recordatione
964 1069 1189 1115 parentum
1211 1068 1462 1110 vestrorum,
1487 1061 1549 1102 vel
1573 1060 1678 1102 libe-

199 1118 231 1151 b.
244 1126 388 1154 rorum
404 1113 680 1168 jucunditate
702 1124 964 1159 sustentate:
991 1126 1039 1157 ut
1060 1116 1104 1156 in
1126 1116 1298 1158 alterius
1321 1117 1480 1168 dolore,
1500 1118 1564 1159 vel
1587 1118 1677 1174 pie-

243 1170 338 1221 tati,
360 1170 427 1211 vel
458 1171 739 1228 indulgentiae
761 1182 915 1215 vestrae
946 1173 1154 1214 serviatis.
1215 1173 1377 1224 Nolite,
1395 1174 1579 1229 judices,
1602 1184 1676 1216 aut

239 1225 357 1268 hunc
380 1227 476 1283 jam
505 1237 658 1271 natura
680 1230 773 1287 ipsa
792 1230 1077 1280 occidentem,
1099 1229 1204 1271 velle
1225 1232 1431 1271 maturius
1453 1233 1674 1288 exstingui

239 1283 413 1325 vulnere
434 1294 591 1337 vestro,
613 1301 740 1342 quam
762 1302 838 1328 suo
864 1287 978 1330 fato:
1010 1295 1085 1329 aut
1114 1287 1228 1328 hunc
1251 1302 1364 1329 nunc
1387 1288 1571 1344 primum
1595 1290 1673 1330 flo-

237 1351 489 1393 rescentem,
512 1343 787 1399 firmatajam
810 1345 941 1401 stirpe
960 1344 1144 1396 virtutis,
1168 1353 1386 1399 tamquam
1407 1346 1575 1388 turbine
1596 1346 1672 1386 ali-

173 1400 339 1452 SOquo,
360 1407 434 1440 aut
456 1400 599 1441 subita
618 1409 871 1456 tempestate
894 1411 1148 1458 pervertere.
1210 1400 1473 1444 Conservate
1504 1403 1668 1459 parenti

235 1454 387 1507 filium,
413 1466 630 1512 parentem
662 1458 776 1500 filio:
808 1473 862 1499 ne
883 1469 958 1500 aut
981 1462 1018 1493 ¹9
1032 1466 1293 1500 senectutem
1319 1459 1411 1515 jam
1441 1474 1575 1516 prope
1595 1460 1668 1501 de-

234 1522 447 1567 speratam
475 1516 769 1567 contemsisse,
792 1524 866 1556 aut
894 1515 1224 1558 adolescentiam
1256 1516 1422 1571 plenam
1457 1518 1547 1573 spei
1578 1532 1667 1558 ma-

231 1569 380 1621 ximae,
403 1585 488 1611 non
506 1572 634 1612 modo
658 1587 742 1613 non
765 1573 918 1614 aluisse
936 1588 1026 1625 VOS,
1046 1574 1118 1615 sed
1140 1573 1269 1614 etiam
1292 1573 1520 1629 perculisse
1537 1583 1665 1630 atque

231 1626 436 1668 afflixisse
460 1628 706 1670 videamini.
746 1630 889 1676 Quem
912 1631 944 1671 si
968 1631 1105 1681 vobis,
1128 1630 1162 1671 si
1186 1630 1286 1682 suis,
1309 1633 1348 1662 ‘20
1363 1631 1395 1671 si
1419 1632 1666 1688 reipublicae

228 1685 507 1736 conservatis,
530 1686 764 1737 addictum,
786 1687 993 1739 deditum,
1016 1688 1271 1728 obstrictum
1295 1688 1414 1728 vobis
1440 1704 1489 1729 ac
1520 1689 1663 1729 liberis

228 1741 379 1782 vestris
411 1742 626 1784 habebitis
646 1760 655 1785 :
688 1744 967 1800 omniumque
997 1744 1124 1800 hujus
1147 1758 1374 1785 nervorum
1396 1760 1445 1786 ac
1468 1745 1659 1787 laborum

227 1811 303 1838 vos
337 1799 624 1854 potissimum,
650 1800 836 1857 judices,
866 1801 1030 1844 fructus
1063 1803 1212 1843 uberes
1245 1802 1556 1858 diuturnosque
1591 1817 1661 1844 ca-

223 1854 366 1910 pietis.

266 1989 305 2020 16
327 2000 401 2022 cum
414 2001 471 2022 suo
484 1990 623 2032 conjuge
636 1990 800 2032 etfratre]
822 1992 917 2023 Unus
959 1996 1022 2030 est,
1038 2002 1097 2033 pro
1113 1993 1291 2023 obnoxium
1310 1994 1466 2033 potestati
1483 2000 1611 2027 vestrae.

221 2035 256 2062 et
270 2031 355 2062 idem
372 2034 406 2063 P.
423 2034 556 2064 Clodius
570 2033 820 2073 intelligendus:
838 2045 917 2074 quo·
1008 2038 1043 2069 19
1064 2045 1130 2065 sen.
1142 2034 1221 2075 jam
1240 2046 1341 2076 prope
1355 2037 1574 2077 desperatam]
1602 2038 1655 2069 In.

221 2083 296 2103 cum
319 2074 441 2106 inceste
457 2076 585 2107 vivebat
608 2076 734 2107 Clodia.
777 2077 856 2107 Mox
878 2076 917 2107 ad
959 2077 1096 2116 telligo:
1121 2077 1154 2108 in
1182 2088 1245 2117 qua
1269 2088 1366 2118 prope
1395 2078 1485 2109 nulla
1509 2089 1580 2120 spes
1606 2087 1655 2111 est

219 2116 373 2155 eripuisse
385 2117 509 2157 legibus
524 2123 558 2149 et
573 2129 677 2159 poenae
687 2129 716 2150 v.
733 2117 822 2150 Clav.
837 2120 870 2149 in
883 2119 916 2150 h.
960 2120 1117 2159 longioris
1144 2120 1231 2150 vitae.
1255 2121 1316 2150 nisi
1342 2119 1434 2151 malis
1459 2121 1499 2151 ad
1523 2131 1654 2153 causam

220 2167 240 2186 v
957 2166 1153 2201 przesentem
1183 2163 1312 2199 referre,
1341 2172 1412 2201 quae
1442 2163 1524 2193 nihil
1554 2174 1653 2204 prope

265 2202 301 2233 17
325 2201 381 2230 Izoc
397 2202 490 2231 unico
499 2201 589 2242 filio]
609 2203 629 2233 i.
646 2213 675 2233 e.
692 2203 818 2243 optimo
833 2203 914 2235 filio.
957 2204 1033 2234 boni
1058 2213 1197 2244 sperare,
1223 2204 1376 2235 ultimum
1400 2205 1522 2236 malum
1540 2206 1574 2236 in
1592 2207 1652 2237 filii

218 2241 281 2271 Sed
293 2241 421 2273 videtur
436 2243 608 2282 legendum
622 2255 698 2281 uno,
713 2250 749 2274 ut
764 2250 838 2285 post
852 2250 914 2284 est,
957 2246 1058 2276 exitio
1072 2247 1179 2276 timet.

218 2282 318 2323 hujus
339 2287 435 2315 unius
451 2295 575 2316 casum.
619 2288 710 2327 Saepe
732 2288 766 2317 in
792 2288 853 2318 hoc
877 2289 915 2318 li·
1000 2290 1040 2320 90
1062 2290 1089 2318 si
1103 2288 1309 2327 conservatis]
1327 2288 1426 2318 Fero:
1452 2289 1506 2319 sed
1521 2289 1650 2330 elegan-

218 2325 315 2355 brarii
331 2332 521 2366 peccarunt,
536 2332 575 2358 ut
586 2329 657 2367 jam
674 2329 860 2360 notavimus
875 2330 914 2361 ad
958 2330 1023 2359 tius
1044 2334 1077 2360 et
1097 2331 1261 2361 Ciceronis
1286 2331 1512 2361 consuetudini
1534 2342 1650 2363 conve-

218 2366 311 2398 verr.
330 2368 357 2406 1,
373 2372 423 2399 41.
452 2369 547 2400 Rose.
564 2370 602 2401 A.
624 2373 669 2401 14.
687 2375 770 2401 extr.
959 2373 1102 2402 nientius
1130 2372 1214 2402 foret
1248 2373 1484 2410 conservaritis,
1513 2385 1530 2405 e
1558 2376 1649 2415 cujus

262 2412 298 2440 18
325 2421 457 2443 servum
478 2413 663 2453 potestatis]
693 2414 824 2446 Durum
852 2413 914 2446 hoc
957 2414 1150 2455 compendio
1166 2414 1245 2445 illud
1261 2415 1345 2445 nasci
1362 2416 1479 2454 potuit.
