1785 3185
216 91 315 129 1428
782 83 1033 122 ORATIO

216 190 310 240 tite,
335 198 475 245 patres
499 188 748 246 conscripti,
771 203 899 244 quam
923 188 977 230 sit
1007 187 1109 245 huic
1140 187 1388 244 reipublicae
1420 198 1544 231 natus
1575 189 1654 230 ho·

217 247 293 287 stis
312 246 543 297 Antonius,
557 247 629 302 qui
653 256 874 302 tantopere
896 260 988 286 eam
1009 245 1229 286 civitatem
1252 245 1403 298 oderit,
1423 261 1550 303 quam
1574 248 1656 287 scit

138 294 318 349 16huic
342 304 588 359 reipublicae
612 317 776 360 semper
800 303 928 344 fuisse
950 302 1267 342 amicissimam.
1298 302 1508 345 Neminem
1526 302 1655 344 Pom-

207 361 419 417 peianum,
441 360 512 416 qui
542 360 669 411 vivat,
699 362 737 395 67
753 367 884 401 tenere
914 358 999 415 lege
1030 357 1178 399 Hirtia
1209 359 1460 414 dignitates?
1520 360 1652 406 Quis-

214 417 453 474 quamjam
475 418 514 449 63
527 417 632 474 legis
668 417 823 458 Hirtiae
856 416 1117 457 mentionem
1152 414 1282 457 facit?
1313 416 1434 472 cujus
1464 432 1548 458 non
1572 417 1653 458 mi-

214 490 296 516 nus
327 475 511 516 arbitror
542 474 718 516 latorem
753 475 905 529 ipsum,
933 487 1060 528 quain
1091 486 1178 520 eOS,
1200 473 1252 513 de
1273 474 1428 528 quibus
1460 474 1545 515 lata
1574 485 1655 523 est,

217 532 459 589 poenitere?
494 531 700 582 Omnino,
722 545 817 571 mea
838 531 1010 586 quidem
1034 530 1257 580 sententia,
1282 530 1418 586 legem
1443 530 1555 572 illam
1578 545 1654 586 ap-

217 588 375 645 pellare
398 588 460 630 fas
483 603 568 629 non
590 599 678 630 est:
711 596 768 638 et,
791 597 836 628 ut
860 588 915 628 sit
936 586 1020 637 lex,
1045 600 1130 626 non
1153 586 1356 628 debemus
1380 587 1493 628 illam
1518 587 1652 629 Hirtii

218 647 359 702 legem
409 655 572 702 putare.
632 646 672 679 69
684 643 919 699 Apuleiana
954 643 1130 698 pecunia
1174 642 1353 685 Brutum
1394 644 1654 685 subornastis.

222 703 356 754 Quid,
379 703 413 743 si
445 703 644 743 omnibus
676 702 762 743 suis
793 702 929 757 copiis
952 700 1231 742 excellentem
1257 701 1392 742 virum
1415 700 1656 757 respublica

221 761 457 801 armasset?
488 773 615 814 quein
647 759 819 800 tandem
854 760 1013 799 bonum
1036 758 1298 813 poeniteret?
1329 773 1406 800 nec
1429 759 1543 799 enim
1566 757 1657 798 sine

223 817 406 873 pecunia
425 817 663 858 exercitum
686 817 810 867 alere,
828 830 906 856 nec
926 815 1016 856 sine
1037 815 1228 855 exercitu
1254 814 1427 856 fratrem
1448 825 1566 856 tuum
1587 829 1658 855 ca·-

160 893 210 927 33
227 877 323 930 pere
356 873 580 929 potuisset.
643 873 786 914 Securi
815 887 1015 927 percussos
1042 871 1257 913 TOPa‘tum
1290 879 1328 913 et
1362 872 1658 921 Blenedemum,

223 931 390 973 civitate
421 930 603 977 donatos,
635 937 673 971 et
702 929 871 984 hospites
904 928 1086 979 Caesaris,
1116 928 1325 970 laudastis.
1386 933 1418 963 71
1439 930 1540 970 Non
1571 929 1662 970 lau-

223 989 434 1038 davimus,
456 988 570 1042 quod
606 1002 658 1028 ne
687 986 927 1027 audivimus
949 986 1136 1042 quidem.
1161 987 1280 1027 valde
1312 987 1425 1027 enim
1459 986 1582 1027 nobis
1615 987 1658 1025 in

224 1055 345 1086 tanta
365 1044 689 1101 perturbatione
712 1043 959 1100 reipublicae
982 1043 1034 1084 de
1055 1044 1222 1084 duobus
1246 1044 1514 1099 nequissimis
1535 1043 1660 1084 Grae-

89 1123 121 1154 p.
139 1113 211 1144 254.
225 1101 330 1144 culis
369 1102 648 1158 cogitandum
691 1100 787 1142 fuit.
852 1100 1160 1155 Theopompum,
1193 1100 1358 1150 nudum,
1393 1100 1597 1155 expulsum
1632 1114 1658 1139 a

181 1165 210 1185 ἃ·
227 1159 441 1210 Trebonio,
461 1156 676 1215 coyficgere
698 1157 996 1199 Alexandriam
1016 1157 1308 1214 wneglesiscis.
1341 1157 1554 1213 Magnum
1577 1157 1659 1198 cri·

222 1232 321 1258 men
345 1225 529 1257 senatus.
553 1216 605 1257 de
635 1214 934 1271 Theopompo,
957 1229 1124 1255 summo
1156 1215 1343 1265 homine,
1367 1215 1659 1271 negleximus:

222 1274 297 1329 qui
321 1273 393 1315 ubi
418 1283 624 1314 terrarum
651 1273 720 1324 sit,
741 1272 844 1327 quid
874 1281 990 1328 agat,
1014 1273 1130 1312 vivat
1161 1272 1359 1327 denique,
1381 1287 1434 1312 an
1467 1280 1660 1312 mortuus

223 1333 293 1382 sit,
320 1331 415 1386 quis
449 1341 524 1371 aut
559 1330 654 1381 scit,
676 1341 749 1370 aut
782 1333 933 1372 curat?
995 1328 1084 1370 Ser.
1111 1328 1291 1370 Galbam
1325 1329 1457 1370 eodem
1483 1328 1664 1385 pugione

220 1388 465 1430 succinctum
487 1388 530 1428 in
552 1387 691 1428 castris
714 1386 869 1427 videtis
927 1385 1050 1427 Nihil
1073 1386 1149 1427 tibi
1174 1386 1225 1427 de
1245 1387 1386 1428 Galba
1408 1385 1661 1442 respondeo,

222 1444 458 1487 fortissimo
494 1454 537 1485 et
568 1444 917 1491 constantissimo
952 1443 1073 1485 cive:
1105 1458 1248 1485 coram
1287 1444 1436 1485 aderit.
1475 1456 1662 1500 praesens

222 1503 304 1543 tibi
340 1511 383 1543 et
419 1502 524 1558 ipse,
563 1511 606 1543 et
645 1501 728 1551 ille,
760 1515 888 1555 quenl
929 1501 1162 1550 insimulm,
1197 1501 1329 1556 pugio
1368 1499 1660 1556 respondebit.

221 1558 369 1600 milites
397 1566 470 1600 aut
499 1573 614 1609 meos,
645 1565 718 1599 aut
739 1565 945 1599 veteranos
965 1558 1234 1609 contraxistis,
1258 1565 1464 1614 tamquam
1495 1557 1550 1598 acl
1577 1556 1662 1613 exi-

223 1617 326 1658 tium
347 1630 496 1666 eoram,
519 1616 590 1671 qui
614 1613 809 1657 Caesarem
840 1614 1082 1655 occiderant.
1105 1622 1142 1656 et
1174 1614 1322 1656 eosdem
1353 1630 1422 1656 uec
1453 1615 1664 1669 opinantes

223 1674 280 1716 ad
310 1672 514 1730 qzcccstoris
543 1672 619 1723 sui,
652 1680 724 1714 aut
756 1671 1023 1727 imperatoris,
1049 1679 1121 1712 aut
1155 1672 1469 1715 commilitonum
1500 1685 1663 1713 suorum

215 1731 404 1787 pericula
444 1729 673 1785 impulistis.
742 1730 916 1770 Scilicet
959 1729 1087 1769 verba
1135 1730 1344 1780 dedimus,
1386 1729 1661 1785 decepimus:

223 1788 454 1844 ignorabat
474 1787 588 1844 legio
613 1786 790 1837 Martia,
809 1796 960 1841 quarta
980 1803 988 1828 :
1022 1801 1100 1827 nec
1123 1787 1314 1827 sciebant
1338 1787 1542 1837 veterani,
1559 1784 1662 1841 quid

224 1854 436 1902 ageretur.
467 1859 554 1885 non
587 1844 646 1884 illi
679 1854 848 1884 senatus
874 1844 1297 1894 :.1uct01·itate1u,non
1322 1843 1559 1884 libertatern
1587 1857 1664 1898 po-

223 1903 314 1958 puli
357 1902 542 1942 Romani
581 1902 896 1956 sequebantur:
932 1900 1114 1941 Caesaris
1146 1910 1329 1941 mortem
1367 1900 1514 1942 ulcisci
1549 1899 1665 1941 vole-

226 1960 347 2011 bant,
365 1973 493 2014 quam
517 1973 664 2000 omnes
687 1958 859 1999 fatalem
882 1957 1012 1998 fuisse
1034 1958 1375 1999 arbitrabantur:
1401 1967 1441 1999 te
1465 1957 1665 1998 videlicet

148 2010 214 2064 17
229 2017 406 2067 salvum,
431 2017 618 2067 beatum,
642 2016 865 2056 florentem
900 2030 991 2056 esse
1023 2015 1269 2072 cupiebant.
1332 2014 1372 2056 O
1404 2015 1532 2057 miser
1565 2028 1664 2056 cum

163 2082 286 2126 341·e,
310 2083 401 2114 tum
433 2073 517 2114 hoc
552 2074 659 2128 ipso,
682 2073 796 2128 quod
828 2088 912 2113 non
947 2073 1090 2123 sentis,
1114 2087 1240 2127 quam
1276 2073 1403 2114 miser
1436 2072 1517 2114 sis!
1581 2071 1664 2112 Sed

226 2131 466 2172 maximum
497 2130 658 2171 crimen
691 2130 849 2170 audite.
881 2129 1050 2185 denique
1071 2130 1172 2185 quid
1198 2144 1278 2170 non
1308 2136 1381 2171 aut
1404 2128 1666 2184 probavistis)

225 2195 298 2230 aut
324 2186 521 2245 fecistis?
551 2186 651 2244 quid
672 2185 833 2244 jaciat,
863 2187 897 2227 si
929 2186 1174 2229 reviviscat?
1203 2187 1332 2243 quis?
1373 2186 1500 2229 credo
1533 2185 1664 2236 enim,

224 2317 274 2347 dit
287 2328 305 2347 e
319 2316 408 2347 libris
424 2326 486 2348 ser.
503 2317 766 2353 animadvertite,
782 2327 877 2357 quem
893 2320 927 2348 et

968 2317 1107 2358 Apuleio
1122 2328 1152 2347 v.
1169 2316 1260 2348 clav.

226 2359 372 2390 Graevius
388 2364 519 2389 secutus
535 2365 594 2389 cst.

1010 2362 1050 2392 70
1075 2359 1214 2390 Petram
1239 2364 1269 2390 et
1292 2357 1532 2397 fllenedemum]
1561 2357 1669 2389 Resti-

269 2403 308 2435 67
342 2406 450 2432 tenere
479 2400 670 2440 dignitates]
704 2401 791 2440 Quia
819 2404 926 2431 tenere

225 2454 293 2474 non
324 2444 434 2481 habet,
463 2443 549 2474 unde
577 2444 729 2484 pendeat,
762 2443 924 2474 Ferrarius

226 2488 370 2525 conjecit
397 2485 565 2522 excidisse,
593 2495 638 2515 an
666 2486 808 2518 nescitis;
838 2485 925 2523 quod

226 2528 335 2569 placet
358 2528 498 2558 Gra-vio.
524 2532 611 2558 certe
635 2527 767 2557 verbum
794 2527 926 2565 aliquod

225 2570 357 2600 excidit.
403 2570 501 2600 Porro
525 2569 697 2608 legendum
722 2574 802 2609 puto
818 2570 925 2607 (ligni-

228 2616 329 2643 tatem
341 2624 350 2641 t
374 2611 508 2652 pluralis
523 2612 608 2651 sapit
624 2610 804 2641 librarium.

268 2654 308 2684 68
343 2656 423 2694 legis
451 2653 586 2694 Hirtia]
620 2664 649 2683 v.
679 2653 770 2685 Clav.
801 2654 834 2684 in
864 2654 924 2684 hac

225 2697 308 2736 lege.

268 2740 308 2772 69
331 2738 517 2778 Apuleiana
531 2737 616 2777 pecu]
642 2738 747 2778 Quam
772 2738 819 2768 M.
838 2738 926 2778 Apu-

224 2780 307 2811 leius
330 2780 595 2819 suppeditaverat
618 2780 665 2810 M.
680 2780 788 2810 Bruto
811 2781 850 2811 ad
873 2791 926 2810 co-

226 2827 344 2854 natum
366 2822 570 2854 Macedoniae
593 2822 803 2865 occupandae.
820 2823 858 2855 de
878 2823 926 2854 M.

967 2402 1016 2431 tui
1037 2412 1111 2431 cum
1135 2402 1262 2432 Graevio
1279 2401 1410 2431 Parum
1432 2412 1472 2431 ex
1495 2400 1565 2431 edd.
1582 2406 1666 2433 vett.

967 2444 1027 2473 etsi
1052 2444 1130 2474 Mss.
1153 2444 1219 2474 fere
1243 2443 1396 2479 Petram,
1413 2444 1499 2473 unde
1521 2443 1668 2475 defendit

968 2486 1148 2516 Gruterus:
1173 2486 1259 2525 quod
1280 2492 1330 2517 est
1352 2485 1559 2516 librariorum
1582 2485 1669 2516 chri-

968 2535 1162 2558 suanorum.

1011 2574 1047 2603 71
1082 2571 1159 2601 IVon
1187 2570 1375 2609 lazalnmus]
1407 2570 1487 2609 ch.
1518 2571 1669 2602 laudavi-

969 2622 1054 2650 mus,
1085 2613 1170 2652 quod
1200 2614 1358 2643 laudastis
1387 2617 1421 2643 et
1455 2613 1668 2651 cogitandum

956 2654 1034 2694 juit
1048 2655 1206 2694 postulat.
1250 2655 1313 2686 Res
1335 2661 1385 2686 est
1406 2655 1454 2686 ita
1468 2655 1612 2693 evidens,
1628 2660 1667 2687 ut

968 2697 1014 2727 sic
1029 2698 1236 2727 correxerim.

1010 2742 1050 2773 723
1073 2738 1270 2778 neg-le.1·istis]
1290 2739 1310 2769 i.
1326 2750 1354 2769 e.
1371 2749 1438 2770 non
1461 2749 1500 2772 eo
1522 2744 1667 2774 retracto

968 2781 1030 2813 ulti
1046 2782 1136 2820 estis,
1152 2786 1211 2813 aut
1225 2781 1451 2823 impedivistiS.
