1785 3185
414 103 530 142 PRO
557 104 598 140 C.
629 102 880 140 RABIRIO
910 102 1203 140 POSTUMO.
1430 105 1532 141 1205

89 218 203 250 stum
224 209 426 265 agebant.
450 217 542 248 tum
574 205 793 261 tempor·15‚
815 205 958 255 credo,
983 219 1135 246 causa:
1168 207 1208 235 52
1222 219 1335 246 nunc
1366 205 1532 247 scilicet

92 276 261 322 tempus
293 265 455 306 nullum
489 272 568 304 est.
631 263 718 304 Ubi
755 262 881 302 semel
919 261 1013 316 quis
1054 261 1323 316 pejeraverit,
1345 263 1383 302 ei
1414 263 1531 304 credi

91 333 256 379 postea,
277 321 444 364 etiamsi
476 335 551 376 per
581 319 721 375 plures
744 319 846 359 deos
861 319 995 373 juret,
1017 333 1102 359 non
1125 327 1323 373 oportet:
1355 334 1533 374 praeser-

94 381 187 431 tim,
202 380 386 435 ιῇυάίεεε,
408 392 507 420 cum
531 378 574 417 in
599 377 662 416 his
678 376 873 432 judiciiS,
892 389 945 416 ne
966 375 1084 416 locus
1106 376 1280 429 quidem
1299 389 1412 415 novo
1433 376 1531 417 testi

96 437 229 478 soleat
249 450 362 477 esse:
395 436 451 476 ob
483 448 663 488 eamque
693 447 865 475 causam
896 432 1027 473 iidem
1052 432 1223 487 judices
1255 432 1531 481 retineantur,
1544 442 1578 474 b.

95 495 167 549 qui
191 494 350 535 fuerint
371 492 425 534 de
446 506 544 544 reo3
575 501 623 532 ut
646 491 711 532 his
734 500 837 531 nota
859 489 945 530 sint
966 490 1128 540 omnia,
1149 503 1286 544 neque
1308 489 1412 543 quid
1426 488 1532 547 fingi

95 552 198 592 novi
219 551 369 605 possit-

159 610 197 638 53
213 608 345 657 Lites,
365 620 463 658 Quo
491 619 553 648 ΕΛ
578 618 800 648 pecuum
835 616 1172 655 PERVENEmT,
1201 617 1288 644 non
1322 604 1408 645 suis
1439 615 1601 658 pro-37

98 664 202 720 priis
217 664 412 719 judiciis,
435 663 505 704 sed
529 663 572 704 in
596 677 713 704 reum
737 661 861 703 factis
878 661 1152 718 condemnari
1171 660 1323 701 solent.
1385 659 1539 716 Itaque
1573 679 1576 682 ⁴

97 722 132 762 si
155 732 229 762 aut
251 722 415 778 praedes
438 720 623 761 dedisset
646 719 875 768 Gabinius,
899 727 973 759 aut
1006 728 1171 758 tantum
1203 732 1258 758 ex
1282 718 1375 772 ejus
1399 718 1540 770 bonis,

99 790 262 834 quanta
293 793 459 819 summa
488 777 630 818 litium
661 775 825 827 fuisset,
845 778 885 806 54
899 775 1082 831 populus
1105 775 1358 830 recepisset:
1390 789 1541 830 quam-

99 837 162 876 vis
184 850 342 892 magna
363 835 415 876 ad
441 833 695 875 Postumum
715 833 768 874 ab
791 847 841 873 eo
865 832 1048 888 pecunia
1069 832 1346 888 pervenisset,
1369 846 1453 873 non
1478 846 1542 872 re-

100 893 337 949 digeretur:
360 901 408 933 ut
430 890 612 946 intelligi
637 890 762 932 facile
783 889 932 945 possit,
949 889 1064 944 quod
1085 904 1138 929 ex
1159 904 1209 929 ea
1232 889 1414 944 pecunia
1435 892 1474 920 55
1488 889 1542 930 ad

100 965 229 1004 quem
251 963 414 999 eorum,
435 948 508 1003 qui
529 948 755 989 damnatus
777 955 855 997 est,
877 947 1120 1003 pervenisse
1151 946 1194 987 in
1218 946 1289 987 illo
1313 946 1452 1002 primo
1467 947 1544 1002 ju·

102 1007 217 1048 dicio
237 1007 412 1062 planum
435 1005 597 1046 factum
621 1005 690 1055 sit,
712 1004 755 1045 id
779 1004 860 1045 hoc
884 1003 1211 1060 genere-judicii
1235 1004 1371 1059 redigi
1393 1004 1542 1045 solere.

105 1063 235 1106 Nunc
258 1078 358 1105 vero
380 1062 484 1117 quid
506 1063 673 1118 agitur?
704 1061 778 1103 ubi
810 1071 1015 1102 terrarum
1039 1064 1213 1102 sumus?
1242 1061 1346 1115 quid
1368 1068 1457 1102 tam
1479 1062 1544 1101 in-

106 1120 259 1171 solens,
281 1130 369 1162 tam
401 1134 661 1176 perversum,
683 1127 1050 1174 praeposterumve
1080 1118 1180 1168 dici,
1203 1129 1277 1158 aut
1303 1118 1544 1174 excogitari

104 1181 275 1234 potest?
305 1178 548 1219 Accusatur
570 1178 618 1228 is,
641 1176 714 1232 qui
736 1191 823 1216 non
846 1175 1023 1216 abstulit
1044 1191 1069 1215 a
1090 1189 1203 1230 rege,
1227 1176 1338 1216 sicut
1362 1174 1545 1217 Gabini-
1556 1181 1609 1215 38

105 1250 156 1276 us
172 1235 393 1290 judicatus
417 1243 501 1276 est:
535 1235 607 1274 sed
629 1233 702 1289 qui
723 1234 965 1274 maximam
986 1233 1076 1288 regi
1100 1232 1327 1288 pecuniam
1349 1232 1546 1274 credidit.

108 1292 226 1349 Ergo
250 1293 284 1333 is
307 1291 498 1334 Gabinio
519 1292 651 1342 dedit,
671 1290 711 1320 56
723 1291 796 1345 qui
814 1305 898 1331 non
923 1289 1024 1331 huic
1046 1289 1245 1330 reddidit.
1303 1290 1404 1332 Jam
1426 1290 1548 1339 cedo,

107 1365 208 1391 cum
231 1350 280 1399 is,
299 1350 372 1405 qui
396 1349 622 1405 pecuniam
646 1347 854 1388 Postumo
873 1347 1038 1396 debuit,
1058 1362 1145 1388 non
1177 1346 1293 1396 huic,
1317 1347 1389 1388 sed
1412 1347 1550 1388 Gabi-

107 1408 182 1448 nio
204 1407 393 1449 dederit:
427 1406 714 1447 condemnato
732 1405 938 1456 Gabinio,
958 1413 1100 1445 utrum
1122 1403 1182 1444 illi
1205 1418 1298 1444 eam
1322 1404 1548 1460 pecuniam

110 1464 311 1514 reddidit,
343 1478 397 1507 an
431 1464 560 1504 etiam
596 1477 711 1503 nunc
752 1462 908 1504 debet?
939 1461 1000 1502 At
1030 1461 1173 1511 habet,
1206 1470 1249 1501 et
1283 1461 1407 1502 celat.
1450 1470 1550 1503 sunt
1566 1450 1634 1499 14¹

109 1521 240 1572 enim,
278 1521 350 1577 qui
394 1520 454 1561 ita
489 1520 731 1575 loquantur.
794 1519 924 1566 Quod
966 1533 1100 1574 genus
1133 1519 1306 1559 tandem
1341 1529 1406 1559 est
1446 1518 1551 1560 illud

114 1577 416 1623 ostentationis
439 1586 482 1617 et
503 1578 681 1633 gloriae?
714 1576 758 1617 Si
782 1576 889 1617 nihil
912 1576 1131 1617 habuisset
1153 1590 1371 1630 umquam,
1395 1587 1555 1626 tamen,

114 1639 153 1670 57
169 1636 201 1675 si
219 1635 457 1690 quaesisset,
480 1649 556 1675 cur
577 1633 864 1676 dissimularet
886 1633 1055 1684 habere,
1078 1648 1206 1674 causa
1229 1647 1314 1673 non
1333 1642 1457 1674 esset.
1480 1633 1555 1688 qui

113 1706 216 1734 vero
247 1693 332 1734 duo
365 1691 482 1732 lauta
522 1702 565 1732 et
603 1692 780 1747 eopiosa
814 1691 1074 1746 patrimonia
1105 1690 1355 1745 accepisset,
1380 1704 1556 1746 remque

112 1757 322 1806 praeterea
343 1749 468 1790 bonis
499 1758 541 1789 et
574 1748 765 1790 honestis
796 1748 1034 1790 rationibus
1066 1747 1280 1789 auxisset:
1313 1748 1417 1803 quid
1443 1756 1555 1789 esset

114 1807 288 1848 tandem
311 1821 466 1857 causae,
483 1821 559 1847 cur
581 1806 818 1847 existimari
842 1805 967 1846 vellet
997 1804 1105 1846 nihil
1136 1804 1319 1846 habere?
1350 1803 1435 1855 An,
1455 1820 1554 1846 cum
1565 1814 1617 1851 39

117 1864 321 1905 credebat
343 1863 543 1904 inductus
566 1863 718 1914 usuris,
741 1862 784 1904 id
806 1864 976 1918 agebat,
1000 1873 1047 1902 ut
1068 1862 1246 1902 haberet
1272 1876 1401 1917 quam
1425 1861 1557 1917 pluri·

118 1935 262 1963 mum:
296 1930 575 1977 posteaquam
607 1920 769 1976 exegit,
791 1920 908 1974 quod
938 1919 1191 1960 crediderat.
1215 1921 1253 1949 58
1270 1930 1316 1959 ut
1337 1919 1560 1960 existima-

119 2033 286 2076 putojam
300 2046 309 2063 .-
330 2044 407 2065 nam
420 2035 537 2075 saepius
551 2038 601 2065 est
614 2035 677 2066 hoe
693 2045 745 2075 ap.
765 2034 819 2064 Ci-

117 2087 282 2108 ceronem.
307 2078 406 2107 nostis
431 2078 489 2107 ἃς.
513 2087 641 2117 semper
662 2075 819 2117 sinejccm

119 2124 182 2150 est.
226 2119 334 2150 Locus
346 2119 392 2149 sic
406 2124 455 2149 est
471 2119 659 2150 formandus
673 2131 681 2149 :
705 2120 820 2158 quibus

861 2033 976 2064 malim
992 2035 1149 2064 sociorum
1163 2031 1233 2073 ejus
1245 2044 1254 2062 .-
1266 2032 1352 2072 quod
1365 2037 1415 2064 est
1424 2033 1560 2074 vulgato

861 2076 1009 2106 similius.
1049 2077 1088 2106 In
1103 2076 1201 2106 verbo
1216 2077 1373 2105 sociorum
1388 2085 1473 2116 saepe
1487 2086 1558 2107 cor-

861 2118 971 2157 ruptio
993 2118 1090 2149 facta.
1136 2118 1222 2148 Socii
1232 2118 1352 2158 proedoe
1373 2118 1449 2149 talis
1472 2128 1557 2159 saepe

118 2161 474 2201 superciliis——erimz'ni
488 2165 501 2191 !
530 2163 629 2192 nostis
650 2162 819 2192 insulsita—

121 2209 187 2234 tem
209 2204 414 2234 Groecorum:
433 2204 510 2243 (hoc
525 2203 556 2234 in
573 2203 823 2244 parenthesiac.

121 2245 334 2286 cipiendum.)
353 2247 497 2276 humeris
508 2251 640 2284 gestum
654 2246 806 2284 agebant.

167 2290 208 2318 52
228 2297 317 2318 nnnc
331 2293 458 2327 tempus
470 2290 602 2319 mellum
617 2288 676 2327 est]
700 2287 822 2327 Exqui-

125 2330 201 2361 site.
216 2340 247 2360 v.
262 2330 370 2362 Clavis
383 2331 418 2360 in
434 2336 570 2370 tempus.

169 2375 209 2403 53
232 2372 338 2412 Lites]
375 2373 475 2403 Abest
511 2372 582 2403 edd.
610 2382 658 2412 pr.
688 2371 823 2402 Addidit

125 2414 252 2456 primus
279 2414 455 2453 victorius,
482 2420 557 2455 post
586 2415 623 2445 P.
651 2414 823 2445 Manutius

128 2458 188 2487 δερ.

172 2501 212 2529 54
243 2500 384 2538 populus
409 2499 591 2540 recepz'sset]
631 2498 824 2529 Malueruut

127 2540 190 2570 viri
204 2540 383 2571 doctissimi
397 2543 583 2580 redegisset.
618 2542 680 2571 Sed
704 2547 738 2571 et
755 2540 826 2570 vul·

129 2587 245 2622 gatum
269 2587 395 2613 rectum
417 2588 480 2619 est,
495 2589 528 2614 et
545 2583 620 2613 alibi
637 2584 670 2613 in
687 2583 747 2614 hac
762 2583 828 2613 for-

131 2624 223 2655 mula
237 2624 373 2655 dictum.
394 2635 425 2656 v.
442 2626 532 2657 Clav.
548 2627 583 2656 in
599 2625 630 2655 h.
647 2637 680 2656 v.

173 2669 214 2697 55
236 2667 282 2697 ad
304 2677 398 2706 quem
420 2677 543 2704 eorum,
570 2669 626 2708 qui
650 2669 829 2698 damnatus

131 2713 190 2745 est,
201 2709 396 2748 pervenisse]
425 2709 497 2740 Hoc
511 2711 665 2740 vitiosum
685 2710 754 2740 sine
772 2709 831 2739 du-

131 2750 187 2780 bio
202 2756 262 2781 est.
295 2751 433 2793 Vni-iant
448 2753 482 2782 in
497 2752 535 2782 iis
549 2753 627 2782 Mss.
642 2756 676 2782 et
691 2751 761 2782 edd.
778 2761 826 2792 pr.

132 2792 356 2830 vehementer,
370 2798 404 2823 et
419 2793 477 2824 viri
493 2793 582 2824 docti
604 2794 638 2824 in
653 2793 829 2824 emendan-

861 2165 939 2190 sunt
954 2170 1005 2200 ap.
1022 2161 1226 2191 Ciceronem.

908 2202 947 2232 56
969 2204 1023 2241 qui
1049 2212 1113 2232 non
1137 2203 1212 2232 huic
1237 2201 1393 2241 reddidit]
1418 2202 1558 2234 Videtur

864 2245 919 2284 qm*
943 2244 1125 2275 delendum.
1171 2244 1347 2276 Conclusio
1367 2244 1446 2275 hinc
1471 2245 1559 2276 facta

864 2286 993 2316 videtur
1005 2286 1132 2318 docere.

908 2332 945 2362 57
968 2330 995 2358 si
1009 2330 1180 2368 quoesisset,
1196 2338 1257 2358 cur
1282 2329 1312 2359 is
1333 2329 1408 2359 diss.
1433 2330 1562 2366 habere,

865 2381 967 2401 causa
979 2381 1041 2401 non
1055 2371 1148 2410 esset]
1174 2371 1347 2412 Quoesissec
1369 2376 1418 2402 est
1440 2381 1499 2411 pro
1513 2382 1564 2402 re-

866 2413 1001 2453 perisset
1023 2413 1210 2454 quaerenth,
1231 2423 1300 2443 rem
1323 2414 1463 2450 fecisset,
1486 2424 1564 2444 cum

867 2460 965 2486 antea
982 2456 1108 2486 nullam
1131 2466 1150 2486 a
1172 2456 1361 2496 parentibus
1385 2457 1443 2486 ἃς.
1459 2455 1563 2486 habu-

867 2498 954 2528 isset.
999 2499 1052 2529 Sic
1073 2503 1123 2528 est
1148 2499 1248 2528 etiarn
1273 2507 1332 2537 pro
1359 2498 1494 2529 Cluent.
1511 2499 1564 2528 26.

868 2540 956 2570 Tum
978 2549 1037 2579 pro
1062 2542 1090 2570 is
1111 2539 1319 2570 scribendum
1343 2540 1391 2576 id,
1417 2550 1460 2570 sc.
1483 2540 1568 2579 quod

869 2583 1040 2654 quam-isset,
1056 2582 1201 2612 lucratus
1216 2586 1313 2617 esset,
1327 2587 1385 2611 aut
1399 2582 1497 2622 plane
1511 2580 1566 2611 de·

885 2625 1003 2656 endum
1019 2637 1024 2654 :
1049 2624 1133 2664 quod
1150 2626 1253 2664 magis
1276 2624 1396 2663 placet.
1415 2633 1490 2654 nam
1508 2625 1567 2653 ha-

874 2667 944 2696 bere
980 2667 1136 2697 dicuntur
1168 2667 1337 2706 eleganter
1370 2666 1499 2696 divites.
1535 2676 1566 2696 ν.

875 2709 967 2739 Clav.
988 2709 1021 2742 in
1045 2709 1077 2739 h.
1094 2719 1124 2738 ν.
1149 2708 1234 2748 Quia
1259 2709 1304 2737 sic
1328 2708 1430 2747 reperi
1452 2707 1568 2738 deinde

871 2751 905 2781 in
919 2751 989 2781 edd.
1007 2751 1060 2782 W.
1081 2754 1170 2781 1480.
1191 2752 1280 2783 1495.
1297 2748 1412 2780 delevi.

915 2795 953 2823 58
984 2797 1023 2822 ut
1049 2793 1295 2822 existimaretur
1317 2800 1570 2829 egere—coneu-

135 2833 187 2864 do.
219 2835 388 2865 Facillima
401 2842 451 2865 est
465 2836 623 2866 correctio
638 2836 770 2871 Graevii,
785 2836 832 2865 ad
865 2834 978 2874 piscit]
997 2834 1209 2865 Seribendum
1226 2834 1419 2872 concupivit,
1430 2839 1488 2865 aut
1502 2835 1571 2864 exi-

133 2885 229 2916 quem
244 2878 397 2908 comitum
412 2876 482 2918 ejus
494 2890 504 2908 :
523 2877 579 2910 sed
601 2888 659 2919 pro
674 2878 828 2910 comitum
871 2878 1034 2908 stimetur.
1051 2877 1154 2916 magis
1168 2876 1277 2917 placet
1291 2875 1364 2907 hoc.
