1817 3169
255 114 358 152 1096
850 112 1101 152 ORATIO

253 213 363 257 nihil
398 213 571 271 integri,
603 228 741 270 neque
773 214 843 258 M.
863 216 1056 268 Crassus,
1078 218 1151 274 qui
1180 226 1315 260 totam
1337 233 1509 262 causam
1539 228 1583 262 et
1612 235 1691 278 pro

255 271 476 323 facultate,
498 281 542 312 et
564 286 640 328 pro
665 273 748 314 fide
769 289 845 315 sua
859 275 1186 331 diligentissime
1204 276 1325 318 vobis
1348 276 1596 332 explicavit,
1619 293 1693 320 ne-

255 343 340 384 que
364 327 445 369 Cn.
472 328 719 385 Pompeius,
742 332 864 386 eujus
887 333 1024 373 oratio
1046 333 1245 374 omnibus·
1273 335 1534 374 ornamentis
1556 337 1694 376 abun-

256 386 390 436 davit,
414 386 465 427 ad
492 386 720 428 dicendum
745 390 928 444 reliquit.
987 393 1028 420 40
1042 391 1141 440 Sed,
1164 392 1382 445 quoniam,
1405 406 1472 432 me
1495 406 1693 433 recusan-

257 451 313 493 te,
337 443 498 499 placuit
529 446 738 486 ainbobus
771 446 965 487 adhiberi
998 445 1110 488 hunc
1134 464 1157 488 a
1188 462 1254 488 ine
1275 449 1394 503 quasi
1426 447 1692 504 perpoliendi

255 501 468 555 quendam
503 504 642 556 operis
675 514 917 543 extremum
952 504 1165 546 laborem:
1200 514 1298 560 peto
1329 521 1351 545 a
1386 507 1520 556 vobis,
1544 516 1591 546 ut
1625 519 1693 547 me

257 557 387 598 officii
424 559 581 614 potius,
604 574 730 612 quarn
763 560 931 601 dicendi
965 562 1106 601 studio
1132 562 1239 602 lianc
1263 564 1495 618 suscepisse
1518 577 1694 618 operam

196 623 306 659 lssac
329 629 484 655 munus
509 618 681 669 putetis.
743 618 807 656 Ac
843 618 970 673 priuS,
993 633 1118 672 quam
1154 619 1378 673 aggrediar
1410 620 1460 659 ad
1488 620 1560 673 jus
1591 635 1693 660 cau-

257 686 432 726 samque
456 671 660 721 Cornelii‚
685 675 887 726 quiddam
914 674 965 714 (le
986 676 1203 715 communi
1229 677 1475 716 conditione
1498 677 1692 717 omnium

253 728 467 778 nostrum,
490 729 769 783 ‹leprecatidae
806 731 1106 773 malivolentia*
1131 748 1272 781 causa,
1299 734 1482 772 breviter
1504 748 1693 774 comme-

254 787 507 827 morandum
538 787 717 826 videtur.
779 787 839 837 Si,
863 803 947 842 quo
971 791 1150 844 quisque
1181 789 1275 829 loco
1299 790 1490 830 nostrum
1515 800 1593 840 est,
1619 790 1693 844 ju-

253 843 385 893 dices,
419 854 556 891 natus,
583 854 671 892 aut,
703 843 736 884 si
773 844 812 883 in
837 860 919 899 qua
943 846 1114 887 fortuna
1136 857 1199 886 est
1221 847 1419 886 nascendi
1446 848 1568 887 initio
1591 862 1694 888 con-

255 900 445 948 stitutus,
480 904 594 941 huuc
630 903 726 941 x‘itae
759 911 914 942 statum
949 918 1080 958 usque
1115 907 1167 944 acl
1201 915 1464 945 senectutem
1498 905 1694 946 obtinere

254 957 399 1008 debet,
421 969 478 1007 et,
502 958 534 1009 si
559 972 722 1007 otllneS,
745 973 851 1013 quos
886 970 959 1000 aut
991 961 1163 1001 fortuna
1192 961 1362 1010 extulit,
1396 973 1466 1002 aut
1502 962 1694 1016 ipsorum

255 1013 484 1055 illustravit
507 1014 626 1055 labor
647 1025 690 1055 et
714 1016 936 1066 industria,
958 1032 1088 1073 poeua
1105 1028 1202 1058 sunt
1224 1018 1464 1060 afficiendi:
1488 1033 1572 1059 non
1597 1033 1694 1074 gra·

255 1071 349 1112 vior
384 1071 431 1112 L.
453 1070 671 1122 Cornelio,
703 1087 829 1127 quam
867 1074 1012 1115 multis
1044 1076 1143 1115 viris
1182 1076 1303 1115 bonis
1336 1086 1464 1131 atque
1492 1075 1693 1126 fortibus,

255 1128 462 1169 constitui
485 1127 553 1169 lex
581 1129 680 1170 vitae
702 1141 744 1171 et
767 1131 960 1172 conditio
985 1132 1165 1173 videtur.
1200 1132 1272 1172 Sin
1294 1143 1436 1173 autem
1460 1132 1693 1174 multorum

257 1186 407 1235 virtus,
438 1185 675 1242 ingenium,
702 1187 959 1238 humanitas,
982 1203 1036 1230 ex
1070 1189 1218 1230 infimo
1241 1203 1395 1245 genere
1428 1200 1471 1230 et
1505 1190 1690 1231 fortunae

256 1243 390 1299 gradu
416 1256 500 1283 non
525 1243 653 1284 modo
671 1244 898 1296 amicitias,
915 1256 956 1286 et
979 1247 1035 1287 rei
1061 1246 1281 1287 familiaris
1298 1246 1443 1302 copias
1463 1257 1695 1288 consecuta

256 1310 336 1349 est,
369 1299 439 1340 sed
477 1315 686 1342 summam
723 1300 907 1354 laudem,
942 1303 1140 1353 honores,
1177 1303 1373 1359 gloriam,
1409 1303 1694 1360 dignitatem:

257 1371 344 1397 non
369 1356 579 1413 intelligo,
601 1373 676 1399 eur
700 1360 842 1414 potius
870 1361 1031 1401 invidia
1055 1360 1264 1402 violatura
1287 1361 1489 1402 virtutem
1513 1361 1561 1402 L.
1586 1360 1694 1402 Cor-

257 1414 376 1463 nelii,
397 1429 524 1469 quam
550 1415 731 1471 aequitas
753 1427 892 1458 vestra
914 1418 1120 1474 pudorem
1143 1417 1235 1473 ejus
1266 1417 1465 1472 adjutura
1487 1418 1695 1458 videatur.

200 1469 429 1526 19Itaque,
462 1472 578 1527 quod
611 1473 800 1514 maxime
833 1475 1065 1531 petendum
1097 1483 1176 1526 est,
1206 1489 1232 1515 a
1261 1474 1384 1516 vobis
1414 1475 1574 1516 idcirco
1607 1488 1695 1516 non

260 1538 378 1584 peto,
393 1528 579 1583 judices,
602 1543 654 1570 ne
677 1530 730 1570 de
753 1542 892 1572 vestra
913 1533 1137 1588 sapientia,
1159 1540 1288 1586 atque
1309 1531 1362 1573 de
1384 1541 1523 1572 vestra
1543 1531 1696 1573 huma-

259 1586 397 1627 nitate
418 1585 615 1627 dubitare
637 1587 796 1629 videar.
828 1598 893 1630 est
913 1599 1055 1630 autem
1080 1589 1327 1645 petendum,
1349 1603 1402 1629 ne
1424 1589 1598 1629 oderitis
1630 1589 1696 1629 iu-

258 1643 452 1698 genium,
474 1657 527 1684 ne
554 1643 715 1685 inimici
750 1645 842 1687 sitis
874 1646 1110 1697 industriae,
1132 1659 1186 1686 ne
1216 1645 1526 1694 humanitatem
1549 1645 1695 1702 oppri-

257 1700 475 1750 mendam,
497 1715 549 1742 ne
579 1700 782 1744 virtutem
802 1706 839 1734 41
858 1703 1117 1759 puniendam
1150 1703 1323 1759 putetis.
1360 1702 1461 1743 illud
1495 1711 1610 1759 peto,
1632 1712 1695 1753 ut,

257 1755 291 1797 si
315 1772 488 1798 causam
521 1758 658 1814 ipsam
692 1773 766 1814 per
796 1773 840 1800 se
871 1760 1034 1801 firmam
1063 1774 1154 1800 esse
1183 1769 1226 1800 et
1257 1760 1453 1800 stabilem
1488 1759 1693 1810 videritis,

254 1813 444 1855 hominis
469 1814 602 1870 ipsius
624 1825 876 1857 ornamenta
896 1817 1145 1873 adjumento
1168 1831 1308 1858 causae
1329 1818 1371 1847 42
1385 1817 1543 1874 potius,
1564 1831 1695 1872 quam

257 1870 571 1926 impedimento
593 1887 684 1913 esse
706 1873 878 1914 malitis.

213 1928 247 1978 8
318 1928 536 1980 Nascitur,
567 1928 752 1983 judices,
791 1945 920 1972 causa
960 1931 1150 1972 Cornelii
1185 1935 1226 1963 43
1237 1946 1291 1972 ex
1333 1946 1384 1972 ea
1420 1930 1528 1987 lege,
1566 1944 1695 1986 quam

260 1984 310 2028 L.
331 1985 512 2038 Gellius,
534 1985 616 2028 Cn.
640 1986 864 2030 Cornelius
885 2003 940 2030 ex
962 1997 1133 2030 senatus
1152 1988 1364 2031 sententia
1385 1988 1587 2030 tulerunt.
1609 2002 1695 2044 qua

258 2146 350 2185 eujus
376 2146 422 2176 rei
447 2147 621 2188 vestigium
645 2153 696 2178 est
717 2148 802 2180 forte
829 2149 862 2179 in
893 2149 957 2180 Ms.

258 2188 367 2218 Guelf.
404 2188 439 2218 in
468 2199 532 2228 quo
558 2189 700 2220 alterum
736 2192 821 2221 uilzz‘l
855 2192 957 2222 abest.

258 2230 358 2261 Nihil
371 2230 462 2268 fecit,
476 2236 513 2260 ut
525 2233 648 2271 integri
661 2233 873 2263 scriberetur:
898 2234 958 2263 sic—

257 2276 299 2302 ut
312 2283 340 2303 c.
356 2275 386 2303 8.
410 2273 466 2303 ubi
490 2275 570 2304 satis
583 2280 733 2304 sanetum
756 2280 818 2312 est,
835 2275 959 2306 librarii

258 2313 364 2344 fecere
376 2315 494 2352 sancti,
510 2316 596 2355 quod
609 2322 644 2347 et
666 2318 700 2347 in
714 2317 787 2348 edd.
803 2327 852 2358 pr.
869 2328 959 2359 repe-

260 2357 356 2387 titur.

300 2400 343 2429 40
359 2398 435 2435 Sed,
449 2400 613 2439 quoniam,
627 2410 678 2430 me
691 2406 873 2436 recusante,
883 2402 960 2440 pla-

258 2440 341 2480 cuit]
358 2441 445 2480 Quid
461 2443 621 2472 recusavit
634 2442 772 2472 Cicero?
797 2442 878 2473 nihil
891 2443 957 2473 tale

258 2484 437 2522 praecessit,
454 2483 540 2522 quod
557 2493 718 2515 recusasse
739 2484 957 2524 intelligatur.

260 2525 402 2555 refertur
417 2535 563 2556 recusare
578 2525 617 2556 ad
632 2526 675 2562 id,
689 2526 774 2565 quod
789 2528 956 2566 sequitur:

212 2593 215 2596 Α
260 2567 477 2606 perorationis
493 2573 598 2608 partes
612 2574 683 2608 post
699 2568 757 2598 hos
770 2570 854 2599 viros
868 2578 958 2600 recu-

259 2609 357 2640 savit.
401 2610 489 2648 Ergo
517 2610 646 2640 videtur
670 2610 776 2641 dicere
799 2610 958 2647 debuisse,

260 2660 461 2692 quamquam
482 2661 533 2682 me
556 2657 819 2690 recusantesaut
843 2658 915 2692 post
938 2664 960 2684 a

260 2701 324 2731 me,
339 2703 540 2733 quamquam
557 2699 737 2725 recusante.
759 2704 959 2735 quamquam

258 2744 318 2775 per
329 2736 559 2776 compendium
571 2738 728 2777 seriptum
742 2736 888 2767 excidere
902 2747 960 2778 po-

259 2778 327 2807 tuit
349 2783 422 2816 post
439 2780 508 2818 Q‘m,
524 2782 562 2809 ut
583 2780 735 2810 scribitur
748 2780 902 2818 quoniam
924 2780 959 2811 in

260 2818 371 2850 Guelf.
385 2819 472 2851 forte
487 2824 521 2851 et
536 2820 618 2851 aliis.
647 2821 700 2852 Sic
714 2825 787 2860 post
802 2822 910 2861 itaque
924 2827 959 2854 et

254 2865 359 2902 utque
371 2862 492 2895 excidit
501 2863 638 2896 subinde
651 2863 746 2905 quod,
761 2864 817 2905 qui
829 2863 890 2896 &tn

1041 2151 1078 2180 41
1102 2148 1321 2189 puniendam]
1348 2149 1430 2180 Mss.
1458 2149 1526 2179 Erf.
1552 2149 1584 2179 S.
1608 2148 1695 2179 Vict.

1000 2191 1069 2222 Pal.
1086 2201 1192 2221 nonus
1202 2192 1434 2231 poenitendam.
1471 2191 1523 2222 Sic.
1537 2197 1571 2221 et
1587 2191 1696 2220 Guelf.

1001 2234 1090 2264 Bene
1107 2234 1266 2264 Gruterus
1279 2233 1371 2268 vidit,
1386 2233 1461 2263 dare
1473 2233 1618 2264 debuisse
1628 2242 1697 2272 poe-

1001 2275 1169 2312 niensium,
1187 2285 1260 2315 quae
1274 2276 1380 2305 forma
1393 2281 1425 2306 et
1448 2275 1523 2305 alibi
1549 2276 1583 2305 in
1607 2275 1697 2305 libris

1002 2319 1173 2357 reperitur.
1209 2328 1238 2347 v,
1267 2317 1356 2347 Clav.
1392 2318 1425 2347 in
1458 2319 1590 2356 poenire.
1635 2316 1698 2347 Sed

1001 2359 1126 2390 edenda
1142 2359 1211 2390 haec
1228 2359 1332 2389 forma
1346 2359 1440 2390 hodie
1456 2369 1522 2389 non
1537 2364 1597 2390 est.

1044 2404 1085 2432 42
1096 2403 1217 2441 potius,
1233 2411 1332 2440 quam
1345 2402 1421 2440 imp.
1435 2412 1460 2431 e.
1477 2401 1614 2440 malins]
1633 2401 1700 2432 Po·

999 2444 1065 2474 tius
1078 2454 1153 2474 cum
1170 2444 1294 2474 malitis
1311 2442 1478 2474 redundat.
1494 2449 1571 2474 sunt
1585 2450 1619 2474 et
1633 2443 1698 2474 alia

999 2485 1159 2525 exempla.
1184 2492 1222 2516 ut
1244 2485 1284 2515 ad
1305 2485 1376 2516 Att.
1403 2486 1500 2522 XIII,
1520 2489 1570 2517 92⁷.
1598 2487 1699 2516 malle

998 2532 1193 2557 senectutem
1212 2529 1323 2568 polius
1350 2537 1461 2566 agere,
1489 2538 1599 2568 quam.
1631 2528 1695 2558 ΜΞ.

1001 2569 1108 2600 Guelf.
1133 2570 1229 2600 habet
1253 2570 1370 2600 (olins.-
1392 2571 1446 2600 sed
1468 2577 1501 2600 et
1527 2571 1617 2600 locus
1644 2570 1696 2601 hic

1001 2615 1090 2641 totus
1120 2612 1162 2641 ibi
1192 2612 1326 2642 vitiosus
1354 2618 1415 2648 est,
1444 2618 1477 2642 et
1505 2614 1603 2643 totius
1629 2620 1697 2643 non

1001 2659 1115 2693 aptum
1128 2658 1177 2684 est
1192 2655 1373 2684 sententiae.
1415 2657 1569 2686 Ceterum
1584 2658 1619 2684 et
1633 2654 1700 2685 Ms.

1000 2696 1070 2726 Erf.
1099 2696 1145 2725 sie
1173 2695 1282 2726 habet.
1325 2697 1359 2726 Si
1389 2697 1459 2735 quis
1489 2707 1546 2737 pro
1574 2697 1699 2726 malitis

1001 2737 1096 2768 malit
1122 2738 1246 2768 velitis:
1268 2742 1366 2769 erret.
1393 2744 1477 2770 esset
1498 2739 1587 2769 enim
1609 2737 1700 2768 clau-

1001 2779 1072 2810 sula
1086 2779 1280 2817 hexametrh
1296 2789 1367 2819 qua*
1383 2780 1466 2811 foret
1481 2781 1607 2811 vitiosa.

1040 2824 1082 2852 43
1104 2832 1143 2852 ex
1156 2832 1194 2852 ea
1209 2823 1279 2861 lege
1296 2822 1371 2864 δια]
1390 2834 1420 2855 v.
1438 2823 1512 2855 lud.
1536 2823 1638 2864 Lege.
1653 2821 1696 2854 cf.

1000 2867 1037 2896 et
1050 2863 1110 2896 inf.
1125 2874 1154 2896 e.
1174 2867 1225 2897 18.
