1785 3185
472 90 819 130 PHILIPPICA
859 90 1104 130 DECIMA.
1400 91 1501 135 1385

77 195 181 238 vitae
197 192 386 251 periculo
408 193 711 236 decertandum
739 201 817 234 est.
836 206 922 234 non
944 194 1059 235 enim
1081 195 1125 235 in
1148 193 1298 250 spiritu
1317 193 1404 234 vita
1420 203 1501 244 est,

78 252 152 294 sed
172 265 223 293 ea
240 251 354 292 nulla
370 259 434 291 est
451 251 628 292 omnino
645 249 861 291 servienti.
875 263 1022 291 omnes
1040 251 1235 291 nationes
1253 251 1501 292 servitutem

76 307 187 350 ferre
204 317 404 372 possunt:
428 315 572 348 nostra
592 306 744 348 civitas
765 320 852 347 non
874 315 1037 362 potest:
1061 320 1138 348 nec
1155 307 1282 348 ullam
1301 307 1427 349 aliam
1443 308 1502 349 ob

79 379 267 416 causam,
289 364 370 405 nis¹
395 364 511 419 quod
544 362 626 405 illae
662 363 852 405 laborem
882 363 1158 427 doloremque
1190 362 1378 418 fugiunt,
1408 365 1504 420 qui·

74 422 156 462 bus
182 431 229 462 ut
248 431 434 462 careant.
459 421 605 462 omnia
637 420 801 477 perpeti
824 430 1017 476 possunt,
1039 434 1117 461 nos
1140 420 1200 460 ita
1220 434 1245 459 a
1239 397 1504 475 Omajoribus

79 478 264 520 instituti
287 488 416 534 atque
436 478 591 519 imbuti
617 492 776 529 sumus,
797 487 847 518 ut
867 478 1013 520 omnia
1038 476 1217 518 consilia
1238 486 1366 532 atque
1389 476 1504 518 facta

77 535 129 576 ad
154 535 355 576 virtutem
391 538 430 566 38
448 544 491 576 et
523 535 575 576 ad
608 535 864 591 dignitatem
895 532 1270 577 referamus.1ta
1297 533 1503 590 1113501113

76 599 141 632 est
162 592 428 648 recuperatio
450 592 673 643 libertatis,
697 602 745 633 ut
765 606 818 634 ne
837 606 952 634 mors
973 592 1148 649 quidem
1169 591 1224 632 sit
1246 591 1290 632 in
1308 602 1502 646 repeten-

74 648 130 690 da
151 648 347 690 libertate
370 649 589 706 fugienda.
650 649 816 697 Quodsi
846 649 1144 691 immortalitas
1170 658 1502 711 consequeretur

76 707 300 762 praesentis
323 706 500 763 periculi
522 706 691 763 fugam:
723 715 867 748 tamen
894 721 945 748 eo
966 707 1104 762 magis
1130 720 1180 748 ea
1212 705 1418 760 fugienda
1441 719 1502 745 vi-

77 763 262 815 deretur,
283 778 369 828 quo
391 764 632 804 diuturnior
653 764 833 804 servitus
855 773 980 805 esset.
1001 778 1099 804 cum
1121 777 1222 804 vero
1245 763 1334 803 dies
1361 772 1404 803 et
1425 776 1503 803 no-

78 831 167 860 ctes
190 823 335 862 omnia
356 835 433 862 nos
456 819 643 876 undique
661 819 750 861 fata
770 822 1074 862 circumstent.
1105 834 1192 860 non
1218 829 1283 860 est
1305 819 1398 870 viri,
1422 820 1502 860 mi-

75 877 276 933 nimeque
299 877 500 928 Romani,
533 877 743 928 dubitare,
767 892 866 918 eum
889 878 1102 942 spiritum,
1123 880 1164 912 39
1178 890 1304 932 quem
1335 886 1500 917 naturae

75 933 244 986 debeat,
266 935 415 991 patriae
439 934 625 975 reddere.
686 934 970 976 Concurritur
990 935 1178 990 undique
1199 934 1251 975 ad
1274 947 1501 974 commune
1512 947 1560 981 21

75 991 322 1032 incendium
345 991 712 1047 restinguendum.
771 992 973 1033 Veterani
996 992 1124 1049 primi
1148 991 1330 1033 Caesaris
1353 1000 1502 1032 aucto-

77 1048 246 1089 ritatem
271 1048 420 1099 secuti,
449 1058 651 1089 conatum
674 1049 854 1090 Antonii
883 1050 1152 1106 repulerunt:
1185 1059 1283 1117 post
1309 1047 1502 1103 ejusdem

78 1105 266 1146 furorem
289 1105 453 1146 Martia
473 1106 586 1161 legio
608 1105 763 1162 fregit:
793 1117 945 1162 quarta
965 1107 1137 1148 afflixit.
1197 1107 1270 1154 Sic
1292 1120 1316 1146 a
1338 1105 1423 1146 suis
1445 1105 1504 1147 le-

81 1163 283 1227 gionibus
301 1163 625 1227 condemnatus,
647 1163 801 1227 irrupit
822 1165 864 1205 in
889 1163 1090 1228 Galliam,
1111 1177 1239 1218 quam
1271 1162 1350 1203 sibi
1375 1163 1506 1203 armis

79 1220 319 1276 animisque
339 1220 571 1261 infestam
563 1220 866 1285 inimicamque
888 1221 1109 1277 cognovit.
1136 1221 1250 1262 hunc
1274 1219 1328 1261 A.
1353 1219 1504 1272 Hirtii,

78 1276 130 1319 C.
146 1276 328 1318 Caesaris
350 1278 564 1319 exercitus
587 1278 767 1319 insecuti
787 1287 909 1320 sunt:
940 1287 1038 1334 post
1059 1277 1211 1319 Pansae
1233 1277 1421 1318 delectus
1434 1287 1536 1318 ur-
1517 1278 1631 1317 2⁰29·

78 1334 191 1385 bem,
225 1344 446 1390 totamque
483 1334 651 1376 Italiam
684 1335 837 1376 erexit.
898 1335 1020 1377 Unus
1042 1335 1235 1376 omnium
1261 1345 1326 1376 est
1352 1329 1535 1375 1105115.ὃ

77 1405 334 1456 quamquam
357 1392 487 1433 habet
509 1406 652 1433 secum
677 1391 725 1432 L.
742 1391 932 1444 fratrem,
953 1393 1216 1434 carissimum
1235 1391 1396 1448 populo
1414 1391 1506 1433 Ro-

80 1462 208 1489 mano
247 1449 409 1490 civ:em
442 1450 565 1504 cujus
606 1449 862 1491 desiderium
895 1426 1046 1491 civitas
1080 1449 1189 1490 ferre
1222 1449 1384 1490 diutius
1417 1463 1501 1490 non

80 1515 237 1560 potest.
298 1506 416 1553 Quid
440 1506 510 1546 illa
535 1507 699 1547 taetiius
719 1506 884 1549 bellua?
921 1508 1023 1562 quid
1047 1507 1304 1549 immanius?
1341 1507 1415 1561 qui
1447 1507 1567 1548 ob22

79 1577 173 1603 eam
196 1578 366 1604 causam
389 1571 514 1604 natus
536 1563 718 1614 videtur,
742 1578 794 1605 ne
814 1565 1007 1606 omnium
1039 1563 1284 1605 mortalium
1303 1564 1507 1626 turpissi-

80 1634 174 1660 mus
197 1630 307 1661 esset
331 1620 398 1662 M.
421 1620 652 1661 Antonius.
714 1620 792 1662 Est
820 1637 905 1663 una
930 1620 1180 1673 Trebellius,
1202 1622 1274 1677 qui
1292 1635 1386 1676 jam
1408 1635 1508 1663 cum

84 1677 238 1718 tabulis
260 1677 382 1719 novis
405 1678 514 1719 redit
547 1679 590 1719 in
622 1679 830 1733 gratiam:
867 1678 918 1720 T.
959 1679 1159 1728 Plancus,
1193 1678 1323 1719 ceteri
1359 1692 1507 1734 pares:

77 1734 150 1790 qui
174 1735 216 1776 id
250 1744 460 1791 pugnant,
482 1735 525 1776 id
556 1745 706 1790 agunt,
727 1744 775 1776 ut
802 1746 954 1777 contra
985 1735 1296 1800 rempublicam
1319 1736 1508 1777 restituti

78 1806 170 1832 esse
191 1792 429 1834 videantur.
452 1792 685 1834 sollicitant
719 1792 914 1835 homines
947 1794 1169 1858 imperitos
1199 1792 1328 1834 Saxae
1357 1801 1401 1833 et
1424 1792 1508 1834 Ca-

78 1848 290 1904 phones,
280 1851 363 1906 ipsi
384 1850 532 1891 rustici
564 1858 693 1904 atque
725 1861 927 1907 agrestes,
948 1852 1022 1906 qui
1050 1851 1162 1892 hanc
1197 1849 1508 1906 rempublicam

79 1920 158 1947 nec
179 1906 380 1948 viderunt
399 1921 618 1963 umquam,
648 1921 727 1949 nec
760 1908 904 1950 videre
925 1909 1208 1949 constitutam
1229 1907 1401 1949 volunt:
1433 1907 1508 1962 qui

79 1977 167 2004 11011
189 1962 388 2015 Caesaris,
410 1964 483 2005 sed
504 1963 684 2005 Antonii
707 1967 803 2008 acta
823 1965 1082 2007 defendunt:
1109 1979 1217 2020 quos
1239 1979 1289 2005 av
1293 1964 1392 2005 ertit
1415 1965 1507 2019 agii

82 2019 292 2077 Campani
316 2021 487 2063 infinita
505 2021 742 2085 possessio:
774 2023 896 2086 cujus
918 2037 990 2063 eos
1011 2025 1053 2053 4⁰
1065 2037 1153 2064 non
1180 2022 1340 2078 pudere
1361 2021 1507 2072 miror,

80 2091 179 2118 cum
201 2078 388 2130 videant,
411 2092 455 2119 se
477 2079 630 2120 mimos
661 2088 705 2120 et
737 2079 886 2120 mimas
920 2080 1077 2121 habere
1099 2080 1280 2120 vicinos.
1338 2077 1407 2120 Ad
1432 2078 1506 2119 has
1525 2073 1588 2120 ll

80 2141 222 2190 pestes
243 2135 560 2199 opprimendas,
581 2135 739 2191 4¹quid
771 2146 835 2177 est
856 2152 932 2178 cui
960 2136 1138 2177 moleste
1169 2136 1369 2186 feramus,
1392 2136 1569 2192 quod‘28

81 2191 149 2233 M.
182 2192 306 2234 Bruti
338 2192 519 2234 accessit
552 2193 795 2235 exercitus?
828 2194 1114 2245 immoderati,
1147 2194 1289 2258 credo,
1321 2192 1510 2234 hominis

80 2258 127 2290 et
155 2250 417 2292 turbulenti:
447 2252 490 2280 42
506 2250 617 2301 vide,
646 2264 700 2291 ne
728 2251 909 2292 nimium
944 2265 1067 2307 paene
1100 2251 1317 2315 patientis.
1350 2252 1431 2292 etsi
1467 2252 1513 2292 in

81 2306 192 2348 illius
215 2307 295 2349 tiri
317 2307 510 2350 consiliis
534 2316 662 2362 atque
678 2307 803 2350 factis
825 2308 932 2350 nihil
952 2322 1030 2349 nec
1051 2309 1246 2360 nimium,
1260 2321 1338 2349 nec
1361 2322 1437 2364 pai
1442 2323 1512 2350 um

123 2422 164 2452 38
188 2424 218 2451 et
243 2420 290 2451 αι1
310 2420 521 2461 dignitatem]
547 2420 664 2452 Addidi
690 2422 736 2452 ad
758 2432 776 2453 e
819 2432 906 2463 pere.

83 2461 160 2494 Vat.
184 2463 239 2501 qui
262 2464 362 2494 etiam
389 2464 523 2493 invertit
551 2463 658 2501 verba,
679 2469 713 2494 et
728 2464 775 2494 di-
860 2467 898 2495 41
923 2464 1002 2504 quid
1025 2469 1084 2501 est,
1113 2474 1173 2494 cur
1198 2465 1328 2494 moleste
1337 2461 1509 2503 feramus]

80 2505 245 2543 gnitatem
260 2506 365 2545 primo
379 2505 451 2535 loco
466 2507 572 2546 ponit.
819 2507 898 2546 quid
923 2511 969 2537 est
996 2506 1107 2537 delent
1134 2506 1243 2537 iidem.
1308 2506 1373 2537 Ms.
1404 2505 1512 2536 Guelf.

125 2549 166 2581 39
188 2556 282 2586 quem
307 2551 436 2578 naturae
458 2549 529 2587 quis
554 2547 679 2586 debeat]
712 2547 777 2578 De·
820 2554 877 2586 est,
891 2559 952 2579 cur
976 2551 1104 2580 moleste
1113 2547 1297 2589 feramus?
1320 2547 1406 2589 quod
1429 2557 1511 2588 prae-

84 2587 147 2620 levi
170 2589 242 2628 quis
259 2599 276 2619 e
290 2589 367 2620 Vat.
389 2599 465 2620 cum
489 2590 615 2621 FaErno
638 2597 673 2620 et
686 2590 776 2620 Grae-
817 2591 963 2622 tulerim.

83 2632 146 2662 vio.
163 2632 274 2662 debeat
296 2631 436 2662 refertur
456 2632 498 2663 ad
520 2633 627 2663 virum
653 2637 687 2662 et
712 2632 777 2663 Ro·
860 2635 902 2664 4-2
924 2634 1007 2670 vide,
1029 2642 1070 2663 ne
1091 2643 1124 2663 n.
1135 2632 1189 2673 p.]
1216 2633 1357 2663 Faernus
1372 2633 1512 2663 correxit

86 2682 234 2706 manum.
258 2674 339 2704 item
363 2683 440 2704 mox
457 2676 603 2705 veterani
623 2674 696 2704 dedi
718 2684 776 2714 pro
818 2676 923 2706 videte
950 2685 1008 2706 ue.-
1036 2675 1124 2714 quod
1149 2682 1183 2706 et
1209 2675 1265 2706 alii
1292 2675 1394 2704 secuti
1422 2681 1512 2705 sunt.

84 2715 219 2755 vulgato
257 2717 475 2756 veteranique,
512 2726 589 2747 cum
630 2718 776 2753 Murem,
820 2717 907 2756 quod
934 2727 1001 2748 non
1023 2726 1151 2748 necesse
1174 2722 1257 2748 erat.
1282 2726 1360 2747 narn
1382 2716 1453 2746 vide
1474 2726 1518 2746 ne

85 2756 248 2788 Lambino
264 2763 298 2788 et
313 2758 451 2789 Graevio.
820 2769 880 2789 usu
897 2759 1000 2790 valuit
1025 2769 1083 2799 pro
1099 2761 1197 2790 immo
1209 2772 1217 2788 .-
1240 2760 1339 2791 etiam
1357 2767 1431 2789 cum
1447 2767 1512 2789 ser-

126 2802 169 2830 40
189 2810 251 2830 non
272 2801 398 2840 pudere
423 2800 538 2840 miror]
575 2801 603 2831 V
606 2806 653 2832 at.
679 2801 779 2832 demi.
822 2811 876 2834 mo
891 2806 975 2835 esset
990 2801 1074 2843 apud
1089 2802 1209 2843 plures.

86 2851 151 2873 ror.
192 2842 277 2882 quod
315 2841 470 2880 Faernus,
510 2843 658 2876 Graevius
694 2853 780 2874 rece-
