1785 3185
292 71 391 106 1356
877 69 1126 110 ORATIO

291 168 375 210 suit
396 185 612 226 umquam.
656 173 808 216 Omnis
830 173 1025 217 voluntas
1050 174 1116 215 M.
1140 173 1278 225 Bruti,
1298 183 1437 230 patres
1459 170 1711 230 conscripti,

291 227 430 266 omnis
453 229 676 284 cogitatio,
700 240 790 272 tota
811 246 944 283 mens,
961 232 1259 273 auctoritatem
1282 241 1451 272 senatus
1472 233 1709 273 libertatem

291 284 439 338 populi
464 284 647 327 Romani
681 287 890 332 intuetur:
924 289 1017 329 haec
1050 289 1180 329 habet
1208 290 1442 344 proposita,
1475 289 1568 330 haec
1602 289 1709 329 tueri

291 341 396 380 vult.
419 344 614 394 tentavit,
637 344 738 398 quid
773 346 979 400 patientia
1011 348 1050 375 43
1067 345 1269 399 proficere
1303 356 1459 401 posset.
1481 346 1586 385 nihil
1610 359 1710 386 cum

290 397 529 450 proficeret,
554 401 592 440 vi
626 411 774 441 contra
809 402 893 441 vim
926 401 1231 457 experiendum
1266 403 1447 456 putavit.
1509 402 1591 443 Cui
1616 402 1710 456 qui-

289 452 402 503 dem,
430 465 568 510 patres
591 458 838 513 conscripti,
858 472 932 498 vos
966 458 1077 498 idem
1109 458 1292 498 tribuere
1316 458 1396 499 hoc
1420 469 1614 514 tempore
1635 458 1709 498 de·

289 509 415 561 betis,
436 513 550 567 quod
573 530 610 554 a.
633 514 673 554 cl.
697 528 808 555 x111.
833 513 1014 557 Kalend.
1035 514 1133 556 Jan.
1161 513 1214 554 D.
1238 514 1371 555 Bruto
1393 525 1436 555 et
1453 514 1503 556 C.
1528 514 1706 564 Caesari,

289 580 360 607 me
381 579 568 620 auctore,
590 570 822 611 tribuistis:
854 585 1034 625 quorum
1058 571 1268 626 privatum
1293 571 1344 611 de
1366 571 1584 626 republica
1603 586 1706 612 con-

292 623 431 665 silium
453 636 495 666 et
517 626 677 667 factum
699 627 954 667 auctoritate
989 638 1127 668 vestra
1146 638 1210 667 est
1230 630 1555 682 comprobatum
1578 638 1706 682 atquc

226 686 279 719 24
291 679 522 723 laudatum.
584 684 713 729 Quod
747 683 858 724 idem
892 684 934 724 in
968 683 1034 724 M.
1060 684 1194 724 Bruto
1217 683 1354 725 facere
1375 684 1554 734 debetis,
1575 699 1599 724 a
1619 699 1705 739 quo

245 734 276 764 b·
289 736 549 793 insperatum
567 749 611 780 et
632 740 901 795 repentinum
924 740 1171 796 reipublicae
1203 741 1449 795 praesidium
1471 740 1704 797 legionum,

286 796 514 848 equitatus,
547 797 804 838 auxiliorum
834 812 1002 853 magnae
1035 808 1077 838 et
1110 798 1244 838 firmae
1277 798 1414 853 copiae
1445 807 1704 853 comparatae

286 861 410 892 sunt:
443 853 823 909 adjungendusque
854 865 918 895 est
953 855 1009 900 Q.
1035 854 1305 905 Hortensius,
1325 855 1413 909 qui,
1435 869 1532 895 cum
1551 857 1591 885 44
1606 853 1704 894 Ma-

285 908 508 949 cedoniam
532 911 759 961 obtineret,
781 912 1020 967 adjutorem
1053 926 1096 952 sc
1127 912 1259 952 Bruto
1288 913 1339 952 ad
1369 911 1704 967 comparandum

285 965 537 1014 exercitum,
561 967 853 1009 fidelissimum
884 979 927 1009 et
949 969 1337 1009 constantissimum
1375 969 1573 1024 praebuit.
1605 983 1705 1009 nam

285 1021 338 1061 de
362 1021 427 1062 Μ.
450 1022 635 1078 Apuleio
657 1026 883 1080 separatim
907 1040 1058 1066 censeo
1081 1025 1344 1066 referendum
1364 1043 1372 1066 :
1405 1026 1472 1066 cui
1498 1024 1615 1065 testis
1639 1034 1703 1065 est

284 1091 360 1132 per
380 1077 539 1120 litteras
562 1080 735 1132 Brutus,
756 1096 849 1122 eum
875 1083 1111 1138 principem
1135 1082 1263 1123 fuisse
1285 1083 1336 1123 ad
1358 1094 1556 1123 conatum
1581 1095 1703 1122 exer-

221 1146 273 1180 25
285 1135 394 1175 citus
415 1139 706 1192 comparandi.
738 1140 848 1186 Quae
871 1154 967 1181 cum
991 1140 1052 1180 ita
1072 1140 1180 1181 sint:
1212 1139 1325 1193 quod
1349 1138 1400 1180 C.
1426 1139 1578 1189 Pansa,
1599 1153 1704 1180 con-

285 1191 362 1242 sul,
386 1194 513 1234 verba
542 1194 645 1235 fecit
675 1196 727 1236 de
760 1197 925 1247 litteriS,
947 1212 1043 1251 qua:
1077 1211 1102 1237 a
1124 1198 1180 1243 Q.
1205 1196 1411 1251 Caepione
1434 1196 1585 1246 Bruto,
1604 1210 1702 1251 pro-

280 1249 459 1290 consule
481 1250 633 1303 allatae,
655 1262 698 1293 et
718 1256 758 1283 4⁵
774 1253 871 1294 huic
895 1253 1031 1294 ordini
1068 1255 1255 1294 recitatae
1287 1263 1398 1304 sunt,
1423 1253 1476 1293 de
1503 1267 1553 1293 ea
1574 1267 1618 1293 re
1639 1253 1699 1293 ita

281 1319 456 1348 censeo:
491 1307 602 1348 Cum
626 1310 682 1355 Q.
707 1309 926 1366 Caepionis
958 1310 1096 1362 Bruti,
1127 1309 1405 1366 proconsulis,
1427 1324 1570 1365 opera,
1598 1324 1701 1350 con-

282 1362 392 1413 silio,
415 1363 636 1416 industria,
656 1366 828 1417 virtute,
846 1367 1099 1408 difficillimo
1122 1367 1369 1422 reipublicae
1395 1378 1585 1422 tempore
1604 1381 1702 1422 pro-

281 1419 424 1460 vincia
445 1420 717 1474 Macedonia,
752 1423 985 1479 Illyricum,
1013 1434 1170 1465 cuncta
1192 1424 1377 1473 Graecia,
1398 1423 1603 1480 legioneS,
1625 1438 1701 1464 ex-

281 1476 452 1528 ercitus,
473 1479 701 1533 equitatuS,
725 1481 767 1521 in
789 1482 1027 1532 consulum,
1049 1491 1218 1522 senatus
1252 1480 1483 1537 populique
1515 1480 1700 1522 Romani

279 1542 493 1588 potestate
529 1536 634 1578 sint:
682 1537 725 1579 id
761 1538 818 1584 Q.
853 1537 1104 1594 Caepionem
1146 1539 1343 1588 Brutum,
1388 1537 1697 1593 proconsulem,

279 1590 404 1641 bene,
424 1601 468 1632 et
489 1606 511 1632 e
533 1593 765 1648 republica,
787 1603 831 1636 et
852 1611 927 1636 sua
948 1595 1244 1650 majorumque
1276 1609 1448 1635 suorum
1473 1594 1699 1650 dignitate,

279 1649 674 1705 consuetudineque
704 1652 950 1707 reipublicae
975 1653 1081 1693 bene
1111 1653 1307 1707 gerendae
1333 1651 1498 1701 fecisse,
1521 1666 1699 1706 eamque

215 1702 268 1745 26
280 1718 367 1745 rem
391 1707 554 1747 senatui
589 1707 833 1764 populoque
867 1709 1064 1751 Romano
1097 1720 1261 1765 gratam
1286 1724 1376 1750 esse
1397 1718 1440 1749 et
1461 1708 1580 1751 fore:
1614 1710 1698 1749 uti-

278 1776 360 1816 que
383 1762 439 1808 Q.
464 1762 615 1820 Caepio
640 1764 813 1817 Brutus,
831 1766 1073 1822 proconsul,
1093 1767 1355 1822 provinciam
1379 1765 1697 1817 Macedoniam,

275 1817 510 1873 Illyricum,
534 1831 753 1877 totamque
775 1823 990 1866 Graeciain
1024 1833 1205 1873 tueatur,
1228 1822 1442 1874 defendat,
1469 1823 1697 1873 custodiat,

274 1875 618 1932 incolumemque
655 1889 892 1932 conservet,
924 1881 1048 1935 eique
1076 1881 1300 1930 exercitui,
1322 1894 1449 1934 quem
1481 1880 1572 1935 ipse
1594 1894 1696 1920 con-

273 1933 430 1984 stituit,
452 1936 733 1991 comparavit,
766 1938 925 1992 praesit,
953 1937 1217 1993 pecuniaque
1245 1938 1297 1977 ad
1332 1951 1420 1976 rem
1452 1936 1695 1988 militarem,

273 1989 308 2028 si
340 2004 425 2044 qua
449 2006 556 2046 opus
589 1993 657 2041 sit,
689 2008 785 2048 quae
824 1995 997 2050 publica
1027 1995 1095 2044 sit,
1125 2004 1169 2034 et
1203 1994 1321 2050 exigi
1353 1994 1502 2049 possit,
1536 2003 1693 2045 utatur,

273 2046 435 2102 exigat,
460 2049 759 2105 pecuniasque,
791 2066 816 2091 a
844 2052 998 2106 quibus
1031 2051 1240 2103 videatur,
1262 2052 1313 2091 acl
1347 2065 1433 2091 rein
1468 2050 1695 2092 militarem

273 2114 443 2144 mutuas
466 2115 620 2156 sumat,
643 2105 902 2149 frumentum
926 2109 1121 2163 imperet,
1144 2122 1401 2163 operamque
1423 2107 1509 2158 det,
1528 2118 1575 2148 ut
1596 2123 1694 2148 cum

274 2161 360 2200 suis
383 2162 518 2217 copiis
551 2177 678 2217 quain
711 2165 908 2219 proxime
945 2164 1114 2206 Italiam
1149 2166 1227 2207 sit:
1259 2179 1443 2220 cunique
1464 2179 1516 2205 ex
1542 2164 1691 2205 litteris

274 2216 331 2262 Q.
367 2217 585 2273 Caepionis
622 2220 761 2271 Bruti,
796 2222 1075 2277 proconsulis,
1100 2222 1360 2263 intellectum
1391 2222 1460 2272 sit,
1494 2222 1550 2267 Q.
1579 2221 1691 2262 Hor-

270 2275 396 2314 tensii
427 2277 705 2330 proconsulis,
736 2293 866 2333 opera
897 2290 940 2320 ct
966 2279 1125 2320 virtute
1156 2279 1427 2319 veliementer
1459 2278 1691 2333 rempubli-

271 2344 364 2371 cam
387 2332 594 2386 adjutam,
615 2335 844 2390 omniaque
864 2337 957 2390 ejus
983 2336 1161 2378 consilia
1181 2350 1279 2377 cum
1301 2335 1488 2376 consiliis
1513 2335 1569 2381 Q.
1594 2335 1692 2375 (3ae-

311 2467 352 2496 43
380 2466 539 2538 prqficere
569 2469 687 2508 posset]
727 2470 779 2500 Sic
807 2471 878 2501 edd.
911 2481 959 2511 pr.
1005 2471 1113 2501 Guelf.
1130 2474 1215 2501 recte
1231 2471 1349 2510 recepit
1366 2470 1512 2500 Graexias
1538 2477 1611 2510 post
1634 2469 1693 2501 fa-

269 2507 355 2546 quod
381 2518 466 2539 mae
492 2510 525 2540 in
544 2511 700 2551 perficere
722 2517 887 2543 mutatum
911 2519 960 2543 cst
1003 2517 1133 2543 arnum.
1178 2513 1463 2553 Moxficlissirnum
1488 2524 1505 2543 e
1529 2514 1602 2544 Vnt.
1626 2512 1692 2542 edi-

268 2560 287 2579 e
307 2549 396 2579 libris
421 2551 611 2589 quibusdam
627 2554 768 2593 scriptis,
793 2555 908 2594 quibus
927 2561 960 2586 et
1003 2556 1076 2586 dere
1093 2555 1200 2584 iidem.
1227 2555 1392 2584 consentit
1419 2554 1527 2585 (iucif.
1573 2555 1656 2585 Puto
1672 2566 1689 2586 e

269 2591 377 2622 Guelf.
405 2595 580 2624 consentit.
638 2595 724 2625 Illud
763 2596 898 2627 firmant
926 2602 960 2628 et
1002 2597 1194 2637 compendio
1211 2602 1418 2626 natuinesse.

265 2634 446 2673 sequentia.
489 2636 540 2666 Sic
553 2643 588 2666 et
601 2637 663 2667 Ms.
683 2637 792 2677 Huyd.
1043 2642 1084 2670 45
1106 2639 1182 2668 huic
1202 2638 1307 2667 ordini
1329 2640 1472 2668 recitatoe
1493 2637 1534 2676 S.]
1560 2638 1634 2668 Vat.
1655 2639 1690 2668 in

307 2678 349 2706 44
370 2675 419 2706 M.
435 2677 602 2718 obtineret]
629 2679 680 2710 lta
703 2679 876 2719 legendum
890 2690 958 2711 esse
1001 2682 1057 2711 hoc
1071 2681 1194 2717 ordine,
1209 2680 1294 2719 qnod
1310 2679 1452 2710 Faernus
1466 2685 1499 2710 et
1514 2679 1567 2709 alii
1583 2681 1688 2710 secuti

264 2725 324 2757 pro
360 2718 493 2758 vulgato
521 2721 672 2758 obtineat,
702 2722 771 2761 ipsa
811 2722 958 2753 latinitas
1000 2728 1089 2754 sunt.
1113 2722 1158 2753 nil
1181 2724 1288 2752 refert.
1316 2722 1426 2761 paullo
1451 2727 1523 2763 pust
1543 2732 1605 2762 pro
1632 2732 1690 2752 suo

264 2758 369 2790 docet.
393 2760 512 2800 pendet
539 2763 627 2793 enim
656 2774 676 2794 a
698 2764 851 2803 prabuz't.
895 2765 959 2796 Sed
1000 2766 1059 2797 διο.
1076 2774 1133 2805 pro
1148 2769 1177 2795 et
1191 2773 1252 2795 sua
1268 2764 1327 2796 &c.

263 2800 311 2832 ita
326 2801 448 2834 habent
465 2804 568 2836 etiam
586 2805 668 2838 Mss.
695 2806 840 2845 quidam,
857 2807 891 2838 in
907 2806 957 2838 his
