1812 3147
315 162 392 195 834
913 161 1156 202 ORATIO

181 286 213 316 1⁸·
231 278 301 306 209.
316 263 479 304 strabas
503 262 646 305 fuisse.
706 263 772 305 Tu
792 266 1030 308 misericors
1047 282 1115 308 me
1134 267 1304 308 affinem
1327 280 1464 317 tuum,
1483 267 1523 296 ³³⁶
1536 277 1664 322 quem
1684 235 1791 306 cod*

271 329 300 348 ἃ·
315 320 448 360 mitiis
472 321 570 370 tuis,
585 323 884 378 praerogativae
901 325 1085 380 primum
1103 326 1324 366 custodem
1345 325 1613 379 prael'eeeras,
1630 335 1760 378 quem
1777 332 1803 391 'z‘

317 376 522 418 Kalendis
551 378 651 420 Jan.
680 379 806 420 tertio
839 380 933 422 loeo
968 383 1222 423 sententiam
1257 396 1445 437 rogaras,
1475 380 1759 422 constrictum

314 433 500 476 inimicis
532 436 780 491 reipublicae
817 438 1054 479 tradidisti:
1088 449 1132 479 tu
1165 454 1308 480 meum
1338 453 1559 494 generum,
1581 436 1759 493 propin·
1790 431 1803 498 j

315 505 447 546 quum
480 501 626 535 tuum:
661 502 705 533 tu
742 494 913 535 affinem
949 506 1080 544 tuam,
1105 496 1236 537 filiam
1266 510 1420 545 meam,
1443 493 1760 551 superbissimis
1786 511 1803 553 :-

314 552 358 588 et
379 549 682 594 crudelissimis
707 552 846 591 verbis
870 567 893 591 a
916 553 1096 607 genibus
1118 555 1202 593 tuis
1223 551 1414 608 repulisti
1433 570 1442 594 :
1476 553 1676 608 idemque
1694 559 1758 600 tu,

314 605 544 647 clementia
566 622 614 648 ac
634 607 927 649 misericordia
949 609 1168 664 singulari,
1191 624 1289 650 cum
1311 623 1392 665 ego
1409 624 1495 650 una
1512 623 1611 649 cum
1634 621 1761 662 repu-
1787 623 1794 657 χ

315 661 429 703 blica
464 678 550 705 non
582 664 830 715 tribunicio,
854 666 922 705 sed
959 667 1170 707 consulari
1202 667 1289 707 ictu
1321 666 1761 715 concidissem,tanto

315 720 486 769 scelere,
510 731 714 776 tantaque
745 722 1075 778 intemperantia
1104 723 1238 774 suisti,
1276 733 1322 764 ut
1352 738 1405 763 nc
1435 736 1561 764 unam
1585 721 1760 777 quidem
1799 719 1801 721 ’

315 775 465 818 horam
491 778 693 818 interesse
719 788 908 834 paterere
935 780 1043 820 inter
1076 795 1216 822 meam
1247 790 1410 836 pestem
1443 789 1486 819 et
1510 789 1628 820 tuam
1652 791 1760 833 prae-

316 833 440 885 dam3
473 834 620 875 saltem
653 835 755 875 dum
783 837 1093 877 conticesceret
1122 838 1194 879 illa
1226 837 1476 878 lamentatio
1503 845 1546 876 et
1573 835 1759 889 gemitus

258 901 304 935 18
318 891 449 933 urbis.
513 892 717 933 'mondum
742 893 881 949 palam
904 893 1064 935 factum
1089 906 1179 936 crat
1203 894 1411 936 occidisse
1435 892 1759 949 rempublicam,

316 962 414 989 cum
454 949 532 1001 tibi
560 949 737 990 arbitria
766 950 926 992 funeris
961 951 1248 993 solvebantur.
1273 966 1358 992 uno
1385 951 1621 1006 eodemque
1653 959 1759 989 tem-

316 1020 420 1061 pore
456 1006 608 1046 domus
645 1021 737 1047 mea
770 1008 1070 1063 diripiebatur,
1103 1010 1294 1060 ardebat,
1330 1009 1445 1049 bona
1481 1007 1532 1048 ad
1569 1007 1762 1048 vicinum*

314 1062 533 1103 consulem
571 1063 624 1103 de
657 1063 839 1116 Palatio,
862 1066 914 1105 de
943 1064 1187 1107 Tusculano
1220 1066 1271 1107 ad
1309 1065 1410 1106 item
1442 1066 1631 1106 vicinum
1656 1062 1760 1104 alte-

313 1134 407 1160 rum
432 1120 649 1161 consulem
673 1122 999 1163 deferebantur:
1031 1137 1146 1174 eum,
1169 1124 1319 1164 iisdem
1343 1123 1483 1180 operis
1506 1120 1759 1176 suffragium

314 1176 567 1228 ferentibus,
608 1178 760 1220 eodem
799 1179 1035 1234 gladiatore
1073 1180 1221 1231 latore,
1263 1194 1399 1221 'vacuo
1442 1195 1527 1220 uon
1570 1178 1699 1219 modo
1737 1192 1762 1218 a

314 1235 455 1284 bouis,
475 1235 546 1276 sed
579 1235 708 1276 etiam
736 1252 760 1276 a
792 1236 951 1287 libe-sis,
971 1248 1099 1292 atquc
1133 1238 1246 1278 inani
1282 1237 1391 1288 foro,
1425 1238 1575 1278 i‘rnaro
1598 1233 1760 1292 populo

1446 1273 1468 1286 η

315 1290 518 1332 Romano
553 1292 657 1346 quid
697 1304 908 1349 ageretur,
943 1307 1089 1334 senatu
1131 1309 1230 1335 vero
1265 1309 1470 1351 oppresso
1502 1304 1546 1334 et.
1583 1293 1760 1342 afflicto,

315 1348 483 1388 duobus
516 1349 660 1404 impiis
695 1351 953 1406 nefariisque
981 1352 1244 1403 consulibus,
1267 1352 1479 1402 aerarium,
1511 1348 1760 1406 provinciae,

316 1405 522 1461 legiones,
546 1407 726 1462 imperia
747 1408 1033 1449 donabantur.

271 1457 303 1504 8
377 1462 547 1504 Horum
570 1465 793 1506 consulum
828 1466 971 1506 ruinas
1006 1481 1080 1506 vos
1109 1466 1303 1508 eonsules
1334 1475 1474 1507 vestra
1499 1465 1657 1506 virtute
1682 1462 1762 1504 ful-

318 1519 456 1571 sistis3
489 1536 655 1562 summa
690 1523 957 1564 tribunorum
990 1523 1126 1579 plebis
1163 1533 1481 1579 praetorumque
1516 1523 1598 1563 fide
1628 1530 1672 1562 ct
1697 1520 1761 1560 di-

257 1584 302 1619 19
318 1576 498 1633 ligentia
519 1579 744 1620 sublevati.
788 1580 905 1627 Quid
925 1595 1006 1633 ego
1026 1581 1078 1621 de
1095 1582 1448 1635 praestantissimo
1474 1580 1579 1630 viro,
1602 1577 1653 1619 T.
1672 1577 1761 1618 An-

314 1635 402 1685 nio,
426 1634 595 1677 dicam?
627 1646 701 1677 aut
731 1639 825 1692 quis
858 1638 910 1678 de
942 1633 1015 1678 tali
1048 1638 1143 1678 eive
1175 1639 1277 1683 satis
1311 1639 1440 1694 digne
1475 1650 1677 1691 umquam
1701 1634 1762 1674 lo-

312 1695 495 1746 quetur?
535 1694 607 1748 qui
647 1708 745 1734 cum
783 1695 960 1743 videret,
988 1695 1240 1736 sceleratum
1274 1695 1427 1745 civem,
1455 1704 1530 1735 aut
1558 1691 1761 1734 domesti-

312 1764 411 1789 cum
437 1751 579 1805 potius
603 1750 787 1802 hostem,
810 1753 842 1793 si
872 1752 1039 1808 legibus
1071 1752 1131 1792 uti
1166 1753 1325 1804 liceret,
1341 1752 1511 1807 judicio
1533 1765 1624 1791 esse
1648 1750 1761 1790 fran-

312 1806 423 1860 gend
433 1821 501 1846 um
519 1825 526 1849 :
561 1807 623 1848 siu
646 1808 738 1864 ipsa
752 1809 922 1863 judicia
937 1809 998 1850 vis
1017 1809 1244 1866 impediret
1263 1825 1312 1850 ac
1332 1809 1513 1859 tolleret,
1535 1806 1758 1848 audaciam

312 1863 487 1914 virtute,
519 1864 707 1906 furorem
741 1866 1009 1917 fortitudine,
1045 1866 1328 1908 temeritatem
1363 1865 1559 1916 consilio,
1584 1878 1759 1907 manum

313 1934 462 1972 manu,
495 1922 581 1962 vim
617 1923 654 1963 vi
691 1937 781 1964 esse
826 1924 1133 1979 superandam:
1177 1924 1313 1979 primo
1347 1924 1399 1964 de
1434 1924 1473 1963 vi
1514 1920 1761 1978 postulavit.

317 1987 597 2033 posteaquam
637 1981 692 2020 ab
725 1981 875 2022 eodem
899 1981 1068 2035 judicia
1099 1981 1266 2022 sublata
1299 1996 1389 2022 esse
1424 1980 1556 2032 vidit3
1598 1993 1651 2020 ne
1694 1977 1762 2018 ille

268 2035 463 2075 b·omnia
496 2037 536 2076 vi
574 2045 718 2094 posset
748 2038 931 2088 efficere,
953 2038 1144 2079 curavit:
1179 2039 1250 2092 qui
1275 2038 1438 2088 (locuit,
1472 2051 1610 2092 neque
1635 2044 1763 2086 tecta,

316 2105 456 2146 neque
495 2094 668 2150 templa,
706 2109 845 2150 neque
887 2094 1045 2146 forum,
1077 2109 1216 2150 neque
1256 2096 1433 2146 curiam,
1470 2095 1561 2135 sine
1598 2106 1766 2134 summa

317 2148 491 2199 virtute,
514 2165 563 2191 ac
596 2151 798 2193 maximis
830 2152 984 2208 opibus
1009 2162 1053 2193 et
1074 2152 1210 2208 copiis
1233 2153 1286 2193 ab
1310 2151 1514 2193 intestino
1538 2149 1764 2199 latrocinio

316 2219 442 2259 posse
471 2207 666 2249 defendi:
708 2209 781 2264 qui
813 2210 990 2265 primus,
1014 2219 1111 2265 post
1134 2219 1285 2250 'meum
1318 2209 1567 2258 discessum,
1600 2215 1763 2248 metum

319 2262 511 2312 bonis,37
529 2279 646 2320 spem
681 2266 931 2317 audaeibus,
961 2267 1156 2308 timorem
1193 2266 1292 2307 huic
1328 2267 1482 2316 ordini,
1513 2265 1763 2306 servitutem

250 2320 306 2354 20
319 2318 483 2375 depulit
504 2322 686 2362 civitati.
748 2324 891 2370 Quam
923 2324 1132 2365 rationem
1163 2324 1251 2378 pari
1285 2324 1457 2372 virtute,
1480 2323 1639 2373 animo,
1664 2321 1762 2372 fide,

318 2376 369 2416 P.
395 2377 568 2418 Sextius
594 2390 779 2430 secutus,
804 2395 878 2436 pro
913 2396 1007 2421 mea
1040 2381 1187 2432 salute,
1213 2395 1287 2436 pro
1320 2390 1459 2421 vestra
1490 2379 1762 2429 auctoritate,

334 2448 394 2473 iro
418 2444 530 2474 statu
559 2436 762 2487 cix·itatiS‚
787 2434 920 2478 nullas
949 2438 1029 2479 sibi
1056 2438 1318 2486 iuimicitias,
1356 2437 1513 2478 nullam
1545 2437 1646 2487 vim,
1671 2435 1761 2476 nul-

315 2449 379 2531 ios
404 2491 603 2547 impetus,
621 2493 781 2534 nullum
815 2494 914 2535 vita]
943 2496 1170 2536 discrimen
1206 2495 1426 2535 vitandum
1455 2508 1655 2549 umquam
1688 2507 1763 2548 pu-

317 2548 450 2589 tavit:
485 2550 557 2604 qui
581 2565 754 2592 eausam
774 2562 942 2593 senatus
960 2553 1224 2611 exagitatam
1243 2551 1525 2593 concionibus
1545 2553 1764 2606 improbo-

318 2689 398 2718 satis
424 2689 532 2728 explet
560 2700 664 2721 aures.
711 2693 865 2723 Ceterum
892 2694 1020 2725 restitui
1065 2694 1130 2724 Ms.
1149 2693 1235 2724 Pith.
1255 2693 1322 2724 Erf.
1339 2692 1457 2723 addidit
1476 2693 1632 2723 Graevius.

320 2736 461 2761 veterem
486 2731 662 2764 lectionem
685 2735 881 2774 eapellerent
907 2735 1022 2765 leviter
1107 2740 1145 2769 ‚37
1169 2746 1254 2775 spem
1280 2736 1471 2775 audacibus]
1500 2735 1573 2765 1100
1592 2735 1763 2765 acrum-o

320 2779 483 2803 mutatam
511 2775 544 2804 in
567 2776 773 2815 depellerent,
791 2777 876 2815 quod
890 2783 1021 2817 tempus
1064 2778 1196 2808 additur
1220 2789 1236 2808 e
1266 2779 1344 2808 Mss.
1373 2778 1481 2807 Etiam
1510 2779 1541 2808 in
1569 2778 1631 2807 Gu.
1657 2783 1706 2806 (et
1733 2780 1763 2807 et
1782 2776 1812 2818 2¹

320 2816 535 2854 iu·‹.·‹=s=arium
560 2817 612 2848 hic
636 2823 696 2848 est.
742 2818 947 2859 Depulc'ssem
971 2824 1019 2850 est
1064 2821 1281 2850 audmt.11ti11
1303 2820 1374 2850 cdd.
1399 2830 1446 2859 pr.
1469 2827 1546 2851 ante
1561 2819 1681 2850 Aldum
1697 2828 1765 2855 υιῐι-ι
1798 2822 1812 2844 ’1

320 2866 336 2897 a
354 2858 507 2888 Cratero.
1067 2863 1173 2900 nibus,
1191 2863 1244 2903 qui
1261 2863 1292 2893 id
1311 2862 1440 2893 delevit.
1738 2861 1739 2864 ¹
1800 2854 1810 2887 ἱ

318 2899 320 2903 ’
363 2900 403 2928 :30¹
425 2910 516 2938 quem
541 2903 677 2932 comitiis
701 2904 779 2944 tuis]
809 2902 887 2934 Tuis
902 2904 982 2935 bene
1007 2915 1023 2935 e
