1769 3174
264 77 342 114 963
840 68 1097 111 ORATIO

250 175 390 227 datos,
412 190 520 228 reos,
542 176 594 218 de
624 175 780 233 capite,
801 176 854 218 de
885 175 1014 228 fama,
1035 176 1088 217 de
1119 175 1310 226 civitate,
1334 176 1386 218 de
1422 175 1622 229 fortunis,
1643 176 1696 219 de

251 232 399 274 liberis
445 234 699 275 ldimicare:
732 247 804 274 eos
837 243 994 284 autem,
1018 233 1091 288 qui
1125 233 1271 274 omnia
1301 232 1448 274 divina
1480 243 1524 275 et
1548 233 1700 275 huma-

251 303 309 331 na
332 290 546 342 violarint,
577 291 788 342 vexarint,
819 290 1124 346 perturbarint,
1154 290 1404 340 everterint,
1436 305 1521 331 non
1561 290 1697 331 solum

254 347 413 388 alacres
437 347 643 403 laetosque
666 347 857 397 volitare,
881 347 986 387 2sed
1008 346 1138 386 etiam
1170 345 1430 388 voluntarios
1453 346 1697 388 fortissimis

255 413 384 458 atque
405 404 581 460 optimis
603 404 770 446 civibus
802 402 1040 460 periculum
1073 402 1226 451 moliri,
1249 402 1300 443 de
1331 418 1374 444 se
1402 403 1507 444 nihil
1533 404 1698 444 timere.

154 492 157 494 -
214 465 242 504 2
258 459 308 501 In
331 475 416 516 quo
440 464 569 502 3cum
592 461 728 502 multa
749 460 834 501 sint
853 459 1045 515 indigna,
1067 467 1159 500 tum
1181 458 1289 499 nihil
1310 461 1449 501 minus
1479 469 1543 501 est
1561 459 1699 500 feren-

254 517 512 573 dum,quam
525 518 637 572 quod
655 517 748 572 jam
771 530 858 557 non
881 530 955 571 per
977 516 1160 556 latrones
1183 529 1296 567 su05‚
1310 531 1395 557 non
1415 531 1490 573 per
1505 516 1700 557 homines

253 584 445 628 egestate
471 584 515 615 et
548 574 703 615 scelere
734 572 938 629 perditos,
962 572 1033 612 sed
1057 587 1131 628 per
1153 587 1228 613 vos
1255 573 1394 624 nobis,
1415 588 1489 630 per
1509 573 1699 629 optimos

253 632 367 672 viros
397 631 571 687 optimis
594 630 760 672 civibus
794 628 1031 686 periculum
1066 628 1220 670 inferre
1248 640 1482 672 conantur:
1514 640 1571 680 et,
1590 645 1698 685 quos

252 687 483 743 lapidibus,
506 702 613 742 quos
639 686 765 737 ferro,
782 700 889 742 quos
909 684 1091 736 facibus,
1111 700 1218 741 quos
1238 686 1295 737 vi,
1312 701 1455 738 manu,
1475 686 1612 742 copiis
1627 687 1701 727 de-

254 742 340 785 lere
361 759 446 785 non
472 753 720 800 potuerunt,
743 743 821 784 hos
844 751 984 783 vestra
1015 743 1285 794 auctoritate,
1316 755 1456 784 vestra
1480 743 1701 799 religione,

255 802 407 841 vestris
438 801 660 842 sententiis
687 815 730 841 se
753 813 1031 856 oppressuros
1063 799 1337 840 arbitrantur.
1389 799 1518 856 4Ego
1541 808 1700 852 autem,

248 857 435 913 judices,
457 859 572 913 quia,
594 872 679 913 qua
701 870 806 898 voce
835 855 943 897 mihi
974 856 1017 896 in
1049 856 1225 912 agendis
1250 856 1414 913 gratiis,
1437 871 1700 898 commemo-

209 914 474 970 b,randoque
495 929 658 965 eorum,
680 914 753 970 qui
787 913 839 954 de
866 926 935 954 me
967 912 1131 969 optime
1162 922 1261 954 sunt
1289 914 1445 965 meriti,
1475 913 1700 965 beneficia,

255 986 346 1013 esse
369 971 574 1012 utendum
595 972 880 1027 putabam,ea
900 984 1015 1011 nunc
1035 970 1095 1010 uti
1115 984 1250 1027 cogor
1271 970 1315 1011 in
1333 985 1480 1011 eorum
1499 970 1699 1026 periculis

256 1029 542 1084 depellendis:
574 1028 625 1069 iis
648 1027 921 1084 potissimum
944 1041 1029 1068 vox
1052 1026 1147 1069 haec
1170 1028 1700 1083 se1·viat„quorum.opera

210 1086 242 1132 2
257 1096 301 1126 et
322 1085 442 1136 mihi,
465 1094 508 1126 et
527 1085 663 1136 vobis,
679 1093 722 1126 et
745 1084 903 1141 populo
924 1083 1122 1124 Romano
1143 1085 1339 1126 restituta
1355 1093 1433 1126 est.
1460 1084 1529 1135 Et,
1547 1099 1698 1140 quam-

218 1157 384 1198 3quam
408 1158 433 1183 a
455 1142 511 1188 Q.
534 1141 785 1192 Hortensio,
807 1140 1042 1182 clarissimo
1068 1141 1157 1182 viro
1181 1151 1309 1196 atque
1331 1141 1698 1197 eloquentissimo,

255 1215 385 1240 causa
405 1208 470 1240 est
494 1199 543 1240 P.
567 1199 705 1240 Sextii
731 1208 941 1254 perorata,
964 1197 1155 1252 nihilque
1182 1199 1235 1238 ab
1258 1213 1308 1239 eo
1332 1199 1699 1255 ⁵praetermissum

253 1266 332 1307 est,
356 1256 471 1311 quod
495 1265 567 1297 aut
590 1270 668 1313 pro
700 1255 920 1311 republica
940 1255 1288 1310 conquerendum
1313 1253 1409 1307 fuit,
1430 1263 1505 1297 aut
1526 1270 1603 1311 pro
1625 1270 1697 1297 reo

252 1313 587 1369 disputandum:
620 1321 763 1353 tamen
797 1311 1023 1368 aggrediar
1056 1312 1108 1352 ad
1139 1312 1384 1364 dicendum,
1403 1326 1456 1353 ne
1480 1326 1575 1354 mea
1598 1327 1696 1368 pro-

252 1370 464 1426 pugnatio
486 1371 524 1411 ei
545 1370 817 1426 potissimum
837 1368 1022 1410 defuisse
1045 1369 1252 1420 videatur,
1271 1383 1345 1424 per
1366 1383 1495 1425 quem
1517 1378 1581 1410 est
1603 1383 1698 1425 per-

252 1427 431 1478 fectum,
453 1441 506 1468 ne
537 1426 688 1468 ceteris
719 1425 886 1468 civibus
916 1426 1094 1468 deesset.
1155 1425 1299 1481 Atque
1331 1441 1413 1483 ego
1447 1426 1507 1468 sic
1539 1435 1698 1478 statuo,

246 1484 433 1540 judiam,
457 1500 480 1525 a
502 1498 569 1524 me
593 1484 634 1524 in
660 1483 740 1524 hac
760 1498 902 1534 causa,
924 1492 1052 1538 atque
1075 1483 1157 1524 hoc
1178 1491 1373 1524 extremo
1394 1483 1564 1525 dicendi
1586 1483 1698 1535 loco,

252 1541 427 1598 pietatis
445 1541 741 1597 potiUS‚quam
761 1540 1040 1582 defensionis:
1064 1540 1399 1595 querelae,quam
1416 1539 1697 1596 eloquentiae:

215 1597 429 1649 4doloris,
450 1613 578 1653 quam
604 1598 765 1654 ingenii
789 1609 928 1653 partes
960 1611 1050 1638 esse
1081 1607 1314 1653 susceptas.
1374 1597 1599 1653 Itaque‚‚si
1623 1606 1698 1638 aut

253 1656 392 1697 acrius
413 1670 558 1712 egero,
580 1665 655 1696 aut
676 1654 863 1706 liberius,
882 1668 1011 1709 quam
1029 1654 1102 1709 qui
1127 1663 1225 1695 ante
1246 1669 1314 1696 me
1335 1654 1562 1696 dixerunt:
1595 1663 1696 1711 peto

252 1726 278 1753 a
300 1712 436 1763 vobis,
459 1720 507 1754 ut
530 1722 696 1753 tantum
718 1712 902 1753 orationi
926 1725 1033 1752 meae
1052 1711 1312 1762 concedatis,
1328 1720 1536 1767 quantum
1558 1720 1601 1752 et
1622 1711 1696 1768 pio

249 1769 385 1810 dolori
410 1769 600 1825 etjustae
623 1769 857 1810 iracundiae
878 1768 1201 1811 concedendum
1224 1770 1398 1825 putetis.
1420 1783 1559 1824 neque
1579 1769 1695 1810 enim

250 1826 397 1868 officio
420 1826 693 1882 conjunctior
723 1826 845 1867 dolor
875 1825 1000 1867 ullius
1024 1839 1114 1867 esse
1138 1834 1295 1882 potest,
1317 1840 1444 1881 quam
1468 1825 1538 1867 hic
1559 1839 1694 1878 meus,

250 1892 474 1940 susceptus
496 1898 551 1925 ex
573 1882 774 1934 hominis,
796 1883 849 1924 de
866 1896 934 1924 me
953 1882 1115 1938 optime
1134 1883 1290 1934 meriti,
1311 1882 1524 1939 periculo:
1557 1897 1695 1938 neque

249 1940 473 1984 iracundia
493 1941 631 1997 magis
652 1940 738 1982 ulla
758 1940 983 1991 laudanda,
1006 1954 1134 1995 quam
1159 1954 1223 1991 ea,
1245 1955 1341 1995 quae
1364 1955 1433 1981 me
1455 1939 1696 1981 inflammat

295 2056 309 2084 1
334 2054 506 2094 dimicare]
533 2054 585 2084 Sic
601 2053 747 2094 rescripsi
771 2054 951 2084 necessario
995 2055 1082 2084 verbi
1107 2053 1171 2084 vim
1194 2053 1293 2085 aliam
1315 2053 1469 2091 callebat,
1484 2062 1580 2093 quam
1601 2052 1694 2084 illam

250 2105 310 2137 pro
325 2097 525 2127 dimicantes.
558 2097 746 2137 Respondet
760 2096 849 2127 enim
865 2095 952 2126 clare
996 2096 1176 2136 vulgarem.

250 2139 287 2169 in
301 2139 465 2169 contrario
480 2139 627 2169 volitare.

294 2182 314 2211 2
327 2181 383 2210 sed
395 2181 495 2211 etiam
511 2181 711 2211 voluntarios
713 2179 750 2220 f
767 2190 799 2211 α.
817 2190 844 2210 ο.
860 2190 886 2210 c.
895 2189 953 2220 pe-

248 2222 395 2253 riculum
407 2223 529 2261 moliri]
544 2222 750 2253 Voluntarios
762 2232 873 2253 verum
886 2231 954 2252 esse

250 2273 320 2295 non
341 2268 468 2305 potest:
491 2269 540 2294 est
561 2265 650 2295 enim
665 2265 814 2304 ineptum
831 2264 893 2294 hoc
907 2264 955 2294 di-

249 2316 335 2343 cere,
350 2316 425 2337 eum
445 2306 651 2345 intelligatur
666 2317 723 2347 per
747 2316 791 2337 se.
835 2306 863 2337 A
885 2307 956 2346 qui-

249 2348 385 2379 busdam
400 2349 478 2379 Mss.
501 2357 534 2378 et
549 2348 620 2379 edd.
643 2349 745 2379 abest.
763 2348 822 2379 Ed.
837 2349 952 2378 Juntae

249 2389 350 2421 habet
367 2392 562 2422 voluntario.
607 2391 640 2420 Si
663 2391 741 2429 quid
763 2391 814 2420 hic
837 2391 951 2422 Cicero

249 2432 381 2463 volebat
397 2432 512 2463 addere
532 2433 718 2469 sententiae,
732 2432 871 2463 debebat
886 2441 952 2462 esse

249 2476 351 2512 ultro,
367 2474 453 2514 quod
468 2475 635 2514 eleganter
656 2475 777 2505 dicitur
791 2484 848 2514 pro
863 2475 951 2504 iusu-

245 2525 326 2556 μὴ’,-
350 2525 498 2557 saepeque
521 2519 554 2547 in
578 2516 754 2547 insolentia
778 2516 951 2547 hominum

251 2558 463 2599 exprimenda
477 2559 640 2597 adjicitur,
651 2566 688 2589 ut
698 2569 748 2598 ap.
756 2558 950 2589 Terentium

250 2600 338 2631 Eun.
354 2601 395 2638 V,
412 2603 442 2632 2.
459 2605 555 2641 alque
577 2602 678 2631 etiam
699 2603 786 2631 ultro
805 2601 949 2630 derisum

249 2644 348 2673 venit.
394 2643 433 2674 ln
456 2652 494 2673 eo
518 2643 615 2673 verbo
636 2643 760 2673 librarii
783 2642 948 2672 interdum

250 2684 384 2715 har-sere.
441 2685 548 2724 Atque
577 2685 622 2714 sic
650 2690 730 2724 puto
758 2685 949 2715 Ciceronem

248 2727 424 2767 scripsisse,
439 2732 474 2757 et
494 2729 528 2757 in
543 2728 613 2766 ejus
628 2726 738 2756 locum
751 2726 874 2756 venisse
890 2736 948 2756 no-

248 2772 319 2799 tam
335 2769 530 2809 adscriptam
554 2779 572 2799 a
594 2769 785 2808 glossatore,
800 2770 948 2799 volunla-

247 2811 310 2850 ηὀ,
326 2811 378 2843 vel
393 2811 604 2850 voluntarios,
622 2811 676 2851 qui
700 2810 825 2843 nullam
849 2810 947 2851 hujus

1038 2142 1056 2169 3
1079 2149 1154 2169 cum
1178 2138 1285 2168 multa
1306 2138 1371 2168 sint
1391 2136 1545 2176 indigna]
1575 2137 1627 2168 Sic
1649 2137 1695 2167 le-

997 2180 1139 2220 gendum
1163 2180 1341 2211 necessario
1366 2189 1425 2219 pro
1449 2179 1582 2219 vulgato
1604 2184 1694 2217 sunt,

997 2229 1056 2253 aut
1078 2223 1112 2253 in
1135 2223 1240 2253 altero
1264 2222 1411 2252 membro
1433 2226 1479 2252 ese
1501 2221 1692 2252 delendum=

997 2265 1052 2296 sed
1067 2266 1130 2295 sine
1147 2265 1244 2296 habet
1258 2263 1308 2294 ed.
1330 2263 1426 2294 Junt.
1441 2264 1550 2304 itaque
1565 2263 1598 2294 id
1612 2273 1696 2304 prae·

997 2307 1072 2339 tuli.

1035 2351 1056 2379 4
1078 2347 1155 2388 Ego
1170 2353 1294 2384 autem,
1318 2348 1409 2387 quia,
1434 2358 1499 2388 qua
1520 2357 1594 2378 voce
1616 2345 1691 2387 &c.]

995 2390 1087 2432 Quia
1100 2401 1118 2421 e
1132 2396 1240 2421 vetere
1252 2390 1336 2420 libro
1353 2389 1557 2420 Hotmnanni
1572 2389 1694 2426 addidi,

995 2438 1030 2463 et
1058 2433 1143 2463 infra
1170 2437 1243 2473 post
1266 2433 1457 2471 &mellendis
1484 2441 1543 2472 pro
1569 2435 1694 2472 puncto

995 2474 1092 2505 colon
1106 2475 1166 2505 feci
1181 2486 1190 2512 3
1213 2479 1252 2504 ut
1266 2482 1315 2504 est
1331 2474 1365 2504 in
1379 2474 1452 2505 edd.
1469 2478 1552 2505 vett.
1568 2473 1645 2513 quia
1658 2474 1694 2504 in

994 2517 1203 2555 sequentibus
1226 2516 1399 2546 manifeste
1421 2525 1621 2554 consequens
1643 2519 1695 2546 est

994 2559 1167 2589 sententia!
1182 2559 1352 2596 utriusque
1366 2557 1588 2598 praeeedentiS.
1613 2558 1693 2588 Mox

993 2611 1068 2631 cum
1092 2601 1220 2631 Grau-io
1240 2610 1258 2630 e
1281 2600 1345 2631 Ms.
1370 2600 1422 2631 Fr.
1439 2600 1511 2631 dedi
1528 2600 1692 2639 beneficia.

992 2652 1068 2673 nam
1099 2642 1272 2681 singularis
1300 2642 1424 2672 alienus
1460 2646 1521 2672 est.
1578 2642 1692 2673 Cicero

992 2684 1074 2715 dixit
1089 2685 1366 2715 commemorando
1383 2683 1547 2725 beneficia,
1563 2689 1602 2714 ut
1620 2693 1693 2714 ora-

990 2727 1116 2757 tionem
1132 2727 1283 2757 variaret.

1033 2772 1052 2799 5
1078 2769 1337 2808 proetermissum
1364 2767 1424 2809 est]
1460 2766 1526 2800 Est
1551 2767 1693 2801 arbitror

989 2819 1058 2843 csse
1073 2810 1260 2845 delendum.
