1785 3185
511 96 859 140 PHILIPPICA
885 101 1087 140 SEXTA.
1419 103 1518 140 1343

379 258 449 307 M.
489 258 758 307 TULLII
803 259 1231 308 CICERONIS
1517 268 1562 302 *-

184 439 278 509 M.
368 443 426 505 A
505 443 573 510 N
652 371 850 510 Tng)
934 443 993 510 N
1084 443 1114 508 Ι
1191 442 1259 510 U
1339 444 1415 510 M

487 567 606 621 AD
650 563 1107 631 QUIRITES‚

389 682 890 731 PHILIPPICA
927 683 1200 731 SEXTA.

235 795 467 834 ORATIO
501 796 732 834 OCTAVA
768 796 844 833 ET
878 796 1372 837 QUADRAGESIMA.

590 962 995 1001 ARGUMENTUM.

79 1031 169 1068 Cum
187 1032 311 1068 habita
333 1032 514 1080 superiore
537 1033 710 1068 Oratione
736 1031 881 1067 Salvius
909 1032 1085 1067 Tribunus
1105 1033 1158 1079 pl.
1187 1033 1449 1075 intercessisset,
1468 1042 1514 1075 ne,

129 1085 293 1121 discessio
299 1085 422 1134 fieret,
442 1085 538 1131 quod
544 1084 666 1133 facile
691 1084 930 1131 intelligebat,
945 1084 1136 1132 plerosque
1162 1086 1200 1120 in
1228 1085 1407 1120 Ciceronis
1432 1097 1510 1121 sen-

128 1137 279 1172 tentiam
298 1148 380 1177 esse,
395 1138 562 1183 inprimis
580 1138 625 1172 (le
642 1136 772 1183 legatis
787 1137 836 1171 acl
849 1137 1050 1171 Antonium
1064 1148 1136 1171 non
1154 1138 1350 1179 mittendis,
1370 1139 1484 1172 ituros
1495 1152 1507 1177 ,-

122 1190 250 1235 paucis
269 1189 389 1224 diebus
403 1193 496 1236 post,
517 1200 598 1226 cum
616 1189 659 1224 de
675 1189 798 1224 eadem
828 1200 867 1223 re
883 1191 972 1223 esset
995 1192 1117 1223 actum
1135 1189 1173 1223 in
1195 1193 1335 1230 senatu,
1356 1190 1513 1225 Senatus

126 1241 326 1276 consultum
353 1242 389 1276 in
414 1252 491 1276 eum
511 1238 881 1289 sententiamsactum
897 1244 962 1282 est,
985 1251 1064 1287 quce
1082 1240 1219 1286 legatos
1237 1241 1286 1276 ad
1311 1242 1515 1280 Antonium,

126 1292 312 1328 Mutinam
334 1293 551 1328 obsidentem
572 1294 672 1328 ‘mitti
690 1293 912 1333 decernebat,
940 1293 1003 1339 qui
1021 1293 1243 1332 nuntiarent,
1263 1304 1306 1327 ne
1322 1305 1512 1340 oppugna-

125 1349 181 1380 ret
199 1345 375 1380 consulem
393 1345 630 1391 designatum,
646 1356 691 1380 ne
708 1344 893 1380 Mutinam
911 1344 1099 1385 obsideret,
1113 1356 1157 1379 ne
1172 1346 1398 1392 provinciam
1421 1345 1511 1380 Gal-

126 1397 215 1432 liam
233 1397 523 1444 depopularetur,
543 1408 587 1431 ue
604 1397 756 1432 dilectus
781 1397 924 1431 liaberet
936 1409 950 1436 ‚·
980 1400 1068 1431 esset
1089 1398 1125 1432 in
1144 1396 1299 1432 Senatus
1311 1398 1513 1445 populique,

125 1447 286 1484 Romani
298 1453 490 1496 potestate.
543 1449 625 1483 Hoc
643 1448 798 1484 Senatus
818 1447 988 1484 Consulto
996 1446 1106 1493 facto
1131 1449 1229 1484 venit
1247 1449 1285 1484 in
1308 1450 1512 1491 concionem

127 1499 264 1542 Cicero,
282 1505 318 1535 et
338 1502 534 1548 productus
553 1500 596 1535 ab
614 1501 770 1548 Apuleio
798 1500 942 1536 tribuno
966 1499 1095 1546 plebis,
1110 1501 1230 1548 primo
1259 1501 1303 1536 de
1329 1501 1515 1547 legatione

119 1553 170 1590 ad
181 1552 394 1600 Pompeium
408 1553 552 1587 decreta
569 1554 714 1600 exponit
724 1566 737 1591 ;
767 1553 907 1594 deinde,
926 1552 1020 1587 nihil
1039 1551 1178 1599 legatos
1195 1553 1294 1599 apud
1309 1553 1512 1592 Antonium

115 1602 346 1655 profecturos
375 1608 590 1651 auguratur,
609 1616 653 1640 ac
679 1605 823 1639 tandem
838 1603 1014 1652 populum
1032 1605 1080 1640 ad
1110 1603 1331 1652 Reipublicae
1349 1609 1384 1640 et
1403 1605 1510 1641 liber«

122 1657 211 1692 tatis
227 1657 387 1692 studium
407 1656 629 1693 cohortatur.

68 1723 329 1788 AUDITA
346 1746 468 1788 vobis
486 1761 579 1788 esse
596 1746 793 1797 arbitror,
817 1745 1023 1797 Quirites,
1041 1759 1137 1802 qeae
1158 1745 1244 1786 siut
1262 1753 1358 1787 acta
1376 1745 1419 1787 in
1442 1759 1505 1787 se·
1523 1745 1550 1792 1

76 1812 196 1854 natu,
217 1818 316 1859 quae
338 1803 468 1845 fuerit
489 1805 699 1859 cujusque
723 1804 948 1844 sententia.
980 1817 1045 1844 res
1067 1803 1182 1843 euim
1206 1817 1260 1843 ex
1288 1802 1385 1844 Kal.
1404 1803 1540 1861 ἄξιαι

71 1861 250 1916 agitata,
271 1860 398 1916 paulo
426 1869 527 1902 ante
546 1861 747 1902 confecta
767 1871 856 1903 est:
889 1861 1031 1901 minus
1059 1860 1234 1915 quidem
1256 1859 1328 1900 illa
1347 1874 1509 1915 severe,

69 1932 200 1973 quam
231 1917 390 1968 decuit,
412 1932 499 1958 non
522 1928 664 1958 tamen
689 1918 866 1958 omnino
887 1917 1109 1958 dissolute.
1139 1931 1260 1957 mora
1286 1926 1351 1957 est
1383 1917 1512 1963 allata

69 1974 197 2025 bello,
216 1988 308 2015 non
330 1989 460 2015 causa
480 1975 662 2016 sublata.
705 1974 1017 2025 Quamobrem,
1036 1973 1152 2029 quod
1173 1973 1376 2028 quaesivit
1397 1989 1422 2014 a
1444 1988 1514 2022 ine

67 2030 120 2075 P.
142 2031 365 2087 ApuleiUS‚
382 2031 515 2072 homo
537 2041 581 2072 et
602 2031 747 2072 multis
766 2031 920 2073 officiis
940 2031 1065 2081 mihi,
1081 2041 1126 2071 et
1147 2045 1314 2071 summa
1328 2030 1531 2072 familia*⁴

68 2088 198 2132 ritate
226 2088 501 2144 conjunctus,
522 2097 566 2129 et
588 2088 712 2129 vobis
740 2088 1041 2138 amicissimus,
1063 2088 1124 2128 ita
1155 2087 1441 2143 respondebo,
1463 2097 1512 2132 ut

67 2159 131 2192 ea.
153 2145 309 2201 quibus
333 2160 417 2186 non
448 2144 718 2197 interfuistis,
740 2159 866 2186 nosse
898 2144 1088 2201 possitis.
1149 2144 1293 2185 Causa
1325 2143 1512 2186 fortissi⁹

63 2202 146 2244 mis
174 2202 435 2258 optimisque
466 2202 715 2244 consulibus
749 2201 957 2244 Kalendis
991 2200 1172 2244 Januar.
1203 2200 1257 2242 de
1287 2200 1511 2259 republica)

64 2259 249 2316 primum
284 2258 494 2300 referendi
519 2259 601 2300 fuit
621 2273 676 2300 ex
697 2273 766 2311 eo,
789 2259 905 2314 quod
929 2272 1046 2301 x111.
1070 2257 1288 2299 Kalendas
1309 2258 1410 2303 Jan.
1441 2272 1508 2300 se-

63 2325 188 2359 natus
212 2330 282 2358 me
304 2326 479 2357 auctore
505 2316 709 2358 decrevit.
772 2315 836 2358 Eo
862 2316 931 2357 die
959 2316 1161 2372 primum,
1176 2315 1385 2366 Quirites,
1407 2314 1544 2369 fun-2

64 2372 265 2421 damenta
295 2373 419 2428 jactu
450 2383 550 2415 sunt
584 2372 850 2429 reipublicae.
910 2372 1014 2414 Fuit
1050 2372 1166 2414 ‚enim
1203 2371 1336 2427 longo
1373 2372 1506 2415 inter·
1529 2376 1533 2379 ’

65 2429 174 2472 vallo
197 2431 258 2471 ita
278 2430 385 2471 liber
407 2439 593 2480 senatus,
615 2440 662 2471 ut
684 2444 759 2471 vos
780 2429 1010 2485 aliquando
1032 2428 1155 2472 liberi
1178 2428 1357 2471 essetis..
1403 2429 1505 2477 Quo

61 2487 237 2543 quidem
261 2497 469 2544 tempore,
492 2487 660 2528 etiamsi
689 2486 759 2527 ille
782 2487 872 2528 dies
900 2490 912 2517 ¹
935 2486 1033 2528 vitae
1063 2486 1193 2527 finem
1223 2485 1331 2527 mihi
1352 2484 1506 2527 allatu-

65 2557 134 2586 rus
157 2554 281 2596 esset,
301 2545 403 2586 satis
427 2558 632 2600 magnum
648 2557 845 2600 ceperam
865 2542 1069 2594 fructum,
1087 2557 1188 2584 cum
1210 2557 1285 2598 yos
1304 2541 1506 2594 universi,

122 2692 134 2721 1
171 2698 203 2720 v.
216 2688 255 2730 s.
280 2690 447 2721 allaturus
486 2692 778 2730 esset—ceperam
821 2694 886 2725 ,πει-
913 2688 1028 2727 deiude
1057 2698 1130 2725 curn
1155 2687 1426 2723 conclamassetis,
1450 2685 1514 2718 hoc

58 2729 237 2771 fructum,
261 2742 336 2762 cum
350 2731 646 2771 —conclamastid
697 2731 781 2763 Haec
822 2731 952 2770 quidem
976 2733 1025 2762 ita
1050 2730 1230 2763 necessario
1259 2729 1404 2770 postulat
1426 2738 1519 2769 eque-

62 2778 154 2814 temp
167 2783 225 2804 ora
241 2783 306 2804 non
317 2774 398 2804 bene
413 2779 543 2804 coeunt.
557 2773 705 2804 Primum
719 2773 774 2805 de·
821 2783 912 2811 ram,
925 2780 964 2806 ut
987 2773 1032 2804 sic
1060 2772 1233 2804 rescribere
1256 2781 1322 2804 non
1347 2770 1515 2802 dubitave-

67 2815 163 2848 bebat
177 2825 245 2848 esse
259 2817 572 2857 allaturusjuisset,
593 2816 643 2848 vei
652 2816 781 2849 attulis-
823 2815 898 2845 rim.

749 2862 870 2898 4³2
