1812 3147
498 81 618 119 PRO
644 78 876 118 ARCHIA
901 80 1109 120 POETA.
1447 89 1525 123 809

86 184 327 241 amplorum
347 190 564 235 vetustas;
595 185 635 214 24
648 198 746 238 quae
763 183 960 239 jacerent
982 185 1025 224 in
1048 186 1235 226 tenebris
1259 188 1419 237 omnia,
1444 190 1525 230 nisi

85 243 326 287 litterarum
344 241 487 282 lumen
510 241 746 282 accederet.
807 241 948 287 Quam
977 241 1130 282 multas
1152 243 1276 284 nobis
1301 245 1525 301 imagines,

87 314 175 342 non
199 298 334 341 solum
356 298 407 338 ad
438 299 708 348 intuendum,
733 312 878 339 verum
910 299 1039 338 etiam
1068 299 1120 339 ad
1146 300 1416 351 imitandum,
1441 303 1527 344 for-

88 358 350 401 tissimorum
375 356 578 406 virorum,
601 369 840 411 expressas,
865 355 1093 410 scriptores
1117 367 1160 396 et
1183 359 1313 412 graeci
1338 370 1379 398 et
1405 360 1525 401 latini

87 413 373 470 reliquerunt?
403 427 508 468 quas
530 427 613 468 ego
644 412 750 453 mihi
771 426 938 468 semper
959 413 1003 453 in
1034 413 1372 455 administranda
1403 431 1527 472 repu-

91 471 204 515 blica
226 484 484 527 proponens,
507 472 697 512 animum
716 479 760 510 et
784 480 970 510 mentem
992 484 1131 511 meam
1148 471 1239 527 ipsa
1261 474 1529 528 cogitatione

85 528 312 573 hominum
338 528 641 569 excellentium
662 527 1002 568 conformabam.

146 585 326 632 Quaeret
348 585 577 641 quispiam,
596 585 729 640 quid?
760 584 819 625 illi
844 585 923 640 ipsi
943 584 1097 625 summi
1124 584 1216 635 viri,
1236 601 1418 641 quorum
1444 587 1572 643 vir-7

90 650 204 684 tutes
238 643 389 685 litteris
418 644 602 700 proditae
635 651 747 693 sunt,
771 643 907 682 istane
930 642 1141 692 doctrina,
1164 658 1291 698 quam
1325 654 1370 685 tu
1393 644 1527 685 laudi·
1544 661 1589 694 15

91 701 171 742 bus
200 700 340 752 effers,
370 700 527 742 eruditi
561 699 761 741 fuerunt?
814 698 1005 740 Difficile
1037 709 1101 739 est
1134 700 1216 741 lioc
1247 701 1299 742 de
1329 703 1529 743 omnibus

88 757 360 801 confirmare.
392 757 465 799 sed
487 767 631 798 tamen
654 766 718 798 est
739 767 920 807 certum,
943 757 1046 812 quid
1078 758 1372 813 respondeam.
1435 759 1530 815 Ego

93 815 252 859 multos
280 815 476 857 homines
507 814 735 856 excellenti
761 815 906 855 animo
934 830 984 855 ac
1018 815 1175 855 virtute
1203 816 1349 868 fuisse,
1371 825 1414 857 et
1441 818 1532 858 sine

91 872 306 923 doctrina,
328 882 495 913 naturae
520 873 652 928 ipsius
678 872 828 914 habitu
855 887 988 928 prope
1019 872 1182 924 divino,
1204 888 1278 928 per
1305 875 1468 929 seipsos
1489 885 1533 915 et

90 930 337 973 moderatos
361 940 406 970 et
429 944 580 986 graves
611 929 828 971 exstitisse
858 929 1010 970 fateor.
1038 931 1167 971 etiam
1196 931 1298 975 illud
1324 932 1532 988 adjungo,

91 987 251 1044 naepius
284 987 338 1028 ad
372 987 541 1030 laudem
576 997 705 1042 atque
735 987 938 1028 virtutem
973 997 1166 1028 naturam
1199 989 1290 1029 sine
1319 990 1532 1040 doctrina,

87 1059 222 1101 quam
260 1045 351 1085 sine
388 1055 541 1086 natura
579 1045 760 1086 valuisse
797 1045 1054 1086 doctrinam.
1115 1044 1259 1101 Atque
1297 1046 1410 1087 idem
1448 1062 1531 1103 ego

89 1102 325 1152 contendo,
347 1116 445 1144 cum
469 1102 522 1144 ad
543 1112 740 1143 naturam
763 1102 969 1146 eximiam
994 1113 1123 1157 atque
1155 1103 1361 1144 illustrem
1389 1119 1533 1146 acces-

87 1160 199 1201 serit
221 1159 329 1200 ratio
356 1160 555 1214 quaedam
587 1162 627 1191 25
641 1160 1018 1215 conformatioque
1043 1161 1279 1204 doctrinae:
1312 1171 1404 1202 tum
1429 1162 1532 1203 illud

93 1217 294 1259 26nescio
313 1217 420 1272 quid
449 1216 704 1274 praeclarum
729 1233 778 1258 ac
801 1217 1017 1274 singulare
1049 1218 1183 1259 solere
1203 1219 1403 1260 existere.
1465 1219 1532 1260 Ex
1550 1233 1596 1267 16

94 1273 180 1318 hoc
209 1288 300 1317 esse
325 1275 439 1317 hunc
464 1288 658 1326 numero,
679 1289 810 1329 quem
841 1285 982 1331 patres
1013 1277 1147 1316 nostri
1181 1277 1395 1327 viderunt,
1425 1277 1534 1318 divi-

91 1345 198 1376 num
218 1331 454 1383 hominem,
477 1332 757 1375 Africanum:
789 1348 844 1377 ex
869 1333 951 1374 boc
975 1333 1026 1374 C.
1053 1333 1247 1385 Laelium,
1273 1334 1322 1375 L.
1344 1335 1537 1387 Furium,

95 1389 465 1433 moderatissimos
498 1390 693 1431 homines
723 1400 766 1431 et
797 1391 1218 1432 continentissimos:
1251 1407 1305 1432 ex
1338 1392 1420 1433 hoc
1451 1393 1538 1434 for-

93 1445 316 1491 tissimum
341 1447 494 1499 virum,
516 1457 559 1488 et
581 1447 662 1488 illis
687 1448 953 1503 temporibus
975 1449 1289 1500 doctissimum,
1314 1449 1382 1495 M,
1406 1449 1540 1491 Cato-

93 1517 195 1548 nem
227 1503 346 1546 illum
377 1519 546 1547 senem:
578 1505 652 1560 qui
683 1505 897 1562 profectO,
922 1506 957 1546 si
990 1506 1099 1547 nihil
1130 1507 1182 1547 ad
1217 1507 1535 1563 percipiendam

94 1561 408 1616 colendamque
447 1563 650 1604 virtutem
687 1563 841 1604 litteris
872 1563 1193 1618 adjuvarentur,
1226 1579 1461 1620 numquam
1492 1580 1536 1606 se

93 1619 150 1663 ad
187 1633 332 1664 earum
372 1620 560 1661 studium
595 1621 893 1661 contulissent.
956 1621 1123 1667 Quodsi
1160 1637 1244 1662 non
1288 1622 1357 1663 hie
1392 1632 1536 1664 tantus

95 1675 262 1722 fructus
286 1678 597 1728 ostenderetur,
620 1686 664 1718 et
688 1679 722 1719 si
745 1692 799 1718 ex
826 1678 893 1719 his
923 1679 1077 1720 studiis
1099 1679 1328 1721 delectatio
1351 1680 1440 1721 sola
1464 1695 1538 1736 pe-

95 1742 279 1779 teretur:
313 1743 471 1786 tamen,
496 1745 542 1776 ut
573 1735 742 1791 opinor,
764 1735 877 1777 hanc
902 1737 1036 1777 animi
1067 1737 1363 1778 adversionem
1387 1738 1538 1779 hnma-

95 1791 319 1835 nissimam
339 1806 389 1833 ac
408 1792 748 1834 liberalissimam
767 1793 1036 1848 judicaretis.
1090 1794 1201 1835 Nam
1226 1805 1380 1836 eeterae
1401 1810 1538 1850 neque

96 1858 342 1905 temporum
375 1859 489 1901 sunt,
522 1865 661 1906 neque
695 1861 874 1892 aetatum
909 1852 1119 1902 omnium,
1145 1867 1283 1907 neque
1318 1852 1538 1896 locorum:

96 1905 194 1951 haec
225 1907 367 1949 studia
395 1910 435 1940 27
452 1908 786 1949 adolescentiam
819 1919 970 1965 agunt,
1002 1920 1268 1951 senectutem
1302 1911 1537 1962 oblectant,

97 1964 307 2009 secundas
338 1979 403 2007 res
433 1976 603 2017 ornant,
627 1966 814 2008 adversis
845 1966 1092 2023 perfugium
1123 1983 1172 2009 ac
1204 1968 1403 2008 solatium
1428 1983 1538 2024 prae-

98 2021 217 2072 bent,
239 2021 456 2064 delectant
486 2023 619 2074 domi,
642 2039 729 2065 non
758 2025 1001 2080 impediunt
1032 2024 1151 2076 foris,
1174 2037 1430 2081 pernoctant
1461 2041 1670 2076 no-p.1e29.

100 2078 283 2129 hiscum,
307 2080 648 2136 peregrinantur,
672 2082 946 2123 rusticamur.
1548 2090 1579 2111 Β·

157 2136 324 2182 Quodsi
360 2138 441 2192 ipsi
479 2138 572 2179 haec
611 2153 749 2194 neque
788 2141 1017 2196 attingere,
1053 2154 1192 2195 neque
1228 2155 1352 2181 sensu
1390 2151 1536 2182 nostro
1554 2157 1602 2195 17

98 2204 271 2249 gustare
301 2209 539 2251 possemus,
562 2206 703 2237 tamen
730 2211 781 2237 ea
811 2197 957 2238 mirari
987 2197 1254 2250 deberemus,
1277 2199 1408 2239 etiam
1440 2215 1540 2241 cum

143 2331 184 2360 24
204 2339 275 2369 quae
292 2328 461 2371 jacerent]
492 2331 643 2362 Arbitror
665 2331 705 2362 ad
730 2332 800 2363 sola
839 2333 983 2371 ingeniis
997 2337 1028 2363 et
1049 2334 1218 2364 oetcttibus:
1254 2334 1342 2374 quod
1369 2335 1401 2366 h.
1430 2335 1452 2366 l.
1477 2346 1544 2366 non

100 2373 248 2411 exempla
262 2373 446 2413 pertinere3
471 2384 546 2404 nam
565 2376 655 2405 libris
670 2374 799 2413 quidem
841 2381 969 2415 aptum.
1014 2375 1176 2406 Doctrina
1199 2377 1254 2406 dat
1277 2378 1410 2417 ingenio
1435 2389 1543 2409 veram

103 2423 170 2444 non
195 2416 395 2445 conveniunt
424 2415 506 2446 haee.
551 2417 614 2447 Pro
637 2417 802 2447 accederet
842 2422 877 2448 et
890 2418 1037 2458 pulcram
1053 2418 1207 2452 formam.
1225 2420 1452 2460 quodsingere
1465 2421 1544 2451 dicit

103 2455 168 2486 MS.
197 2456 266 2487 Erf.
292 2458 492 2494 accenderet,
521 2459 606 2498 quod
629 2466 662 2489 et
692 2460 726 2489 in
751 2460 801 2489 ed.
846 2460 961 2490 Cicero
985 2459 1074 2496 alibi,
1094 2466 1128 2491 et
1149 2462 1246 2491 verbo
1271 2461 1496 2501 conformandi
1511 2471 1545 2493 et

103 2497 199 2528 Junt.
217 2500 333 2539 reperi,
346 2500 378 2530 id
391 2499 484 2530 valde
499 2501 649 2541 placebat
660 2502 802 2539 Graevio,
846 2507 924 2533 ante
938 2513 966 2532 c.
980 2503 1012 2533 6.
1035 2512 1112 2532 usus
1129 2510 1199 2534 erat
1220 2503 1254 2533 iu
1269 2505 1381 2535 eadem
1407 2515 1450 2536 re.
1496 2506 1545 2536 Si-

103 2540 186 2572 mihi
200 2550 277 2571 non.
846 2545 971 2574 militer
991 2545 1179 2575 aberratum
1203 2552 1264 2581 est,
1283 2553 1319 2576 ut
1343 2558 1427 2587 saepe
1443 2549 1476 2577 in
1495 2548 1545 2578 his

145 2585 186 2613 25
221 2582 496 2624 confirmatioque
527 2585 575 2625 d.]
615 2585 689 2616 Hoc
725 2596 799 2617 cum
845 2587 962 2623 verbis,
976 2586 1014 2617 de
1030 2587 1100 2617 Fin.
1115 2589 1156 2623 V,
1176 2591 1222 2619 15.
1239 2589 1296 2624 lv,
1315 2592 1344 2619 Ξ).

106 2623 236 2654 Graevio
259 2626 389 2665 praetuli
413 2627 556 2666 vulg-atae
582 2629 802 2669 confirmacio-
889 2630 930 2661 26
951 2631 1054 2660 neseio
1068 2631 1160 2672 quid]
1186 2643 1216 2662 v.
1235 2631 1324 2661 clav.
1339 2632 1373 2661 in
1390 2631 1501 2661 nestn.

105 2675 178 2704 que,
207 2667 293 2705 quod
320 2673 353 2698 et
377 2669 440 2699 Me.
466 2670 532 2700 Erf.
555 2669 667 2707 habet,
690 2677 724 2701 et
751 2672 803 2702 ed.
890 2677 929 2706 27
954 2672 1205 2706 adolescentiam
1230 2674 1351 2712 agunt]
1393 2674 1443 2703 lta
1473 2674 1547 2704 libri

103 2707 199 2738 Juut.
222 2715 256 2739 et
274 2717 347 2749 post
362 2711 446 2742 hanc
461 2712 545 2743 aliae.
591 2712 718 2743 Ceterae
733 2723 805 2744 con-
847 2723 909 2746 ser.
936 2719 969 2743 et
992 2714 1064 2745 edd.
1088 2725 1137 2754 pr.
1161 2725 1287 2746 omnes.
1306 2716 1432 2745 Primus
1454 2717 1551 2747 (ιέιιηε

95 2749 260 2789 firmatio.
295 2752 384 2783 Bene
399 2755 498 2784 etiam
515 2754 718 2795 confirmatio
733 2766 761 2785 ν.
777 2767 805 2787 c.
848 2757 949 2787 edidit
980 2757 1017 2786 P.
1033 2758 1218 2788 Victorius:
1244 2759 1298 2796 qui
1316 2766 1425 2787 [anien
1443 2763 1551 2796 agunt

106 2791 229 2830 ingenii
241 2793 373 2829 dicitur.
386 2795 441 2826 sed
455 2806 514 2836 pro
529 2798 808 2835 corroboratione,
852 2799 998 2830 defendit
1013 2799 1091 2829 Var.
1110 2799 1147 2831 L.
1164 2800 1288 2831 XXVI.
1308 2802 1354 2831 1⁶3.
1375 2800 1437 2830 Sed
1453 2801 1552 2842 vulgo

104 2837 143 2863 nt
159 2833 239 2865 Laei.
254 2838 305 2867 20.
325 2837 526 2877 confirmatis
541 2840 812 2881 corroboransque
855 2851 922 2873 non
939 2842 1020 2872 bene
1033 2842 1210 2883 explicant.
1224 2853 1254 2873 v.
1270 2842 1360 2874 Clav.
