1812 3147
597 104 716 144 PRO
749 104 791 143 P.
819 104 1023 143 SULLA..
1454 107 1533 151 795

92 225 147 253 ex
168 209 364 258 crimine,
396 206 470 249 sed
500 220 554 248 ex
589 207 783 250 moribus
811 207 920 264 ejus,
941 208 1015 263 qui
1046 208 1254 264 arguitur,
1277 217 1341 250 est
1373 211 1535 266 ponde-

92 267 288 332 randum.
348 264 502 328 Neque
522 264 637 306 enim
660 273 805 322 potest
825 265 1050 330 quisquam
1072 266 1265 306 nostrum
1290 268 1433 307 subito
1453 267 1532 307 fin-

88 324 152 382 gi,
175 337 313 388 neque
334 337 590 377 quusquam
620 331 796 379 repente
826 322 918 364 vita
946 322 1118 372 mutari,
1151 333 1224 363 aut
1255 333 1407 363 natura
1429 338 1534 364 con-

90 381 214 424 verti.
275 379 609 435 Circumspicite
648 379 877 436 paullisper
908 379 1125 420 mentibus
1165 381 1331 430 vestris,
1365 389 1412 420 ut
1450 381 1596 428 aliaTO

91 439 356 487 omittamus,
391 437 520 478 hosce
561 437 677 492 ipsos
712 437 922 487 homines,
956 437 1029 492 qui
1069 436 1170 478 huic
1203 438 1352 478 affines
1387 436 1532 477 sceleri

91 495 280 538 fuerunt.
343 493 533 535 Catilina
563 503 714 535 contra
744 493 1055 550 rempublicam
1076 493 1335 549 conjuravit.
1398 493 1535 548 Cujus

88 566 214 595 aures
247 565 452 616 umquam
483 551 567 592 hoc
595 561 847 616 respuerunt
867 559 1070 592 conatum
1094 565 1185 591 esse
1216 550 1434 591 hominem
1468 566 1537 591 us-

90 621 175 666 que
195 624 221 650 a
240 608 427 664 pueritia
443 623 530 650 non
554 609 690 650 solum
714 608 1044 673 intemperantia
1062 618 1105 648 et
1124 607 1293 658 scelere,
1315 607 1385 648 sed
1406 607 1537 648 etiam

91 666 405 710 consuetudine
425 676 470 708 et
492 665 666 707 studio
656 681 699 706 ln
722 666 839 706 omni
863 665 1046 721 flagitio,
1069 675 1233 721 stupro,
1252 665 1371 706 caede
1398 679 1537 705 veisa-

91 726 215 766 tum?
238 723 349 770 Quis
367 737 466 765 eum
484 731 635 764 contra
654 723 836 779 patriam
859 733 1123 779 pugnantem
1145 722 1319 778 periisse
1342 722 1536 773 miratur,

95 794 226 837 quem
240 795 406 836 semper
419 794 566 822 omnes
580 780 630 821 ad
647 779 772 822 civile
790 780 1062 822 latrocinium
1083 791 1230 820 natum
1250 789 1380 835 ριιιειι
1384 782 1537 821 erunt?

96 838 208 886 Quis
239 838 410 879 Lentuli
441 838 667 879 societates
689 852 788 879 cum
820 837 1050 888 indicibus,
1071 838 1167 892 quis
1197 837 1407 878 insamam
1439 836 1537 877 libi-

96 897 261 946 dinum,
294 895 390 950 quis
421 896 461 925 86
475 909 716 951 perversam
747 904 875 950 atque
906 894 1083 950 impiam
1114 894 1366 950 religionem
1397 908 1581 940 recor-b.

97 954 237 1003 datur,
267 952 341 1007 qui
375 951 495 993 illum
525 962 600 994 aut
628 951 788 993 nefarie
819 952 1048 1008 cogitasse,
1080 960 1154 993 aut
1185 951 1315 992 stulte
1348 965 1538 1007 sperasse

96 1010 302 1052 miretm?
335 1009 446 1056 Quis
473 1009 526 1051 de
551 1009 603 1050 C.
624 1009 836 1064 Cethego,
869 1019 998 1064 ¹itque
1028 1010 1120 1064 ejus
1151 1009 1244 1049 87in
1279 1007 1538 1072 Hispaniam

98 1066 382 1125 profectione,
413 1082 464 1108 ac
492 1067 546 1108 de
568 1066 741 1107 v·ulne1e
773 1067 830 1113 Q.
855 1066 1022 1107 Metelli
1058 1067 1124 1107 Pii
1147 1067 1328 1122 cogitat,
1350 1080 1419 1107 cui
1453 1079 1539 1106 non

99 1125 152 1168 ad
176 1124 287 1166 illius
308 1139 484 1189 poenam
504 1138 648 1166 carcer
669 1124 908 1165 aedificatus
931 1138 1021 1164 esse
1040 1139 1064 1164 x
1070 1125 1264 1165 ideatur?
1296 1123 1452 1164 omitto
1471 1137 1541 1163 ce·-

99 1190 228 1233 teros,
249 1196 303 1222 ne
332 1182 388 1223 sit
419 1182 652 1223 infinitum.
713 1181 899 1222 Tantum
934 1196 959 1222 a
980 1182 1103 1222 vobis
1136 1191 1262 1246 peto,
1277 1190 1323 1221 ut
1346 1180 1466 1222 taciti
1488 1180 1600 1231 de71

98 1239 317 1289 omnibus,
339 1254 446 1294 quos
468 1239 715 1295 conjurasse
736 1239 961 1295 cognitum
984 1249 1062 1290 est,
1086 1238 1303 1294 cogitetis.
1331 1237 1543 1293 intellige-

101 1297 171 1349 tis,
204 1310 554 1352 unumquemque
587 1296 756 1338 illorum
787 1296 904 1353 prius
937 1311 963 1337 a
997 1311 1073 1337 sua
1107 1297 1211 1347 vita,
1242 1310 1368 1351 quam
1401 1305 1547 1336 nostra

95 1354 349 1419 suspicione
369 1368 460 1395 esse
490 1354 755 1395 damnatum.
816 1353 965 1410 Ipsum
996 1353 1115 1394 illum
1137 1352 1398 1394 Autronium
1420 1356 1547 1407 (quo-

101 1412 219 1454 niam
247 1426 340 1466 eJus
371 1426 529 1452 nomen
562 1411 795 1453 finitimum
824 1412 1014 1452 maxime
1035 1420 1100 1451 est
1131 1411 1260 1466 hujus
1292 1410 1482 1466 periculo
1504 1419 1548 1450 et

105 1469 295 1519 crimini)
319 1483 405 1510 non
434 1484 510 1510 sua
539 1468 632 1510 haec
655 1469 743 1510 vita
763 1468 1013 1510 convincit?
1045 1483 1212 1524 semper
1244 1468 1400 1518 audax,
1423 1476 1549 1523 petu-

103 1525 211 1577 lans,
241 1526 511 1568 libidinosus.
542 1540 668 1581 quem
700 1526 795 1567 88in
832 1534 1077 1581 stuprorum
1104 1525 1426 1566 defensionibus
1460 1539 1548 1565 non

104 1583 243 1625 solum
265 1583 406 1624 verbis
438 1583 499 1624 uti
533 1583 862 1639 improbissimis
885 1582 1058 1624 solitum
1081 1597 1172 1624 esse
1203 1584 1376 1633 scimus,
1400 1596 1548 1623 verum

95 1641 235 1683 „etiam
266 1640 424 1697 pugnis
446 1650 488 1681 et
509 1639 725 1682 calcibus:
757 1655 885 1705 quem
907 1641 1138 1682 extmbare
1169 1640 1364 1682 homines
1395 1654 1418 1680 e
1450 1654 1549 1704 pos-

102 1698 381 1749 sessionibus,
411 1698 575 1740 caedem
610 1698 749 1739 facere
778 1698 1034 1749 vicinorum,
1065 1698 1249 1754 spoliare
1280 1697 1379 1738 fana
1408 1698 1549 1738 socio-

103 1769 215 1806 1·‚um
237 1756 278 1797 vi
301 1765 504 1797 conatum
526 1765 570 1797 et
591 1756 719 1797 armis
741 1755 980 1796 disturbare
1003 1756 1218 1811 judicia,
1209 1770 1251 1796 ιιι
1276 1755 1399 1796 bonis
1422 1755 1549 1795 rebus

104 1827 254 1855 omnes
276 1823 566 1865 contemnere,
589 1814 631 1854 in
653 1812 775 1854 malis
799 1827 885 1877 pup
863 1827 991 1854 fruare
1011 1821 1162 1854 contra
1186 1814 1335 1863 bonos,
1358 1826 1443 1852 non
1468 1812 1550 1852 rei-

106 1870 293 1926 publicae
322 1871 488 1921 cedeie,
519 1885 606 1912 non
637 1870 822 1911 fortunae
856 1871 937 1927 ipsi
975 1871 1268 1912 succumbere
1330 1869 1476 1925 Hujus
1514 1869 1547 1909 si

106 1941 237 1969 causa
256 1942 342 1969 non
373 1928 733 1970 manifestissimis
766 1929 892 1969 rebus
915 1937 1144 1979 teneretur,
1162 1937 1303 1968 tamen
1327 1941 1423 1968 eum
1456 1942 1549 1967 mo-

106 1998 172 2026 res
205 1985 339 2041 ipsius
372 2000 422 2026 ac
460 1986 549 2026 vita
578 1986 899 2027 convincerent.
958 1985 1174 2042 Agedum,
1206 1984 1400 2026 conferte
1434 1999 1548 2025 nunc
1562 1976 1635 2030 „⁶26

106 2044 148 2078 89
161 2057 261 2084 cum
293 2042 373 2084 illis
401 2043 532 2084 vitain
568 2043 617 2084 Ρ.
641 2042 786 2092 Sullae,
809 2043 931 2084 vobis
964 2042 1212 2099 populoque
1247 2042 1445 2083 Romano
1470 2054 1613 2093 [ιο-φρ

110 2099 335 2151 tissimam‚
366 2099 554 2154 judices,
587 2108 630 2140 et
657 2114 752 2141 eam
786 2110 886 2141 ante
923 2100 1070 2142 oculos
1107 2110 1269 2140 vestros
1305 2100 1550 2156 proponite.

110 2154 290 2213 Ecquod
312 2157 442 2212 hujus
463 2157 627 2199 factum
649 2166 723 2198 aut
745 2158 1021 2198 commissum
1053 2172 1137 2198 non
1160 2157 1302 2199 dicam
1332 2157 1551 2207 audacius,

105 2214 184 2255 sed
215 2215 329 2269 quod
365 2215 564 2270 cuiquam
605 2215 747 2271 paullo
780 2215 922 2256 minus
957 2215 1275 2256 consideratum
1310 2214 1552 2256 videretur?

114 2263 291 2313 Factum
314 2275 490 2327 quaero?
523 2274 699 2314 verbum
721 2273 887 2328 ecquod
919 2287 1121 2328 umquam
1145 2287 1200 2313 ex
1223 2286 1296 2312 ore
1327 2271 1454 2326 hujus
1477 2286 1555 2312 ex-

111 2328 232 2379 cidit,
258 2330 370 2371 unde
398 2329 625 2386 quisquam
655 2339 800 2386 posset
828 2329 1014 2371 offendi?
1046 2329 1107 2371 At
1129 2343 1232 2370 vero
1263 2329 1306 2370 in
1333 2329 1404 2369 illa
1431 2328 1552 2385 gnavi

153 2475 194 2506 36
217 2484 408 2515 perversam
435 2480 532 2517 atque
556 2478 579 2506 i.
601 2476 806 2517 religionem]
852 2475 1095 2507 defensionibus
1107 2476 1300 2507 forensibus

113 2527 141 2547 v.
157 2517 256 2548 Catil.
271 2518 335 2554 111,
350 2521 381 2549 4.
897 2522 936 2553 89
959 2529 1034 2549 cum
1055 2519 1122 2549 illis
1142 2520 1247 2549 vitum
1273 2518 1387 2557 Svtzoe]
1415 2519 1554 2548 Secutus

155 2563 194 2594 87
221 2561 258 2590 ‘in
284 2560 499 2600 Hispaniam]
529 2561 578 2592 Ad
607 2562 808 2592 Sertorium:
853 2570 926 2591 sum
942 2561 1121 2598 Graevium,
1135 2571 1193 2601 pro
1207 2562 1298 2592 illius
1312 2563 1381 2590 vita
1397 2561 1499 2590 vitam
1516 2561 1552 2592 S.

114 2602 154 2631 cle
175 2602 301 2633 Metelli
323 2603 366 2633 P.
388 2605 534 2640 vulnere,
556 2603 642 2643 quod
664 2605 694 2635 ei
718 2605 812 2635 aCe-
854 2602 943 2634 Illud
965 2603 1088 2633 habent
1110 2603 1310 2634 Mss.Graev.
1328 2602 1387 2633 Ed.
1403 2603 1456 2632 W.
1500 2603 1553 2633 Sic

111 2644 214 2683 ⁴&bego
228 2645 391 2676 inflictum
407 2650 468 2676 est.
854 2644 997 2686 protulit
1018 2651 1052 2676 et
1077 2645 1116 2676 L.
1139 2645 1246 2676 Valla.
1281 2647 1411 2676 Ceterae
1439 2645 1556 2684 primae

158 2689 198 2717 88
212 2687 247 2716 in
260 2691 354 2727 stupw
355 2697 449 2718 orum
463 2686 712 2727 defensionibus]
732 2687 813 2719 Non
855 2697 929 2719 cum
942 2689 1033 2718 illius
1048 2688 1163 2718 vitam.
1201 2688 1281 2719 Vita
1303 2686 1426 2717 addidit
1441 2687 1553 2716 Victo-

116 2726 316 2759 defensiones
345 2730 405 2759 alie
398 2739 525 2759 norum
559 2735 750 2769 stuprorum
777 2730 811 2761 in
855 2730 935 2766 rius,
963 2729 1051 2769 quod
1086 2730 1250 2761 absorberi
1278 2729 1386 2769 potuit
1416 2739 1473 2768 per
1505 2738 1554 2759 se-

119 2770 189 2799 foro
202 2775 236 2800 et
254 2772 382 2810 judiciis
405 2771 567 2811 intelligo,
587 2771 642 2801 sed
663 2781 810 2810 suorum,
855 2781 958 2812 quens
971 2772 1106 2802 verbum
1121 2773 1223 2803 vitam
1235 2785 1243 2801 .-
1265 2777 1299 2802 et
1313 2773 1360 2801 ita
1375 2771 1444 2801 fieri
1460 2770 1556 2801 debe-

120 2812 154 2841 in
181 2812 296 2850 quibus
330 2819 414 2844 esset
448 2813 678 2854 deprehenfflffi.
723 2795 810 2845 Nani
854 2815 1121 2854 batacumic'ldus
1135 2815 1315 2854 genuinum
1331 2813 1521 2853 putabatur.

109 2854 220 2893 pugni
242 2859 273 2885 et
292 2857 394 2886 calces
415 2865 481 2885 non
503 2855 612 2886 locum
633 2855 754 2886 habent
778 2857 812 2886 in
