1769 3174
294 85 368 125 976
883 84 1131 122 ORATIO

290 184 382 239 ejus
407 186 612 227 sermonis
644 186 802 228 indicia
832 187 1053 238 redoleret,
1078 187 1317 230 statuebam
1349 187 1424 238 sic,
1446 189 1485 219 38
1500 188 1600 230 boni
1623 183 1732 231 nihil

290 243 344 282 ab
369 242 448 283 illis
471 244 596 299 nugis
618 246 970 301 exspectandum,
993 245 1092 286 mali
1122 244 1295 300 quidem
1326 254 1440 285 certe
1470 245 1576 286 nihil
1597 248 1729 302 perti-

291 300 581 341 mescendum.
643 302 725 342 Sed
767 302 828 342 ita
867 312 946 352 est,
980 302 1165 356 judices,
1197 310 1258 352 ut,
1289 301 1323 341 si
1365 300 1554 355 gladium
1595 318 1728 359 parvo

291 370 440 411 puero,
463 367 536 397 aut
558 358 591 398 si
614 357 826 399 imbecillo
858 359 946 398 seni
979 368 1053 398 aut
1084 358 1213 399 debili
1244 357 1424 408 dederis,
1444 358 1533 413 ipse
1564 359 1727 415 impetu

291 427 369 453 suo
393 414 552 454 nemini
577 426 752 455 noceat:
785 415 849 455 sin
871 415 923 455 ad
956 415 1117 455 nudum
1142 414 1205 454 vel
1228 413 1449 455 fortissimi
1473 415 1550 455 viri
1572 430 1728 472 eorpus

292 472 530 521 accesserit,
564 471 698 525 possit
734 471 824 511 acic
856 471 961 526 ipsa,
992 481 1034 511 et
1067 471 1164 511 ferri
1197 471 1357 511 viribus
1397 471 1630 515 vulnerari:
1670 474 1730 514 ita

200 546 234 576 p.
251 537 389 567 acum
428 527 674 568 hominibus
716 527 926 568 enervatis
971 537 1098 583 atque
1135 527 1427 582 exsanguibus
1468 530 1729 581 consulatus,

247 588 278 609 ⁸·
294 592 509 638 tamquam
533 583 713 639 gladius,
736 593 846 624 esset
867 584 1017 634 datus3
1047 585 1120 639 qui
1145 598 1217 639 per
1236 598 1279 625 se
1302 598 1491 639 pungere
1513 586 1729 627 neminem

290 655 491 694 umquam
518 640 771 696 potuissent,
792 640 834 680 hi
862 642 1015 681 summi
1049 640 1216 696 imperii
1249 641 1420 681 nomine
1443 644 1593 685 armati
1618 658 1727 684 rem-

288 698 504 753 publicam
528 698 947 738 contrucidaverunt.
1009 697 1170 738 Foedus
1202 696 1395 738 fecerunt
1425 713 1521 739 cum
1553 700 1726 742 tribuno

286 753 422 809 plebis
447 753 600 809 palam,
624 763 671 794 ut
702 756 755 795 ab
792 769 842 795 co
874 754 1114 809 provincias
1137 755 1393 810 acciperent,
1416 770 1519 809 quas
1540 756 1619 812 ipsi
1640 757 1727 799 vel-

285 811 397 852 lent:
430 810 683 861 exercitum,
712 822 755 851 et
786 812 1026 866 pecuniam,
1048 820 1251 866 quantam
1280 811 1448 862 vellent,
1479 826 1528 852 ea
1558 814 1666 870 lege,
1690 815 1726 855 si

286 868 367 923 ipsi
393 868 506 924 prius
531 868 703 909 tribuno
727 868 861 924 plebis
884 868 1088 908 afflictam
1119 878 1162 908 et
1192 870 1468 909 constrictam
1491 871 1723 926 rempubli-

285 940 380 966 cam
405 924 688 965 tradidissent.
710 925 752 966 id
772 934 913 965 autem
934 925 1076 965 foedus
1093 939 1188 966 meo
1211 926 1418 981 sanguine
1439 926 1569 966 ictum
1587 928 1725 970 sanci-

222 989 273 1022 25
286 982 317 1022 ri
346 996 466 1037 posse
494 982 710 1022 dicebant.
771 982 870 1028 Qua
900 996 943 1022 re
974 981 1190 1037 patefacta
1210 987 1366 1037 (neque
1390 983 1504 1023 enim
1526 983 1726 1026 dissimu-

283 1040 358 1079 lari
395 1049 561 1079 tantum
599 1038 733 1079 scelus
764 1048 945 1095 poterat,
979 1053 1057 1080 nec
1090 1039 1237 1089 latere)
1270 1039 1595 1095 promulgantur
1636 1056 1724 1083 uno

282 1096 518 1151 eodemque
540 1104 732 1151 tempore
745 1096 989 1152 rogationes
1012 1097 1065 1136 ab
1088 1097 1236 1137 eodem
1256 1097 1427 1136 tribuno
1446 1097 1499 1138 de
1521 1111 1615 1139 mea
1630 1113 1726 1154 per-

283 1153 410 1202 nicie,
432 1163 475 1193 ct
498 1152 550 1193 de
574 1153 805 1208 provinciis
826 1152 1048 1193 consulum
1073 1153 1342 1194 nominatim.

205 1207 266 1253 11
343 1209 430 1250 Hic
465 1219 555 1250 tum
591 1219 761 1250 senatus
794 1209 1015 1260 sollicitus,
1047 1225 1120 1250 vos
1161 1211 1325 1265 equites
1363 1210 1557 1263 excitati,
1598 1210 1725 1254 Italia

284 1277 440 1307 cuncta
477 1277 686 1322 permota,
719 1282 866 1308 omnes
905 1267 1089 1321 denique
1127 1268 1318 1308 omnium
1361 1282 1563 1323 generum
1595 1279 1724 1325 atque

281 1325 478 1365 ordinum
519 1324 633 1364 cives
670 1339 847 1364 summae
891 1324 1138 1379 reipublicae
1182 1340 1207 1364 a
1244 1325 1490 1365 consulibus
1531 1335 1658 1381 atque
1699 1342 1724 1367 a

282 1395 449 1421 summo
471 1381 650 1436 imperio
672 1381 902 1437 petendum
930 1395 1020 1420 esse
1042 1381 1249 1422 auxilium
1270 1382 1601 1433 arbitrabantur,
1624 1397 1724 1425 cum

280 1438 337 1478 illi
372 1438 448 1478 soli
482 1448 637 1488 essent,
669 1447 824 1494 praeter
855 1437 1062 1478 furiosum
1104 1438 1222 1479 illum
1257 1438 1492 1489 tribunum,
1514 1439 1599 1480 duo
1641 1441 1722 1481 rei-

279 1495 465 1549 publica:
499 1496 704 1544 turbines,
735 1495 809 1549 qui
841 1509 927 1535 non
960 1494 1090 1535 modo
1129 1495 1417 1551 praecipitanti
1450 1497 1599 1552 patriae
1635 1511 1722 1539 non

277 1553 569 1602 subvenirent,
591 1555 631 1585 39
646 1552 718 1592 sed
740 1567 833 1592 eam
855 1552 985 1592 etiam
1009 1551 1189 1593 nimium
1221 1552 1340 1593 tarde
1360 1553 1587 1594 concidere
1609 1568 1721 1595 moe-

277 1618 433 1649 rerent.
494 1609 791 1664 Flagitabatur
812 1609 867 1649 ab
887 1609 952 1649 his
975 1609 1169 1663 quotidie
1186 1623 1282 1650 cum
1307 1610 1488 1664 querelis
1509 1611 1720 1652 bonorum
1768 1636 1769 1644 κ

277 1666 486 1717 omnium,
528 1675 617 1706 tum
660 1666 789 1707 etiam
827 1666 1026 1721 precibus
1063 1674 1248 1717 senatus,
1285 1678 1333 1706 ut
1368 1679 1507 1707 meam
1548 1682 1721 1709 causam
1768 1689 1769 1695 =

277 1724 557 1780 susciperent,
579 1733 781 1779 agerent3
812 1723 972 1778 aliquid
1004 1723 1188 1777 denique
1209 1723 1261 1764 ad
1284 1733 1478 1765 senatum
1500 1724 1720 1766 referrent.

277 1779 322 1820 hi
362 1795 448 1821 non
482 1781 611 1821 modo
645 1780 858 1835 negando,
881 1779 952 1820 sed
987 1780 1116 1820 etiam
1157 1780 1385 1830 irridendo,
1408 1781 1721 1836 amplissimum

215 1851 265 1885 26
279 1849 491 1892 quemque
513 1838 625 1878 illius
655 1837 817 1878 ordinis
848 1837 1196 1890 insequebantur.
1259 1837 1347 1878 Hic
1368 1838 1511 1878 subito
1534 1853 1633 1880 cum
1655 1840 1720 1879 in-

277 1895 494 1935 credibilis
518 1895 560 1935 in
586 1894 851 1951 Capitolium
873 1893 1104 1934 multitudo
1135 1908 1189 1934 ex
1222 1904 1314 1934 tota
1337 1895 1454 1945 urbe,
1477 1904 1718 1951 cunctaque
1766 1928 1769 1936 Δ

278 1950 404 1991 Italia
424 1951 721 1992 convenisset:
752 1960 914 1991 vestem
945 1951 1194 1991 mutandam
1226 1965 1387 2002 omneS,
1410 1966 1564 2007 meque
1585 1953 1716 1993 etiam

276 2009 392 2048 omni
427 2009 605 2059 ratione,
641 2008 808 2064 privato
847 2007 1026 2048 consilio
1065 2008 1287 2063 (quoniam
1322 2008 1503 2063 publicis
1537 2009 1718 2055 ducibus

276 2065 517 2120 respublica
558 2067 739 2114 careret)
784 2064 1100 2105 defendendum
1143 2073 1359 2120 putarunt.
1421 2064 1524 2106 Erat
1564 2067 1716 2108 eodem

276 2132 470 2177 tempore
497 2132 668 2163 senatus
700 2123 744 2163 in
775 2122 867 2163 aede
898 2120 1170 2172 Concordiae,
1192 2122 1307 2176 quod
1337 2122 1476 2177 ipsum
1509 2123 1719 2179 templum.

276 2181 615 2235 repraesentabat
638 2179 887 2220 memoriam
911 2178 1156 2219 consulatus
1181 2180 1392 2229 mei,eum
1417 2180 1522 2220 fiens
1546 2182 1714 2221 univer-

276 2251 344 2276 sus
376 2236 481 2277 ordo
512 2237 803 2277 cincinnatum
837 2235 1055 2276 consulem
1087 2236 1250 2276 orabat.
1273 2250 1372 2276 nam
1399 2236 1503 2277 alter
1526 2236 1593 2278 ille
1616 2237 1714 2279 hor-

233 2293 391 2333 b·ridus
428 2302 470 2333 et
501 2307 669 2334 severus
704 2293 901 2333 consulto
934 2306 977 2332 se
1009 2292 1125 2333 domi
1165 2293 1430 2334 continebat.
1492 2294 1590 2340 Qua
1625 2304 1716 2335 tum

275 2350 475 2406 superbia
507 2364 683 2391 coenum
714 2349 817 2390 illud
848 2364 898 2390 ac
928 2349 1057 2400 labes,
1079 2349 1330 2404 amplissimi
1361 2350 1521 2391 ordinis
1556 2366 1715 2406 preces,
1761 2374 1767 2387 ,·

272 2418 315 2449 et
334 2407 665 2447 clarissimorum
688 2407 847 2448 civium
868 2406 1076 2461 lacrymas
1108 2406 1376 2461 repudiavit?
1408 2422 1475 2447 me
1500 2407 1638 2464 ipsum
1663 2419 1712 2449 ut

272 2465 503 2506 contemsit
528 2463 723 2505 40l1elluo
760 2463 940 2520 patriae?
979 2477 1078 2504 nam
1108 2464 1211 2518 quid
1243 2478 1324 2520 ego
1360 2465 1607 2520 patrimonii
1646 2465 1712 2507 di-

314 2623 353 2652 38
377 2619 448 2650 boni
467 2619 550 2650 nihil
565 2619 606 2649 ab
622 2620 687 2650 ulis
702 2618 801 2657 nugis
816 2618 968 2658 exspect]
1014 2622 1144 2649 servato
1160 2620 1272 2651 etium.
1467 2642 1468 2647 ,

272 2661 483 2701 Intelligendi
499 2661 658 2691 Gabinius
673 2665 708 2691 et
724 2661 809 2692 Piso.
823 2671 922 2699 nugoe
933 2661 972 2691 de
1056 2663 1098 2692 40
1121 2663 1226 2691 helluo
1236 2662 1369 2702 patrioe]
1386 2663 1450 2703 Qui
1465 2663 1551 2693 bona
1566 2664 1711 2704 publica,

272 2705 418 2745 personis
441 2704 599 2734 usitatum
623 2703 785 2734 Ciceroni.
830 2713 860 2733 v.
879 2703 971 2735 Clav.
1016 2704 1165 2733 zur-arium
1183 2704 1330 2744 prodegit
1345 2711 1379 2735 et
1393 2705 1554 2736 exhausit.
1591 2706 1710 2745 chefi
1761 2739 1763 2742 y

272 2748 306 2777 in
321 2747 356 2777 h.
374 2756 403 2775 v.
1015 2745 1048 2775 in
1073 2745 1124 2776 ed.
1149 2751 1270 2785 vetere,
1285 2748 1407 2788 patres,
1431 2747 1517 2789 quod
1541 2752 1590 2779 est
1614 2748 1709 2778 vrtic-

313 2791 354 2822 39
376 2788 433 2818 sed
453 2796 527 2818 eam
550 2786 664 2825 etiam]
689 2785 806 2817 Addidi
835 2797 908 2818 eam
930 2798 971 2818 ex
1014 2797 1098 2818 sum.

270 2830 361 2863 libris
391 2839 454 2863 scr.
481 2829 675 2870 quibusdam
701 2835 736 2862 et
758 2829 806 2860 ed.
831 2829 885 2863 W.
907 2830 971 2863 Sed
