1785 3185
286 80 384 121 1182
878 82 1127 120 ORATIO

221 191 273 230 '74
287 199 391 236 sam,
421 184 563 227 exstin
600 192 731 228 ueret.
769 199 867 227 eum
910 186 1109 242 denique,
1143 187 1210 228 cui
1240 186 1333 242 jam
1364 185 1480 228 nulla
1514 186 1585 229 lex
1615 193 1723 237 erat,

284 242 449 284 nullum
491 242 574 284 civi
593 242 736 299 e0jus,
778 242 882 284 nulli
934 244 1250 299 possessionum
1290 245 1485 286 termini:
1528 244 1722 299 quinon

282 299 499 342 calumnia
518 299 674 351 litium,
696 315 783 342 non
805 300 977 356 injustis
1000 301 1198 343 vindiciis
1229 316 1278 342 ac
1315 302 1590 343 sacramentis
1621 301 1723 341 alie-

282 371 361 398 nos
386 356 557 408 fundos,
583 357 653 398 sed
683 358 847 408 castris,
869 358 1078 408 exercitu,
1103 358 1236 413 signis
1268 358 1498 399 inferendis
1522 358 1722 414 petebat:

282 414 357 470 qui
387 428 474 454 non
507 413 643 455 solum
678 413 895 466 Etruscos,
926 418 1018 466 (eos
1053 415 1167 456 enim
1203 416 1370 469 penitus
1402 415 1723 468 contemserat,)

283 471 355 512 sed
389 471 503 513 hunc
534 471 591 518 Q.
615 471 808 522 Varium,
841 471 979 512 virum
1014 470 1310 523 fortissimum,
1344 483 1471 527 atque
1506 473 1722 528 optimum

282 529 437 579 civem,
455 527 651 584 judicem
681 538 890 578 nostrum,
921 528 1076 583 pellere
1110 528 1463 583 possessionibus,
1486 529 1630 580 armis,
1652 542 1724 569 ca-

284 586 468 641 strisque
505 593 685 627 conatus
716 594 807 626 est:
847 584 921 639 qui
953 599 1051 625 cum
1085 584 1331 625 architectis
1373 595 1418 625 et
1451 584 1723 640 decempedis

283 642 406 683 villas
444 641 679 684 multorum
719 641 953 695 hortosque
995 641 1275 697 peragrabat:
1325 642 1397 696 qui
1439 641 1642 683 Janiculo
1681 650 1726 682 et

284 699 469 755 Alpibus
487 713 607 754 spem
628 698 944 754 possessionum
966 698 1224 739 terminabat
1243 713 1441 740 suarum:
1463 697 1651 753 quicum
1668 697 1726 738 ab

284 761 326 792 99
339 757 483 811 equite
508 756 707 797 Romano
731 754 1077 810 splendidissimo
1112 764 1156 796 et
1186 754 1287 796 forti
1322 755 1426 805 viro,
1448 753 1499 796 T.
1525 754 1727 806 Pacavio,

286 828 373 854 non
395 814 680 869 impetrasset,
703 822 750 853 ut
772 810 953 852 insulam
976 812 1018 852 in
1041 811 1134 853 lacu
1160 811 1301 854 Prelio
1320 811 1535 862 venderet,
1552 819 1729 868 repente

287 869 487 912 lintribus
520 870 564 910 in
596 884 692 910 eam
723 868 906 909 insulam
937 869 1174 920 materiam,
1206 869 1382 919 calcem,
1414 877 1638 919 caementa,
1661 876 1728 909 at-

289 942 372 982 que
407 942 525 978 arma
557 926 786 968 convexit:
818 925 1080 980 dominoque
1111 935 1226 967 trans
1265 928 1401 982 ripam
1444 926 1728 981 inspectante,

226 992 276 1030 '75
292 999 376 1025 non
409 983 628 1025 dubitavit
657 982 890 1023 aedificium
923 992 1142 1023 exstruere
1173 983 1217 1024 in
1255 984 1418 1025 alieno:
1451 983 1523 1038 qui
1555 982 1656 1023 huic
1675 981 1728 1022 T.

152 1050 189 1083 P·
207 1041 276 1072 ¹¹⁶·
292 1041 513 1090 Furfanio,
534 1040 603 1081 cui
627 1040 747 1081 viro?
778 1039 837 1080 dii
862 1040 1146 1082 immortales!
1178 1041 1298 1095 (quid
1322 1041 1436 1082 enim
1458 1054 1540 1096 ego
1559 1039 1611 1080 de
1633 1053 1730 1080 mu-

245 1093 463 1140 a'liereula
504 1097 706 1139 Scantia?
743 1096 845 1152 quid
877 1096 930 1138 de
960 1096 1229 1138 adolescente
1270 1097 1515 1153 100Aponio
1557 1096 1728 1138 dicam?

286 1169 471 1211 quorum
501 1155 672 1209 utrique
707 1163 888 1194 mortem
919 1163 983 1194 est
1012 1153 1250 1206 minitatus,
1273 1154 1354 1195 nisi
1388 1154 1470 1194 sibi
1503 1153 1728 1195 hortorum

286 1212 557 1269 possessione
578 1211 774 1252 cessisset
789 1213 820 1263 ς)
852 1210 925 1252 sed
948 1225 1073 1252 ausus
1095 1220 1160 1251 est
1183 1210 1388 1252 Furfanio
1409 1211 1564 1262 dicere,
1587 1211 1619 1251 si
1645 1210 1727 1251 sibi

287 1269 531 1325 pecuniam,
553 1277 759 1323 quantam
790 1277 1061 1324 poposcerat,
1094 1282 1181 1309 non
1213 1268 1412 1318 dedisset,
1432 1276 1651 1308 mortuum
1683 1280 1728 1307 se

288 1328 330 1367 in
354 1327 532 1367 domum
554 1325 648 1380 ejus
670 1324 911 1367 illaturum:
943 1340 1028 1380 qua
1057 1325 1220 1367 invidia
1249 1324 1350 1367 huic
1382 1333 1493 1366 esset
1525 1324 1599 1365 tali
1634 1323 1726 1365 viro

286 1382 671 1440 conflagrandum:
703 1382 777 1438 qui
807 1381 1001 1438 Appium
1035 1381 1225 1434 fratrem,
1246 1382 1466 1423 hominem
1494 1381 1602 1422 mihi
1625 1395 1730 1422 con-

281 1441 485 1496 junctum
508 1439 716 1480 fidissima
738 1440 891 1496 gratia,
910 1439 1131 1481 absentem
1152 1440 1205 1481 de
1226 1439 1494 1495 possessione
1510 1437 1631 1479 fundi
1655 1438 1730 1479 de-

285 1498 420 1552 jecit:
453 1497 527 1552 qui
550 1497 757 1552 parietem
788 1497 849 1538 sic
888 1510 963 1552 per
984 1496 1245 1538 vestibulum
1267 1496 1422 1538 sororis
1444 1495 1632 1536 instituit
1653 1495 1731 1536 du-

293 1569 403 1606 cere,
426 1553 487 1596 sic
508 1567 636 1609 agere
665 1552 960 1606 fundamenta,
978 1562 1026 1594 ut
1047 1568 1236 1596 sororem
1258 1569 1344 1595 non
1365 1553 1495 1594 modo
1520 1551 1732 1594 vestibulo

211 1603 281 1652 ‘28
295 1612 496 1668 privaret,
518 1611 590 1651 sed
624 1611 742 1651 omni
776 1611 894 1652 aditu
925 1619 968 1652 et
990 1610 1152 1653 limine.
1212 1611 1487 1665 Quamquam
1519 1609 1615 1651 haec
1636 1610 1732 1665 qni-

230 1676 281 1713 76
295 1669 500 1724 de1njam
524 1668 764 1709 tolerabilia
795 1668 1072 1710 videbantur:
1114 1668 1220 1709 letsi
1252 1667 1473 1723 aequaliter
1495 1667 1538 1707 in
1562 1680 1741 1722 rempu·

295 1726 466 1776 blicam,
489 1725 532 1765 in
569 1725 773 1780 privatos,
807 1725 850 1766 in
882 1725 1155 1781 longinquos,
1178 1725 1221 1765 in
1253 1724 1533 1781 propinquos,
1555 1723 1597 1764 in
1629 1723 1732 1763 alie-

291 1797 386 1834 nos,
409 1783 451 1823 in
476 1797 574 1823 suos
598 1783 809 1825 irruebat:
842 1782 915 1823 sed
947 1783 1092 1824 nescio
1123 1782 1341 1837 quomodo
1365 1783 1459 1836 jam
1491 1795 1569 1821 usu
1594 1780 1743 1832 obdu-r

291 1849 434 1882 ruerat
455 1848 499 1880 et
521 1838 799 1894 percalluerat
829 1839 1016 1881 civitatis
1049 1838 1309 1893 incredibilis
1332 1837 1555 1894 patientia.
1617 1837 1729 1884 Quae

290 1912 392 1939 vcro
425 1896 601 1937 aderant
629 1896 736 1951 jam,
770 1906 813 1937 et
843 1896 1166 1952 impendebant,
1188 1910 1375 1950 quonam
1418 1894 1547 1936 modo
1577 1908 1628 1935 ea
1656 1903 1732 1935 aut

289 1953 499 2011 depellere
522 1953 783 2008 potuissetis,
806 1963 880 1994 aut
902 1954 1040 1994 ferre?
1072 1952 1308 2009 Imperium
1339 1952 1372 1992 si
1404 1952 1473 1992 ille
1493 1960 1644 1993 nactus
1667 1966 1732 1992 es-

291 2022 379 2055 set:
412 2011 568 2052 omitto
592 2011 745 2061 socios,
759 2020 926 2051 exteras
949 2011 1159 2061 nationes,
1182 2024 1317 2065 reges,
1339 2009 1597 2050 tetrarchas:
1631 2017 1734 2050 vota

290 2070 407 2109 enim
430 2068 644 2117 faceretis,
667 2077 715 2108 ut
739 2068 780 2109 in
802 2082 874 2109 eos
897 2082 940 2108 se
957 2068 1101 2123 potius
1125 2068 1332 2118 mitteret,
1353 2081 1482 2122 quam
1503 2066 1546 2106 in
1572 2075 1733 2107 vestras

292 2125 596 2182 possessiones,
620 2134 759 2165 vestra
780 2133 909 2177 tecta,
935 2134 1093 2166 vestras
1115 2125 1345 2181 pecunias:
1380 2123 1581 2179 pecunias
1603 2122 1730 2163 dico?

292 2198 316 2229 a
345 2183 503 2233 liberis,
538 2197 562 2223 a
591 2182 750 2234 liberis,
783 2183 949 2224 medius
980 2181 1121 2234 fidius,
1146 2184 1220 2222 ffiet
1242 2197 1267 2223 a
1287 2181 1547 2236 conjugibus
1581 2179 1732 2221 vestris

291 2328 385 2365 titur.
432 2326 537 2358 Credo
566 2327 765 2359 Lambinnm
792 2327 907 2359 vidisse
935 2337 988 2358 ve-

292 2380 379 2406 rum.

335 2417 377 2448 99
399 2421 469 2451 equ.
499 2411 543 2442 R.
569 2413 825 2451 splendidissimo
851 2417 882 2442 ec
901 2412 991 2453 forti

293 2455 377 2494 viro]
405 2454 480 2484 Duo
496 2453 596 2485 Codd.
613 2455 647 2484 in
670 2455 718 2485 his
741 2454 809 2485 Erf.
825 2454 991 2494 splendido

294 2497 430 2537 etJbrti,
446 2497 515 2526 sine
531 2498 612 2533 viro,
631 2497 717 2535 quod
739 2500 773 2527 et
795 2496 866 2527 edd.
888 2497 943 2527 W.
958 2500 992 2526 et

295 2539 367 2570 aliis
385 2549 433 2579 pr.
447 2539 548 2569 abest.
564 2538 680 2568 Lamb.
695 2542 729 2569 et
744 2538 891 2568 Graevius
906 2547 993 2568 rece-

295 2591 383 2622 pere.
400 2579 480 2611 mihi
497 2590 563 2610 non
580 2580 705 2620 placet:
728 2581 784 2620 qui
808 2580 993 2611 Ciceronia-

295 2632 377 2654 num
388 2622 519 2654 modum
534 2622 685 2661 loquendi
702 2623 879 2662 invulgata
891 2631 992 2661 agno-

295 2675 364 2697 sco.
410 2666 489 2696 Mox
516 2672 630 2696 contra
655 2664 767 2695 Prelio
793 2675 851 2704 pro
878 2664 994 2695 Pretio

295 2708 437 2748 recipere
463 2717 538 2737 cum
569 2706 699 2737 Graexio
726 2716 793 2737 uon
822 2706 990 2737 dubitavi:

294 2751 449 2789 quoniam
465 2749 496 2778 id
514 2758 626 2779 verum
652 2748 742 2779 lacus
765 2758 886 2779 nomen
908 2758 989 2785 esse,

293 2798 363 2822 tam
392 2791 559 2831 perspicue
587 2791 849 2822 demonstratum
885 2795 934 2820 est
972 2801 993 2822 a

295 2833 499 2872 Cluverio‚et
515 2834 583 2872 ejus
599 2833 737 2873 vestigia
749 2834 850 2866 etiam
864 2834 898 2864 iu
910 2833 990 2865 Mss.

1033 2330 1138 2399 smigi)
1159 2366 1298 2408 Aponio]
1323 2367 1374 2397 Sic
1389 2366 1469 2399 MSS.
1486 2365 1645 2396 meliores.
1659 2365 1731 2396 vul-

1034 2420 1076 2450 go
1102 2410 1253 2450 Apronio.
1299 2408 1384 2440 Edd.
1410 2419 1457 2449 pr.
1484 2409 1615 2448 Aporio,
1645 2408 1732 2447 quod

1033 2454 1144 2501 firmat
1161 2452 1351 2482 lectionem.
1394 2451 1457 2482 Sed
1480 2451 1528 2481 nil
1553 2450 1731 2481 admodum

1036 2497 1177 2567 retfrssbsi
1193 2537 1361 2575 oequaliter
1376 2536 1410 2565 in
1424 2545 1453 2565 r.
1470 2534 1543 2574 &c.]
1564 2535 1627 2565 Pro
1643 2534 1730 2573 vulg.

1035 2579 1248 2618 oeqembiliter,
1262 2579 1348 2617 quod
1363 2579 1403 2608 ab
1417 2577 1583 2607 sententia
1595 2577 1629 2608 h.
1644 2576 1667 2606 1.
1681 2581 1732 2606 est

1035 2622 1190 2677 alienum.
1206 2625 1240 2650 et
1255 2621 1299 2650 sic
1315 2621 1396 2651 Mss.
1410 2620 1534 2650 Fabrie.
1549 2618 1621 2650 edd.
1635 2619 1731 2649 Rom.

1034 2663 1067 2694 u
1078 2709 1096 2735 2
1107 2667 1185 2735 &ep-a
1199 2703 1298 2744 conj]
1315 2704 1431 2735 Addidi
1445 2715 1467 2734 α
1481 2714 1554 2735 etun
1570 2702 1697 2733 Graevio
1713 2712 1730 2732 e

1033 2747 1113 2778 Mss.
1152 2747 1213 2778 Est
1243 2747 1346 2780 etiam
1373 2748 1408 2779 iu
1439 2746 1512 2779 edd.
1538 2745 1730 2785 quibusdan-

1025 2788 1170 2831 primis-c
