<?xml version="1.0" encoding="UTF-8"?>
<!DOCTYPE html PUBLIC "-//W3C//DTD XHTML 1.0 Transitional//EN"
    "http://www.w3.org/TR/xhtml1/DTD/xhtml1-transitional.dtd">
<html xmlns="http://www.w3.org/1999/xhtml" xml:lang="en" lang="en">
 <head>
  <title>
</title>
<meta http-equiv="Content-Type" content="text/html;charset=utf-8" />
  <meta name='ocr-system' content='tesseract 3.04.00' />
  <meta name='ocr-capabilities' content='ocr_page ocr_carea ocr_par ocr_line ocrx_word'/>
</head>
<body>
  <div class='ocr_page' id='page_1' title='image "./p2operaomnia02ciceuoft_0543.png"; bbox 0 0 1785 3185; ppageno 0'>
   <div class='ocr_carea' id='block_1_1' title="bbox 486 84 1501 126">
    <p class='ocr_par' dir='ltr' id='par_1_1' title="bbox 486 84 1501 126">
     <span class='ocr_line' id='line_1_1' title="bbox 486 84 1501 126; baseline 0.002 -3"><span class='ocrx_word' id='word_1_1' title='bbox 486 84 837 123; x_wconf 88' lang='lat' dir='ltr'><strong>PHILIPPICA</strong></span> <span class='ocrx_word' id='word_1_2' title='bbox 880 85 1084 124; x_wconf 85' lang='lat' dir='ltr'><strong>PRIMA.</strong></span> <span class='ocrx_word' id='word_1_3' title='bbox 1396 88 1501 126; x_wconf 66' lang='lat'>&#39;1259</span> 
     </span>
    </p>
   </div>
   <div class='ocr_carea' id='block_1_2' title="bbox 73 187 1641 1901">
    <p class='ocr_par' dir='ltr' id='par_1_2' title="bbox 73 187 1630 914">
     <span class='ocr_line' id='line_1_2' title="bbox 73 187 1502 256; baseline -0.001 -24"><span class='ocrx_word' id='word_1_4' title='bbox 73 190 159 256; x_wconf 84' lang='lat' dir='ltr'><strong>puli</strong></span> <span class='ocrx_word' id='word_1_5' title='bbox 181 190 441 231; x_wconf 81' lang='lat' dir='ltr'>concursus?</span> <span class='ocrx_word' id='word_1_6' title='bbox 471 188 575 243; x_wconf 93' lang='lat' dir='ltr'><strong>quid</strong></span> <span class='ocrx_word' id='word_1_7' title='bbox 597 187 792 243; x_wconf 90' lang='lat' dir='ltr'><strong>Pompeii</strong></span> <span class='ocrx_word' id='word_1_8' title='bbox 814 196 965 228; x_wconf 84' lang='lat' dir='ltr'><strong>statuae</strong></span> <span class='ocrx_word' id='word_1_9' title='bbox 991 188 1159 243; x_wconf 85' lang='lat' dir='ltr'><strong>plausus</strong></span> <span class='ocrx_word' id='word_1_10' title='bbox 1183 189 1368 231; x_wconf 85' lang='lat' dir='ltr'><strong>infiniti?</strong></span> <span class='ocrx_word' id='word_1_11' title='bbox 1398 189 1502 244; x_wconf 90' lang='lat' dir='ltr'><strong>quid</strong></span> 
     </span>
     <span class='ocr_line' id='line_1_3' title="bbox 75 244 1504 301; baseline -0.001 -12"><span class='ocrx_word' id='word_1_12' title='bbox 75 249 125 289; x_wconf 75' lang='lat' dir='ltr'><strong>iis</strong></span> <span class='ocrx_word' id='word_1_13' title='bbox 160 245 342 287; x_wconf 90' lang='lat' dir='ltr'><strong>tribunis</strong></span> <span class='ocrx_word' id='word_1_14' title='bbox 375 245 526 301; x_wconf 82' lang='lat' dir='ltr'><strong>plebis,</strong></span> <span class='ocrx_word' id='word_1_15' title='bbox 565 245 639 298; x_wconf 90' lang='lat' dir='ltr'><strong>qui</strong></span> <span class='ocrx_word' id='word_1_16' title='bbox 676 245 796 285; x_wconf 87' lang='lat' dir='ltr'><strong>vobis</strong></span> <span class='ocrx_word' id='word_1_17' title='bbox 833 244 1131 286; x_wconf 54' lang='lat' dir='ltr'><strong>adversantur?</strong></span> <span class='ocrx_word' id='word_1_18' title='bbox 1172 260 1375 300; x_wconf 83' lang='lat' dir='ltr'><strong>paiurnne</strong></span> <span class='ocrx_word' id='word_1_19' title='bbox 1407 248 1504 288; x_wconf 87' lang='lat' dir='ltr'><strong>baec</strong></span> 
     </span>
     <span class='ocr_line' id='line_1_4' title="bbox 73 300 1503 360; baseline 0 -16"><span class='ocrx_word' id='word_1_20' title='bbox 73 307 111 336; x_wconf 78' lang='lat'><strong>85</strong></span> <span class='ocrx_word' id='word_1_21' title='bbox 128 302 445 360; x_wconf 82' lang='lat' dir='ltr'><strong>significabant,</strong></span> <span class='ocrx_word' id='word_1_22' title='bbox 463 300 768 342; x_wconf 83' lang='lat' dir='ltr'><strong>incredibiliter</strong></span> <span class='ocrx_word' id='word_1_23' title='bbox 787 301 1124 342; x_wconf 82' lang='lat' dir='ltr'><strong>consentientem</strong></span> <span class='ocrx_word' id='word_1_24' title='bbox 1149 303 1295 356; x_wconf 88' lang='lat' dir='ltr'><strong>populi</strong></span> <span class='ocrx_word' id='word_1_25' title='bbox 1316 303 1503 344; x_wconf 83' lang='lat' dir='ltr'><strong>Romani</strong></span> 
     </span>
     <span class='ocr_line' id='line_1_5' title="bbox 75 333 1504 415; baseline 0 -15"><span class='ocrx_word' id='word_1_26' title='bbox 75 337 259 402; x_wconf 88' lang='lat' dir='ltr'><strong>universi</strong></span> <span class='ocrx_word' id='word_1_27' title='bbox 293 333 586 400; x_wconf 78' lang='lat' dir='ltr'><strong>volunt&#39;atem?</strong></span> <span class='ocrx_word' id='word_1_28' title='bbox 623 358 768 403; x_wconf 77' lang='lat' dir='ltr'><strong>Quid?</strong></span> <span class='ocrx_word' id='word_1_29' title='bbox 811 357 1125 412; x_wconf 84' lang='lat' dir='ltr'><strong>Apollinarium</strong></span> <span class='ocrx_word' id='word_1_30' title='bbox 1157 359 1352 399; x_wconf 87' lang='lat' dir='ltr'><strong>ludorum</strong></span> <span class='ocrx_word' id='word_1_31' title='bbox 1384 361 1504 415; x_wconf 89' lang='lat' dir='ltr'><strong>plau-</strong></span> 
     </span>
     <span class='ocr_line' id='line_1_6' title="bbox 75 414 1506 471; baseline -0.001 -13"><span class='ocrx_word' id='word_1_32' title='bbox 75 431 159 468; x_wconf 84' lang='lat' dir='ltr'><strong>sus,</strong></span> <span class='ocrx_word' id='word_1_33' title='bbox 183 416 249 458; x_wconf 90' lang='lat' dir='ltr'><strong>vel</strong></span> <span class='ocrx_word' id='word_1_34' title='bbox 283 415 528 456; x_wconf 76' lang='lat' dir='ltr'><strong>testimoni-1</strong></span> <span class='ocrx_word' id='word_1_35' title='bbox 560 415 718 470; x_wconf 87' lang='lat' dir='ltr'><strong>potius,</strong></span> <span class='ocrx_word' id='word_1_36' title='bbox 751 424 794 454; x_wconf 79' lang='lat' dir='ltr'><strong>et</strong></span> <span class='ocrx_word' id='word_1_37' title='bbox 825 415 992 469; x_wconf 84' lang='lat' dir='ltr'><strong>judicia</strong></span> <span class='ocrx_word' id='word_1_38' title='bbox 1025 414 1172 471; x_wconf 90' lang='lat' dir='ltr'><strong>populi</strong></span> <span class='ocrx_word' id='word_1_39' title='bbox 1208 415 1391 456; x_wconf 82' lang='lat' dir='ltr'><strong>Romani</strong></span> <span class='ocrx_word' id='word_1_40' title='bbox 1430 432 1506 457; x_wconf 90' lang='lat' dir='ltr'><strong>vo-</strong></span> 
     </span>
     <span class='ocr_line' id='line_1_7' title="bbox 76 470 1506 529; baseline -0.001 -14"><span class='ocrx_word' id='word_1_41' title='bbox 76 473 140 515; x_wconf 91' lang='lat' dir='ltr'><strong>bis</strong></span> <span class='ocrx_word' id='word_1_42' title='bbox 163 474 203 504; x_wconf 79' lang='lat'><strong>86</strong></span> <span class='ocrx_word' id='word_1_43' title='bbox 218 487 349 529; x_wconf 87' lang='lat' dir='ltr'><strong>parva</strong></span> <span class='ocrx_word' id='word_1_44' title='bbox 380 472 664 513; x_wconf 51' lang='lat' dir='ltr'><strong>videbantur?</strong></span> <span class='ocrx_word' id='word_1_45' title='bbox 709 470 757 513; x_wconf 95' lang='lat' dir='ltr'>O</span> <span class='ocrx_word' id='word_1_46' title='bbox 782 473 927 512; x_wconf 81' lang='lat' dir='ltr'><strong>beatos</strong></span> <span class='ocrx_word' id='word_1_47' title='bbox 967 471 1074 524; x_wconf 80' lang='lat' dir='ltr'><strong>illos,</strong></span> <span class='ocrx_word' id='word_1_48' title='bbox 1105 487 1193 527; x_wconf 83' lang='lat' dir='ltr'><strong>qui,</strong></span> <span class='ocrx_word' id='word_1_49' title='bbox 1225 487 1323 512; x_wconf 88' lang='lat' dir='ltr'><strong>cum</strong></span> <span class='ocrx_word' id='word_1_50' title='bbox 1361 472 1506 514; x_wconf 86' lang='lat' dir='ltr'><strong>adesse</strong></span> 
     </span>
     <span class='ocr_line' id='line_1_8' title="bbox 74 529 1508 586; baseline 0 -15"><span class='ocrx_word' id='word_1_51' title='bbox 74 531 176 586; x_wconf 89' lang='lat' dir='ltr'><strong>ipsis</strong></span> <span class='ocrx_word' id='word_1_52' title='bbox 206 539 378 586; x_wconf 85' lang='lat' dir='ltr'><strong>propter</strong></span> <span class='ocrx_word' id='word_1_53' title='bbox 413 529 496 570; x_wconf 90' lang='lat' dir='ltr'><strong>vim</strong></span> <span class='ocrx_word' id='word_1_54' title='bbox 521 542 735 569; x_wconf 66' lang='lat' dir='ltr'><strong>2⁸1rm01um</strong></span> <span class='ocrx_word' id='word_1_55' title='bbox 768 543 852 569; x_wconf 86' lang='lat' dir='ltr'><strong>nou</strong></span> <span class='ocrx_word' id='word_1_56' title='bbox 883 529 1054 580; x_wconf 84' lang='lat' dir='ltr'><strong>licebat,</strong></span> <span class='ocrx_word' id='word_1_57' title='bbox 1075 530 1251 569; x_wconf 86' lang='lat' dir='ltr'><strong>aderant</strong></span> <span class='ocrx_word' id='word_1_58' title='bbox 1282 538 1439 580; x_wconf 87' lang='lat' dir='ltr'><strong>tamen,</strong></span> <span class='ocrx_word' id='word_1_59' title='bbox 1463 540 1508 571; x_wconf 87' lang='lat' dir='ltr'><strong>et</strong></span> 
     </span>
     <span class='ocr_line' id='line_1_9' title="bbox 75 585 1504 642; baseline -0.001 -14"><span class='ocrx_word' id='word_1_60' title='bbox 75 587 116 628; x_wconf 91' lang='lat' dir='ltr'><strong>in</strong></span> <span class='ocrx_word' id='word_1_61' title='bbox 148 587 343 628; x_wconf 85' lang='lat' dir='ltr'><strong>medullis</strong></span> <span class='ocrx_word' id='word_1_62' title='bbox 376 585 522 642; x_wconf 90' lang='lat' dir='ltr'><strong>populi</strong></span> <span class='ocrx_word' id='word_1_63' title='bbox 556 585 742 626; x_wconf 81' lang='lat' dir='ltr'><strong>Romani</strong></span> <span class='ocrx_word' id='word_1_64' title='bbox 774 601 823 626; x_wconf 89' lang='lat' dir='ltr'><strong>ac</strong></span> <span class='ocrx_word' id='word_1_65' title='bbox 863 586 1094 626; x_wconf 80' lang='lat' dir='ltr'><strong>visce1ibus</strong></span> <span class='ocrx_word' id='word_1_66' title='bbox 1126 586 1370 627; x_wconf 69' lang='lat' dir='ltr'><strong>haerebant!</strong></span> <span class='ocrx_word' id='word_1_67' title='bbox 1422 587 1504 627; x_wconf 87' lang='lat' dir='ltr'><strong>nisi</strong></span> 
     </span>
     <span class='ocr_line' id='line_1_10' title="bbox 75 643 1504 699; baseline -0.001 -14"><span class='ocrx_word' id='word_1_68' title='bbox 75 644 185 685; x_wconf 88' lang='lat' dir='ltr'><strong>forte</strong></span> <span class='ocrx_word' id='word_1_69' title='bbox 205 644 341 685; x_wconf 86' lang='lat' dir='ltr'><strong>Accio</strong></span> <span class='ocrx_word' id='word_1_70' title='bbox 365 654 454 684; x_wconf 87' lang='lat' dir='ltr'><strong>tum</strong></span> <span class='ocrx_word' id='word_1_71' title='bbox 480 643 518 698; x_wconf 87' lang='lat' dir='ltr'><strong>pl</strong></span> <span class='ocrx_word' id='word_1_72' title='bbox 524 643 637 692; x_wconf 84' lang='lat' dir='ltr'><strong>audi,</strong></span> <span class='ocrx_word' id='word_1_73' title='bbox 660 646 696 675; x_wconf 76' lang='grc'><strong>87</strong></span> <span class='ocrx_word' id='word_1_74' title='bbox 713 652 756 682; x_wconf 89' lang='lat' dir='ltr'><strong>et</strong></span> <span class='ocrx_word' id='word_1_75' title='bbox 778 657 850 682; x_wconf 80' lang='lat' dir='ltr'><strong>sex</strong></span> <span class='ocrx_word' id='word_1_76' title='bbox 856 643 1044 697; x_wconf 76' lang='lat' dir='ltr'><strong>agesimo</strong></span> <span class='ocrx_word' id='word_1_77' title='bbox 1068 651 1164 699; x_wconf 89' lang='lat' dir='ltr'><strong>post</strong></span> <span class='ocrx_word' id='word_1_78' title='bbox 1186 657 1297 683; x_wconf 88' lang='lat' dir='ltr'><strong>anno</strong></span> <span class='ocrx_word' id='word_1_79' title='bbox 1319 643 1504 698; x_wconf 88' lang='lat' dir='ltr'><strong>palmam</strong></span> 
     </span>
     <span class='ocr_line' id='line_1_11' title="bbox 76 699 1502 758; baseline -0.001 -16"><span class='ocrx_word' id='word_1_80' title='bbox 76 701 165 742; x_wconf 85' lang='lat' dir='ltr'><strong>dari</strong></span> <span class='ocrx_word' id='word_1_81' title='bbox 185 701 417 758; x_wconf 83' lang='lat' dir='ltr'><strong>putabatiS,</strong></span> <span class='ocrx_word' id='word_1_82' title='bbox 435 715 521 741; x_wconf 89' lang='lat' dir='ltr'><strong>non</strong></span> <span class='ocrx_word' id='word_1_83' title='bbox 540 700 700 740; x_wconf 80' lang='lat' dir='ltr'><strong>Bruto</strong></span> <span class='ocrx_word' id='word_1_84' title='bbox 693 699 797 754; x_wconf 88' lang='lat' dir='ltr'><strong>,qui</strong></span> <span class='ocrx_word' id='word_1_85' title='bbox 817 699 928 740; x_wconf 84' lang='lat' dir='ltr'><strong>ludis</strong></span> <span class='ocrx_word' id='word_1_86' title='bbox 945 701 1030 740; x_wconf 90' lang='lat' dir='ltr'><strong>suis</strong></span> <span class='ocrx_word' id='word_1_87' title='bbox 1050 701 1108 740; x_wconf 83' lang='lat' dir='ltr'><strong>ita</strong></span> <span class='ocrx_word' id='word_1_88' title='bbox 1127 700 1277 750; x_wconf 86' lang='lat' dir='ltr'><strong>caruit,</strong></span> <span class='ocrx_word' id='word_1_89' title='bbox 1297 710 1344 740; x_wconf 90' lang='lat' dir='ltr'><strong>ut</strong></span> <span class='ocrx_word' id='word_1_90' title='bbox 1366 715 1408 740; x_wconf 83' lang='lat' dir='ltr'><strong>in</strong></span> <span class='ocrx_word' id='word_1_91' title='bbox 1431 700 1502 741; x_wconf 90' lang='lat' dir='ltr'><strong>illo</strong></span> 
     </span>
     <span class='ocr_line' id='line_1_12' title="bbox 77 755 1504 822; baseline -0.001 -23"><span class='ocrx_word' id='word_1_92' title='bbox 77 759 407 822; x_wconf 83' lang='lat' dir='ltr'><strong>apparatissimo</strong></span> <span class='ocrx_word' id='word_1_93' title='bbox 426 755 669 813; x_wconf 87' lang='lat' dir='ltr'><strong>spectaculo</strong></span> <span class='ocrx_word' id='word_1_94' title='bbox 702 756 889 796; x_wconf 87' lang='lat' dir='ltr'><strong>studium</strong></span> <span class='ocrx_word' id='word_1_95' title='bbox 913 757 1095 812; x_wconf 90' lang='lat' dir='ltr'><strong>populus</strong></span> <span class='ocrx_word' id='word_1_96' title='bbox 1126 757 1347 797; x_wconf 85' lang='lat' dir='ltr'><strong>Romanus</strong></span> <span class='ocrx_word' id='word_1_97' title='bbox 1379 759 1504 797; x_wconf 73' lang='grc' dir='ltr'>83ῑιί-</span> 
     </span>
     <span class='ocr_line' id='line_1_13' title="bbox 76 813 1641 870; baseline 0.001 -14"><span class='ocrx_word' id='word_1_98' title='bbox 76 816 224 856; x_wconf 83' lang='lat' dir='ltr'><strong>bueiet</strong></span> <span class='ocrx_word' id='word_1_99' title='bbox 246 815 426 865; x_wconf 84' lang='lat' dir='ltr'><strong>absenti,</strong></span> <span class='ocrx_word' id='word_1_100' title='bbox 449 814 704 854; x_wconf 71' lang='lat' dir='ltr'><strong>desiderium</strong></span> <span class='ocrx_word' id='word_1_101' title='bbox 727 813 965 854; x_wconf 77' lang='lat' dir='ltr'><strong>liber-atmis</strong></span> <span class='ocrx_word' id='word_1_102' title='bbox 983 815 1044 856; x_wconf 88' lang='lat' dir='ltr'><strong>sui</strong></span> <span class='ocrx_word' id='word_1_103' title='bbox 1066 822 1271 870; x_wconf 82' lang='lat' dir='ltr'><strong>peipetuo</strong></span> <span class='ocrx_word' id='word_1_104' title='bbox 1295 813 1442 870; x_wconf 85' lang='lat' dir='ltr'><strong>plausu</strong></span> <span class='ocrx_word' id='word_1_105' title='bbox 1462 823 1505 855; x_wconf 88' lang='lat' dir='ltr'><strong>et</strong></span> <span class='ocrx_word' id='word_1_106' title='bbox 1521 834 1552 865; x_wconf 89' lang='lat' dir='ltr'><strong>p.</strong></span> <span class='ocrx_word' id='word_1_107' title='bbox 1573 828 1641 863; x_wconf 84' lang='lat'><strong>160,</strong></span> 
     </span>
     <span class='ocr_line' id='line_1_14' title="bbox 77 872 1548 914; baseline -0.001 -1"><span class='ocrx_word' id='word_1_108' title='bbox 77 872 262 914; x_wconf 84' lang='lat' dir='ltr'><strong>clamore</strong></span> <span class='ocrx_word' id='word_1_109' title='bbox 285 872 446 912; x_wconf 86' lang='lat' dir='ltr'><strong>leniret.</strong></span> <span class='ocrx_word' id='word_1_110' title='bbox 1517 881 1548 901; x_wconf 85' lang='lat' dir='ltr'><strong>a.</strong></span> 
     </span>
    </p>

    <p class='ocr_par' dir='ltr' id='par_1_3' title="bbox 79 926 1569 1596">
     <span class='ocr_line' id='line_1_15' title="bbox 135 926 1569 985; baseline -0.003 -15"><span class='ocrx_word' id='word_1_111' title='bbox 135 929 375 985; x_wconf 89' lang='lat' dir='ltr'><strong>Equidem</strong></span> <span class='ocrx_word' id='word_1_112' title='bbox 366 943 400 968; x_wconf 82' lang='lat' dir='ltr'><strong>ls</strong></span> <span class='ocrx_word' id='word_1_113' title='bbox 423 941 531 978; x_wconf 88' lang='lat' dir='ltr'><strong>sum,</strong></span> <span class='ocrx_word' id='word_1_114' title='bbox 553 926 625 982; x_wconf 94' lang='lat' dir='ltr'><strong>qui</strong></span> <span class='ocrx_word' id='word_1_115' title='bbox 648 926 752 967; x_wconf 87' lang='lat' dir='ltr'><strong>istos</strong></span> <span class='ocrx_word' id='word_1_116' title='bbox 775 926 961 982; x_wconf 86' lang='lat' dir='ltr'><strong>plausus,</strong></span> <span class='ocrx_word' id='word_1_117' title='bbox 979 942 1076 968; x_wconf 88' lang='lat' dir='ltr'><strong>cum</strong></span> <span class='ocrx_word' id='word_1_118' title='bbox 1100 943 1124 967; x_wconf 83' lang='lat' dir='ltr'><strong>a</strong></span> <span class='ocrx_word' id='word_1_119' title='bbox 1147 926 1423 983; x_wconf 86' lang='lat' dir='ltr'><strong>popularibus</strong></span> <span class='ocrx_word' id='word_1_120' title='bbox 1444 928 1504 970; x_wconf 89' lang='lat' dir='ltr'><strong>ci-</strong></span> <span class='ocrx_word' id='word_1_121' title='bbox 1516 932 1569 972; x_wconf 83' lang='lat'><strong>37</strong></span> 
     </span>
     <span class='ocr_line' id='line_1_16' title="bbox 79 985 1509 1040; baseline -0.001 -13"><span class='ocrx_word' id='word_1_122' title='bbox 79 986 202 1027; x_wconf 87' lang='lat' dir='ltr'><strong>vibus</strong></span> <span class='ocrx_word' id='word_1_123' title='bbox 240 986 539 1034; x_wconf 83' lang='lat' dir='ltr'><strong>tribuerentur,</strong></span> <span class='ocrx_word' id='word_1_124' title='bbox 575 998 740 1040; x_wconf 87' lang='lat' dir='ltr'><strong>semper</strong></span> <span class='ocrx_word' id='word_1_125' title='bbox 770 985 1091 1026; x_wconf 86' lang='lat' dir='ltr'><strong>contemserim:</strong></span> <span class='ocrx_word' id='word_1_126' title='bbox 1124 985 1321 1040; x_wconf 86' lang='lat' dir='ltr'><strong>idemque</strong></span> <span class='ocrx_word' id='word_1_127' title='bbox 1352 1000 1450 1026; x_wconf 90' lang='lat' dir='ltr'><strong>cum</strong></span> <span class='ocrx_word' id='word_1_128' title='bbox 1483 1000 1509 1026; x_wconf 87' lang='lat' dir='ltr'><strong>a</strong></span> 
     </span>
     <span class='ocr_line' id='line_1_17' title="bbox 82 1041 1511 1096; baseline 0.001 -13"><span class='ocrx_word' id='word_1_129' title='bbox 82 1043 273 1094; x_wconf 83' lang='lat' dir='ltr'><strong>summis,</strong></span> <span class='ocrx_word' id='word_1_130' title='bbox 294 1041 648 1093; x_wconf 84' lang='lat' dir='ltr'><strong>mediis,infimis,</strong></span> <span class='ocrx_word' id='word_1_131' title='bbox 671 1055 768 1082; x_wconf 85' lang='lat' dir='ltr'><strong>cum</strong></span> <span class='ocrx_word' id='word_1_132' title='bbox 791 1041 973 1096; x_wconf 89' lang='lat' dir='ltr'><strong>denique</strong></span> <span class='ocrx_word' id='word_1_133' title='bbox 996 1042 1048 1082; x_wconf 86' lang='lat' dir='ltr'><strong>ab</strong></span> <span class='ocrx_word' id='word_1_134' title='bbox 1074 1042 1374 1083; x_wconf 85' lang='lat' dir='ltr'><strong>universishoc</strong></span> <span class='ocrx_word' id='word_1_135' title='bbox 1396 1043 1511 1085; x_wconf 81' lang='lat' dir='ltr'><strong>idem</strong></span> 
     </span>
     <span class='ocr_line' id='line_1_18' title="bbox 80 1098 1512 1155; baseline 0 -15"><span class='ocrx_word' id='word_1_136' title='bbox 80 1099 144 1151; x_wconf 83' lang='lat' dir='ltr'><strong>fit,</strong></span> <span class='ocrx_word' id='word_1_137' title='bbox 175 1114 357 1155; x_wconf 89' lang='lat' dir='ltr'><strong>cumque</strong></span> <span class='ocrx_word' id='word_1_138' title='bbox 388 1099 432 1150; x_wconf 92' lang='lat' dir='ltr'><strong>ii,</strong></span> <span class='ocrx_word' id='word_1_139' title='bbox 456 1098 529 1153; x_wconf 90' lang='lat' dir='ltr'><strong>qui</strong></span> <span class='ocrx_word' id='word_1_140' title='bbox 561 1108 659 1138; x_wconf 87' lang='lat' dir='ltr'><strong>ante</strong></span> <span class='ocrx_word' id='word_1_141' title='bbox 692 1098 809 1152; x_wconf 89' lang='lat' dir='ltr'><strong>sequi</strong></span> <span class='ocrx_word' id='word_1_142' title='bbox 834 1098 980 1154; x_wconf 87' lang='lat' dir='ltr'><strong>populi</strong></span> <span class='ocrx_word' id='word_1_143' title='bbox 1014 1113 1268 1140; x_wconf 88' lang='lat' dir='ltr'><strong>consensum</strong></span> <span class='ocrx_word' id='word_1_144' title='bbox 1303 1100 1512 1151; x_wconf 84' lang='lat' dir='ltr'><strong>solebant,</strong></span> 
     </span>
     <span class='ocr_line' id='line_1_19' title="bbox 81 1155 1513 1212; baseline 0 -14"><span class='ocrx_word' id='word_1_145' title='bbox 81 1157 284 1210; x_wconf 81' lang='lat' dir='ltr'><strong>fugiunt:</strong></span> <span class='ocrx_word' id='word_1_146' title='bbox 316 1171 402 1197; x_wconf 93' lang='lat' dir='ltr'><strong>non</strong></span> <span class='ocrx_word' id='word_1_147' title='bbox 426 1156 618 1212; x_wconf 86' lang='lat' dir='ltr'><strong>plausum</strong></span> <span class='ocrx_word' id='word_1_148' title='bbox 645 1155 777 1205; x_wconf 85' lang='lat' dir='ltr'><strong>illum,</strong></span> <span class='ocrx_word' id='word_1_149' title='bbox 800 1155 870 1196; x_wconf 87' lang='lat' dir='ltr'><strong>sed</strong></span> <span class='ocrx_word' id='word_1_150' title='bbox 888 1155 1103 1210; x_wconf 85' lang='lat' dir='ltr'><strong>judicium</strong></span> <span class='ocrx_word' id='word_1_151' title='bbox 1127 1166 1246 1211; x_wconf 90' lang='lat' dir='ltr'><strong>puto.</strong></span> <span class='ocrx_word' id='word_1_152' title='bbox 1307 1156 1383 1197; x_wconf 90' lang='lat' dir='ltr'><strong>Sin</strong></span> <span class='ocrx_word' id='word_1_153' title='bbox 1415 1156 1513 1198; x_wconf 86' lang='lat' dir='ltr'><strong>haec</strong></span> 
     </span>
     <span class='ocr_line' id='line_1_20' title="bbox 80 1213 1513 1267; baseline 0 -13"><span class='ocrx_word' id='word_1_154' title='bbox 80 1214 240 1255; x_wconf 86' lang='lat' dir='ltr'><strong>leviora</strong></span> <span class='ocrx_word' id='word_1_155' title='bbox 263 1214 385 1254; x_wconf 89' lang='lat' dir='ltr'><strong>vobis</strong></span> <span class='ocrx_word' id='word_1_156' title='bbox 419 1213 631 1263; x_wconf 86' lang='lat' dir='ltr'><strong>videntur,</strong></span> <span class='ocrx_word' id='word_1_157' title='bbox 655 1227 751 1266; x_wconf 85' lang='lat' dir='ltr'><strong>quae</strong></span> <span class='ocrx_word' id='word_1_158' title='bbox 785 1221 883 1253; x_wconf 89' lang='lat' dir='ltr'><strong>sunt</strong></span> <span class='ocrx_word' id='word_1_159' title='bbox 917 1213 1191 1267; x_wconf 84' lang='lat' dir='ltr'><strong>gravissima:</strong></span> <span class='ocrx_word' id='word_1_160' title='bbox 1240 1228 1343 1254; x_wconf 88' lang='lat' dir='ltr'><strong>num</strong></span> <span class='ocrx_word' id='word_1_161' title='bbox 1382 1213 1513 1255; x_wconf 84' lang='lat' dir='ltr'><strong>etiam</strong></span> 
     </span>
     <span class='ocr_line' id='line_1_21' title="bbox 85 1269 1514 1325; baseline 0.001 -14"><span class='ocrx_word' id='word_1_162' title='bbox 85 1270 168 1311; x_wconf 88' lang='lat' dir='ltr'><strong>hoc</strong></span> <span class='ocrx_word' id='word_1_163' title='bbox 191 1270 482 1322; x_wconf 86' lang='lat' dir='ltr'><strong>contemnitis,</strong></span> <span class='ocrx_word' id='word_1_164' title='bbox 504 1270 617 1324; x_wconf 83' lang='lat' dir='ltr'><strong>quod</strong></span> <span class='ocrx_word' id='word_1_165' title='bbox 640 1269 843 1320; x_wconf 84' lang='lat' dir='ltr'><strong>sensistis,</strong></span> <span class='ocrx_word' id='word_1_166' title='bbox 863 1278 949 1310; x_wconf 83' lang='lat' dir='ltr'><strong>tam</strong></span> <span class='ocrx_word' id='word_1_167' title='bbox 972 1284 1113 1310; x_wconf 86' lang='lat' dir='ltr'><strong>caram</strong></span> <span class='ocrx_word' id='word_1_168' title='bbox 1130 1270 1290 1325; x_wconf 89' lang='lat' dir='ltr'><strong>populo</strong></span> <span class='ocrx_word' id='word_1_169' title='bbox 1315 1270 1514 1312; x_wconf 87' lang='lat' dir='ltr'><strong>Romano</strong></span> 
     </span>
     <span class='ocr_line' id='line_1_22' title="bbox 85 1326 1515 1391; baseline 0 -23"><span class='ocrx_word' id='word_1_170' title='bbox 85 1329 219 1368; x_wconf 81' lang='lat' dir='ltr'><strong>vitam</strong></span> <span class='ocrx_word' id='word_1_171' title='bbox 241 1327 295 1368; x_wconf 89' lang='lat' dir='ltr'><strong>A.</strong></span> <span class='ocrx_word' id='word_1_172' title='bbox 335 1327 469 1368; x_wconf 83' lang='lat' dir='ltr'><strong>Hi1tii</strong></span> <span class='ocrx_word' id='word_1_173' title='bbox 504 1327 659 1368; x_wconf 80' lang='lat' dir='ltr'><strong>fuisse?</strong></span> <span class='ocrx_word' id='word_1_174' title='bbox 711 1326 812 1366; x_wconf 87' lang='lat' dir='ltr'><strong>satis</strong></span> <span class='ocrx_word' id='word_1_175' title='bbox 847 1326 960 1367; x_wconf 92' lang='lat' dir='ltr'><strong>enim</strong></span> <span class='ocrx_word' id='word_1_176' title='bbox 994 1336 1098 1377; x_wconf 82' lang='lat' dir='ltr'><strong>ciat,</strong></span> <span class='ocrx_word' id='word_1_177' title='bbox 1133 1328 1361 1391; x_wconf 79' lang='lat' dir='ltr'><strong>piobatum</strong></span> <span class='ocrx_word' id='word_1_178' title='bbox 1394 1327 1515 1368; x_wconf 88' lang='lat' dir='ltr'><strong>illum</strong></span> 
     </span>
     <span class='ocr_line' id='line_1_23' title="bbox 89 1383 1517 1447; baseline 0 -22"><span class='ocrx_word' id='word_1_179' title='bbox 89 1398 179 1425; x_wconf 87' lang='lat' dir='ltr'><strong>esse</strong></span> <span class='ocrx_word' id='word_1_180' title='bbox 201 1383 360 1441; x_wconf 89' lang='lat' dir='ltr'><strong>populo</strong></span> <span class='ocrx_word' id='word_1_181' title='bbox 379 1383 591 1447; x_wconf 76' lang='lat' dir='ltr'><strong>Romano,</strong></span> <span class='ocrx_word' id='word_1_182' title='bbox 606 1391 653 1424; x_wconf 88' lang='lat' dir='ltr'><strong>ut</strong></span> <span class='ocrx_word' id='word_1_183' title='bbox 675 1393 761 1424; x_wconf 88' lang='lat' dir='ltr'><strong>est:</strong></span> <span class='ocrx_word' id='word_1_184' title='bbox 775 1383 1017 1447; x_wconf 80' lang='lat' dir='ltr'><strong>jucundum</strong></span> <span class='ocrx_word' id='word_1_185' title='bbox 1031 1384 1194 1436; x_wconf 88' lang='lat' dir='ltr'><strong>amicis,</strong></span> <span class='ocrx_word' id='word_1_186' title='bbox 1209 1384 1250 1424; x_wconf 90' lang='lat' dir='ltr'><strong>in</strong></span> <span class='ocrx_word' id='word_1_187' title='bbox 1273 1399 1358 1439; x_wconf 92' lang='lat' dir='ltr'><strong>quo</strong></span> <span class='ocrx_word' id='word_1_188' title='bbox 1380 1385 1517 1426; x_wconf 89' lang='lat' dir='ltr'><strong>vincit</strong></span> 
     </span>
     <span class='ocr_line' id='line_1_24' title="bbox 82 1440 1515 1495; baseline 0.001 -13"><span class='ocrx_word' id='word_1_189' title='bbox 82 1455 255 1484; x_wconf 85' lang='lat' dir='ltr'><strong>omnes·</strong></span> <span class='ocrx_word' id='word_1_190' title='bbox 287 1456 430 1482; x_wconf 83' lang='lat' dir='ltr'><strong>carum</strong></span> <span class='ocrx_word' id='word_1_191' title='bbox 455 1441 555 1492; x_wconf 89' lang='lat' dir='ltr'><strong>suis,</strong></span> <span class='ocrx_word' id='word_1_192' title='bbox 593 1440 747 1495; x_wconf 88' lang='lat' dir='ltr'><strong>quibus</strong></span> <span class='ocrx_word' id='word_1_193' title='bbox 780 1449 844 1481; x_wconf 88' lang='lat' dir='ltr'><strong>est</strong></span> <span class='ocrx_word' id='word_1_194' title='bbox 865 1440 1133 1482; x_wconf 84' lang='lat' dir='ltr'><strong>caiissimus:</strong></span> <span class='ocrx_word' id='word_1_195' title='bbox 1177 1451 1338 1482; x_wconf 79' lang='lat' dir='ltr'><strong>tantam</strong></span> <span class='ocrx_word' id='word_1_196' title='bbox 1371 1450 1515 1483; x_wconf 81' lang='lat' dir='ltr'><strong>tamen</strong></span> 
     </span>
     <span class='ocr_line' id='line_1_25' title="bbox 85 1498 1515 1555; baseline 0.001 -17"><span class='ocrx_word' id='word_1_197' title='bbox 85 1498 416 1540; x_wconf 85' lang='lat' dir='ltr'><strong>sollicitudinem</strong></span> <span class='ocrx_word' id='word_1_198' title='bbox 441 1498 665 1548; x_wconf 90' lang='lat' dir='ltr'><strong>bonorum,</strong></span> <span class='ocrx_word' id='word_1_199' title='bbox 688 1501 727 1532; x_wconf 73' lang='grc'><strong>89</strong></span> <span class='ocrx_word' id='word_1_200' title='bbox 742 1506 909 1539; x_wconf 84' lang='lat' dir='ltr'><strong>tantum</strong></span> <span class='ocrx_word' id='word_1_201' title='bbox 932 1499 1129 1539; x_wconf 77' lang='lat' dir='ltr'><strong>timorem</strong></span> <span class='ocrx_word' id='word_1_202' title='bbox 1152 1499 1344 1540; x_wconf 85' lang='lat' dir='ltr'><strong>omnium</strong></span> <span class='ocrx_word' id='word_1_203' title='bbox 1368 1499 1411 1540; x_wconf 93' lang='lat' dir='ltr'><strong>in</strong></span> <span class='ocrx_word' id='word_1_204' title='bbox 1428 1514 1515 1555; x_wconf 90' lang='lat' dir='ltr'><strong>quo</strong></span> 
     </span>
     <span class='ocr_line' id='line_1_26' title="bbox 82 1530 744 1597; baseline -0.003 -1"><span class='ocrx_word' id='word_1_205' title='bbox 82 1556 381 1597; x_wconf 83' lang='lat' dir='ltr'><strong>meminimus?</strong></span> <span class='ocrx_word' id='word_1_206' title='bbox 412 1564 526 1596; x_wconf 89' lang='lat' dir='ltr'><strong>certe</strong></span> <span class='ocrx_word' id='word_1_207' title='bbox 549 1555 591 1595; x_wconf 89' lang='lat' dir='ltr'><strong>in</strong></span> <span class='ocrx_word' id='word_1_208' title='bbox 614 1530 744 1595; x_wconf 73' lang='lat' dir='ltr'><strong>millo.</strong></span> 
     </span>
    </p>

    <p class='ocr_par' dir='ltr' id='par_1_4' title="bbox 81 1611 1572 1896">
     <span class='ocr_line' id='line_1_27' title="bbox 139 1611 1572 1668; baseline 0.001 -14"><span class='ocrx_word' id='word_1_209' title='bbox 139 1612 255 1659; x_wconf 83' lang='lat' dir='ltr'><strong>Quid</strong></span> <span class='ocrx_word' id='word_1_210' title='bbox 277 1613 430 1668; x_wconf 84' lang='lat' dir='ltr'><strong>igitur?</strong></span> <span class='ocrx_word' id='word_1_211' title='bbox 454 1612 535 1653; x_wconf 88' lang='lat' dir='ltr'><strong>hoc</strong></span> <span class='ocrx_word' id='word_1_212' title='bbox 562 1627 649 1662; x_wconf 83' lang='lat' dir='ltr'><strong>VOS,</strong></span> <span class='ocrx_word' id='word_1_213' title='bbox 666 1626 740 1667; x_wconf 82' lang='lat' dir='ltr'><strong>pei</strong></span> <span class='ocrx_word' id='word_1_214' title='bbox 761 1611 861 1652; x_wconf 89' lang='lat' dir='ltr'><strong>deos</strong></span> <span class='ocrx_word' id='word_1_215' title='bbox 882 1611 1164 1654; x_wconf 84' lang='lat' dir='ltr'><strong>immortales!</strong></span> <span class='ocrx_word' id='word_1_216' title='bbox 1188 1612 1311 1667; x_wconf 84' lang='lat' dir='ltr'><strong>quale</strong></span> <span class='ocrx_word' id='word_1_217' title='bbox 1331 1613 1400 1664; x_wconf 89' lang='lat' dir='ltr'><strong>sit,</strong></span> <span class='ocrx_word' id='word_1_218' title='bbox 1422 1627 1508 1655; x_wconf 89' lang='lat' dir='ltr'><strong>non</strong></span> <span class='ocrx_word' id='word_1_219' title='bbox 1518 1627 1572 1662; x_wconf 76' lang='lat'><strong>33</strong></span> 
     </span>
     <span class='ocr_line' id='line_1_28' title="bbox 84 1669 1512 1726; baseline 0.001 -16"><span class='ocrx_word' id='word_1_220' title='bbox 84 1670 447 1726; x_wconf 79' lang='lat' dir='ltr'><strong>interpretamini?</strong></span> <span class='ocrx_word' id='word_1_221' title='bbox 486 1669 588 1723; x_wconf 86' lang='lat' dir='ltr'><strong>quid</strong></span> <span class='ocrx_word' id='word_1_222' title='bbox 619 1683 691 1709; x_wconf 86' lang='lat' dir='ltr'><strong>eos</strong></span> <span class='ocrx_word' id='word_1_223' title='bbox 722 1669 774 1710; x_wconf 89' lang='lat' dir='ltr'><strong>de</strong></span> <span class='ocrx_word' id='word_1_224' title='bbox 805 1679 944 1709; x_wconf 78' lang='lat' dir='ltr'><strong>Vestia</strong></span> <span class='ocrx_word' id='word_1_225' title='bbox 977 1670 1064 1710; x_wconf 89' lang='lat' dir='ltr'><strong>vita</strong></span> <span class='ocrx_word' id='word_1_226' title='bbox 1093 1670 1284 1725; x_wconf 85' lang='lat' dir='ltr'><strong>cogitare</strong></span> <span class='ocrx_word' id='word_1_227' title='bbox 1314 1672 1512 1722; x_wconf 86' lang='lat' dir='ltr'><strong>censetis,</strong></span> 
     </span>
     <span class='ocr_line' id='line_1_29' title="bbox 81 1726 1516 1792; baseline 0 -24"><span class='ocrx_word' id='word_1_228' title='bbox 81 1728 236 1782; x_wconf 90' lang='lat' dir='ltr'><strong>quibus</strong></span> <span class='ocrx_word' id='word_1_229' title='bbox 274 1741 436 1777; x_wconf 86' lang='lat' dir='ltr'><strong>e01um,</strong></span> <span class='ocrx_word' id='word_1_230' title='bbox 474 1741 580 1781; x_wconf 86' lang='lat' dir='ltr'><strong>quos</strong></span> <span class='ocrx_word' id='word_1_231' title='bbox 615 1736 787 1782; x_wconf 71' lang='lat' dir='ltr'><strong>sperant</strong></span> <span class='ocrx_word' id='word_1_232' title='bbox 820 1726 1067 1782; x_wconf 69' lang='lat' dir='ltr'><strong>reipublicae</strong></span> <span class='ocrx_word' id='word_1_233' title='bbox 1103 1727 1386 1792; x_wconf 80' lang='lat' dir='ltr'><strong>consulturos,</strong></span> <span class='ocrx_word' id='word_1_234' title='bbox 1425 1728 1516 1768; x_wconf 84' lang='lat' dir='ltr'><strong>vita</strong></span> 
     </span>
     <span class='ocr_line' id='line_1_30' title="bbox 85 1782 1518 1847; baseline 0.001 -23"><span class='ocrx_word' id='word_1_235' title='bbox 85 1793 172 1824; x_wconf 83' lang='lat' dir='ltr'><strong>tam</strong></span> <span class='ocrx_word' id='word_1_236' title='bbox 194 1799 291 1825; x_wconf 82' lang='lat' dir='ltr'><strong>cara</strong></span> <span class='ocrx_word' id='word_1_237' title='bbox 323 1784 404 1825; x_wconf 76' lang='lat' dir='ltr'><strong>sit?</strong></span> <span class='ocrx_word' id='word_1_238' title='bbox 438 1782 561 1847; x_wconf 83' lang='lat' dir='ltr'><strong>Cepi,</strong></span> <span class='ocrx_word' id='word_1_239' title='bbox 584 1794 724 1839; x_wconf 85' lang='lat' dir='ltr'><strong>patres</strong></span> <span class='ocrx_word' id='word_1_240' title='bbox 758 1784 1007 1839; x_wconf 76' lang='lat' dir='ltr'><strong>conscripti,</strong></span> <span class='ocrx_word' id='word_1_241' title='bbox 1030 1784 1281 1825; x_wconf 72' lang='lat' dir='ltr'><strong>reversionis</strong></span> <span class='ocrx_word' id='word_1_242' title='bbox 1300 1799 1407 1826; x_wconf 85' lang='lat' dir='ltr'><strong>meae</strong></span> <span class='ocrx_word' id='word_1_243' title='bbox 1427 1783 1518 1826; x_wconf 87' lang='lat' dir='ltr'><strong>fru-</strong></span> 
     </span>
     <span class='ocr_line' id='line_1_31' title="bbox 83 1840 1518 1901; baseline 0.002 -20"><span class='ocrx_word' id='word_1_244' title='bbox 83 1850 226 1883; x_wconf 87' lang='lat' dir='ltr'><strong>ctum:</strong></span> <span class='ocrx_word' id='word_1_245' title='bbox 265 1844 305 1874; x_wconf 89' lang='lat'><strong>9⁰</strong></span> <span class='ocrx_word' id='word_1_246' title='bbox 322 1850 365 1881; x_wconf 89' lang='lat' dir='ltr'><strong>et</strong></span> <span class='ocrx_word' id='word_1_247' title='bbox 394 1855 597 1901; x_wconf 74' lang='lat' dir='ltr'><strong>quoniam</strong></span> <span class='ocrx_word' id='word_1_248' title='bbox 629 1854 678 1881; x_wconf 85' lang='lat' dir='ltr'><strong>ea</strong></span> <span class='ocrx_word' id='word_1_249' title='bbox 708 1840 815 1891; x_wconf 81' lang='lat' dir='ltr'><strong>dixi,</strong></span> <span class='ocrx_word' id='word_1_250' title='bbox 840 1850 900 1892; x_wconf 89' lang='lat' dir='ltr'><strong>ut,</strong></span> <span class='ocrx_word' id='word_1_251' title='bbox 923 1840 1184 1896; x_wconf 86' lang='lat' dir='ltr'><strong>quicumque</strong></span> <span class='ocrx_word' id='word_1_252' title='bbox 1215 1856 1337 1883; x_wconf 83' lang='lat' dir='ltr'><strong>casus</strong></span> <span class='ocrx_word' id='word_1_253' title='bbox 1367 1856 1518 1884; x_wconf 83' lang='lat' dir='ltr'><strong>conse-</strong></span> 
     </span>
    </p>
   </div>
   <div class='ocr_carea' id='block_1_3' title="bbox 83 1953 1520 1996">
    <p class='ocr_par' dir='ltr' id='par_1_5' title="bbox 83 1953 1520 1996">
     <span class='ocr_line' id='line_1_32' title="bbox 83 1953 1520 1996; baseline 0.002 -13"><span class='ocrx_word' id='word_1_254' title='bbox 83 1953 146 1983; x_wconf 89' lang='lat' dir='ltr'><strong>Pro</strong></span> <span class='ocrx_word' id='word_1_255' title='bbox 163 1953 276 1994; x_wconf 81' lang='lat' dir='ltr'><strong>populi</strong></span> <span class='ocrx_word' id='word_1_256' title='bbox 298 1962 470 1983; x_wconf 81' lang='lat' dir='ltr'><strong>concursus</strong></span> <span class='ocrx_word' id='word_1_257' title='bbox 484 1953 614 1992; x_wconf 85' lang='lat' dir='ltr'><strong>quidam</strong></span> <span class='ocrx_word' id='word_1_258' title='bbox 639 1953 719 1984; x_wconf 80' lang='lat' dir='ltr'><strong>Mss.</strong></span> <span class='ocrx_word' id='word_1_259' title='bbox 742 1957 776 1983; x_wconf 88' lang='lat' dir='ltr'><strong>et</strong></span> <span class='ocrx_word' id='word_1_260' title='bbox 818 1957 850 1983; x_wconf 87' lang='lat' dir='ltr'><strong>et</strong></span> <span class='ocrx_word' id='word_1_261' title='bbox 867 1953 922 1983; x_wconf 87' lang='lat' dir='ltr'><strong>alii</strong></span> <span class='ocrx_word' id='word_1_262' title='bbox 944 1954 1024 1984; x_wconf 80' lang='lat' dir='ltr'><strong>Mss.</strong></span> <span class='ocrx_word' id='word_1_263' title='bbox 1050 1958 1083 1984; x_wconf 88' lang='lat' dir='ltr'><strong>et</strong></span> <span class='ocrx_word' id='word_1_264' title='bbox 1110 1954 1218 1985; x_wconf 82' lang='lat' dir='ltr'><strong>Guelf.</strong></span> <span class='ocrx_word' id='word_1_265' title='bbox 1242 1954 1376 1986; x_wconf 74' lang='lat' dir='ltr'><strong>habent.</strong></span> <span class='ocrx_word' id='word_1_266' title='bbox 1397 1956 1520 1996; x_wconf 70' lang='lat' dir='ltr'><strong>recepit</strong></span> 
     </span>
    </p>
   </div>
   <div class='ocr_carea' id='block_1_4' title="bbox 84 1995 788 2877">
    <p class='ocr_par' dir='ltr' id='par_1_6' title="bbox 84 1995 782 2288">
     <span class='ocr_line' id='line_1_33' title="bbox 84 1995 776 2035; baseline -0.001 -9"><span class='ocrx_word' id='word_1_267' title='bbox 84 1995 157 2027; x_wconf 82' lang='lat' dir='ltr'><strong>edd.</strong></span> <span class='ocrx_word' id='word_1_268' title='bbox 182 2006 230 2035; x_wconf 91' lang='lat' dir='ltr'><strong>pr.</strong></span> <span class='ocrx_word' id='word_1_269' title='bbox 246 2005 365 2025; x_wconf 84' lang='lat' dir='ltr'><strong>versus.</strong></span> <span class='ocrx_word' id='word_1_270' title='bbox 381 1995 467 2034; x_wconf 88' lang='lat' dir='ltr'><strong>quod</strong></span> <span class='ocrx_word' id='word_1_271' title='bbox 481 1996 627 2025; x_wconf 85' lang='lat' dir='ltr'><strong>Graevius</strong></span> <span class='ocrx_word' id='word_1_272' title='bbox 644 1996 776 2035; x_wconf 83' lang='lat' dir='ltr'><strong>recepit,</strong></span> 
     </span>
     <span class='ocr_line' id='line_1_34' title="bbox 85 2037 779 2077; baseline -0.001 -10"><span class='ocrx_word' id='word_1_273' title='bbox 85 2037 273 2077; x_wconf 82' lang='lat' dir='ltr'><strong>intelligens</strong></span> <span class='ocrx_word' id='word_1_274' title='bbox 286 2047 408 2074; x_wconf 86' lang='lat' dir='ltr'><strong>versus,</strong></span> <span class='ocrx_word' id='word_1_275' title='bbox 421 2046 501 2076; x_wconf 88' lang='lat' dir='ltr'><strong>quos</strong></span> <span class='ocrx_word' id='word_1_276' title='bbox 516 2038 654 2077; x_wconf 87' lang='lat' dir='ltr'><strong>populus</strong></span> <span class='ocrx_word' id='word_1_277' title='bbox 667 2043 779 2068; x_wconf 79' lang='lat' dir='ltr'><strong>canta-</strong></span> 
     </span>
     <span class='ocr_line' id='line_1_35' title="bbox 85 2079 779 2120; baseline -0.003 -10"><span class='ocrx_word' id='word_1_278' title='bbox 85 2080 141 2110; x_wconf 87' lang='lat' dir='ltr'><strong>rit.</strong></span> <span class='ocrx_word' id='word_1_279' title='bbox 187 2080 248 2110; x_wconf 88' lang='lat' dir='ltr'><strong>Sed</strong></span> <span class='ocrx_word' id='word_1_280' title='bbox 285 2079 331 2109; x_wconf 86' lang='lat' dir='ltr'><strong>nil</strong></span> <span class='ocrx_word' id='word_1_281' title='bbox 360 2079 464 2109; x_wconf 87' lang='lat' dir='ltr'><strong>simile</strong></span> <span class='ocrx_word' id='word_1_282' title='bbox 501 2080 627 2119; x_wconf 86' lang='lat' dir='ltr'><strong>uspiam</strong></span> <span class='ocrx_word' id='word_1_283' title='bbox 666 2079 779 2120; x_wconf 81' lang='lat' dir='ltr'><strong>reperi.</strong></span> 
     </span>
     <span class='ocr_line' id='line_1_36' title="bbox 92 2121 782 2162; baseline -0.003 -9"><span class='ocrx_word' id='word_1_284' title='bbox 92 2121 271 2153; x_wconf 79' lang='lat' dir='ltr'><strong>Concmsus</strong></span> <span class='ocrx_word' id='word_1_285' title='bbox 291 2131 364 2162; x_wconf 79' lang='lat' dir='ltr'><strong>pop.</strong></span> <span class='ocrx_word' id='word_1_286' title='bbox 389 2131 499 2152; x_wconf 71' lang='lat' dir='ltr'><strong>verum</strong></span> <span class='ocrx_word' id='word_1_287' title='bbox 516 2127 577 2158; x_wconf 84' lang='lat' dir='ltr'><strong>est,</strong></span> <span class='ocrx_word' id='word_1_288' title='bbox 593 2122 647 2161; x_wconf 85' lang='lat' dir='ltr'><strong>qui</strong></span> <span class='ocrx_word' id='word_1_289' title='bbox 662 2122 782 2152; x_wconf 84' lang='lat' dir='ltr'><strong>dicitur</strong></span> 
     </span>
     <span class='ocr_line' id='line_1_37' title="bbox 86 2163 783 2203; baseline -0.001 -9"><span class='ocrx_word' id='word_1_290' title='bbox 86 2164 121 2194; x_wconf 91' lang='lat' dir='ltr'><strong>in</strong></span> <span class='ocrx_word' id='word_1_291' title='bbox 137 2169 309 2203; x_wconf 83' lang='lat' dir='ltr'><strong>utramque</strong></span> <span class='ocrx_word' id='word_1_292' title='bbox 326 2168 462 2203; x_wconf 85' lang='lat' dir='ltr'><strong>partem,</strong></span> <span class='ocrx_word' id='word_1_293' title='bbox 473 2163 508 2193; x_wconf 89' lang='lat' dir='ltr'><strong>h.</strong></span> <span class='ocrx_word' id='word_1_294' title='bbox 523 2164 545 2194; x_wconf 90' lang='lat'><strong>1.</strong></span> <span class='ocrx_word' id='word_1_295' title='bbox 562 2164 602 2194; x_wconf 89' lang='lat' dir='ltr'><strong>ad</strong></span> <span class='ocrx_word' id='word_1_296' title='bbox 618 2164 783 2194; x_wconf 76' lang='lat' dir='ltr'><strong>celebran-</strong></span> 
     </span>
     <span class='ocr_line' id='line_1_38' title="bbox 88 2205 783 2246; baseline 0 -11"><span class='ocrx_word' id='word_1_297' title='bbox 88 2205 145 2237; x_wconf 86' lang='lat' dir='ltr'><strong>dos</strong></span> <span class='ocrx_word' id='word_1_298' title='bbox 160 2205 232 2236; x_wconf 87' lang='lat' dir='ltr'><strong>illos</strong></span> <span class='ocrx_word' id='word_1_299' title='bbox 248 2205 338 2236; x_wconf 86' lang='lat' dir='ltr'><strong>ludos</strong></span> <span class='ocrx_word' id='word_1_300' title='bbox 351 2210 386 2236; x_wconf 83' lang='lat' dir='ltr'><strong>et</strong></span> <span class='ocrx_word' id='word_1_301' title='bbox 407 2206 549 2246; x_wconf 86' lang='lat' dir='ltr'><strong>plausus.</strong></span> <span class='ocrx_word' id='word_1_302' title='bbox 573 2205 659 2236; x_wconf 89' lang='lat' dir='ltr'><strong>Phil.</strong></span> <span class='ocrx_word' id='word_1_303' title='bbox 674 2206 720 2242; x_wconf 92' lang='lat'><strong>11,</strong></span> <span class='ocrx_word' id='word_1_304' title='bbox 738 2208 783 2236; x_wconf 84' lang='lat'><strong>13.</strong></span> 
     </span>
     <span class='ocr_line' id='line_1_39' title="bbox 90 2228 783 2288; baseline -0.001 -9"><span class='ocrx_word' id='word_1_305' title='bbox 90 2248 159 2279; x_wconf 76' lang='lat' dir='ltr'><strong>ludi</strong></span> <span class='ocrx_word' id='word_1_306' title='bbox 172 2249 278 2288; x_wconf 81' lang='lat' dir='ltr'><strong>Apoll.</strong></span> <span class='ocrx_word' id='word_1_307' title='bbox 295 2248 476 2278; x_wconf 75' lang='lat' dir='ltr'><strong>incredibili</strong></span> <span class='ocrx_word' id='word_1_308' title='bbox 491 2249 606 2278; x_wconf 68' lang='lat' dir='ltr'><strong>honore</strong></span> <span class='ocrx_word' id='word_1_309' title='bbox 621 2228 783 2278; x_wconf 65' lang='lat' dir='ltr'><strong>celebv&#39;uti.</strong></span> 
     </span>
    </p>

    <p class='ocr_par' dir='ltr' id='par_1_7' title="bbox 86 2289 782 2540">
     <span class='ocr_line' id='line_1_40' title="bbox 128 2289 782 2330; baseline -0.003 -8"><span class='ocrx_word' id='word_1_310' title='bbox 128 2292 167 2322; x_wconf 81' lang='lat'><strong>85</strong></span> <span class='ocrx_word' id='word_1_311' title='bbox 188 2289 392 2330; x_wconf 60' lang='lat' dir='ltr'><strong>significant]</strong></span> <span class='ocrx_word' id='word_1_312' title='bbox 420 2290 524 2321; x_wconf 82' lang='lat' dir='ltr'><strong>Credo</strong></span> <span class='ocrx_word' id='word_1_313' title='bbox 540 2290 714 2330; x_wconf 81' lang='lat' dir='ltr'><strong>legendum</strong></span> <span class='ocrx_word' id='word_1_314' title='bbox 739 2291 782 2320; x_wconf 81' lang='lat' dir='ltr'><strong>si-</strong></span> 
     </span>
     <span class='ocr_line' id='line_1_41' title="bbox 86 2332 782 2373; baseline 0 -11"><span class='ocrx_word' id='word_1_315' title='bbox 86 2333 315 2373; x_wconf 71' lang='lat' dir='ltr'><strong>gnfficabant3</strong></span> <span class='ocrx_word' id='word_1_316' title='bbox 355 2332 440 2362; x_wconf 88' lang='lat' dir='ltr'><strong>unde</strong></span> <span class='ocrx_word' id='word_1_317' title='bbox 467 2342 523 2372; x_wconf 88' lang='lat' dir='ltr'><strong>per</strong></span> <span class='ocrx_word' id='word_1_318' title='bbox 551 2333 782 2372; x_wconf 85' lang='lat' dir='ltr'><strong>compendium</strong></span> 
     </span>
     <span class='ocr_line' id='line_1_42' title="bbox 89 2374 780 2415; baseline 0.001 -12"><span class='ocrx_word' id='word_1_319' title='bbox 89 2380 200 2404; x_wconf 87' lang='lat' dir='ltr'><strong>ortum</strong></span> <span class='ocrx_word' id='word_1_320' title='bbox 225 2374 424 2415; x_wconf 55' lang='lat' dir='ltr'><strong>significant,</strong></span> <span class='ocrx_word' id='word_1_321' title='bbox 453 2378 489 2404; x_wconf 86' lang='lat' dir='ltr'><strong>ut</strong></span> <span class='ocrx_word' id='word_1_322' title='bbox 522 2374 668 2415; x_wconf 85' lang='lat' dir='ltr'><strong>pluribus</strong></span> <span class='ocrx_word' id='word_1_323' title='bbox 692 2374 780 2404; x_wconf 86' lang='lat' dir='ltr'><strong>locis.</strong></span> 
     </span>
     <span class='ocr_line' id='line_1_43' title="bbox 90 2416 780 2455; baseline 0 -9"><span class='ocrx_word' id='word_1_324' title='bbox 90 2425 167 2446; x_wconf 77' lang='lat' dir='ltr'><strong>nani</strong></span> <span class='ocrx_word' id='word_1_325' title='bbox 181 2416 215 2446; x_wconf 88' lang='lat' dir='ltr'><strong>in</strong></span> <span class='ocrx_word' id='word_1_326' title='bbox 230 2417 377 2455; x_wconf 85' lang='lat' dir='ltr'><strong>proximo</strong></span> <span class='ocrx_word' id='word_1_327' title='bbox 392 2416 493 2446; x_wconf 85' lang='lat' dir='ltr'><strong>etiam</strong></span> <span class='ocrx_word' id='word_1_328' title='bbox 508 2424 558 2448; x_wconf 86' lang='lat' dir='ltr'><strong>est</strong></span> <span class='ocrx_word' id='word_1_329' title='bbox 576 2417 769 2447; x_wconf 72' lang='lat' dir='ltr'><strong>videbantur</strong></span> <span class='ocrx_word' id='word_1_330' title='bbox 771 2439 780 2454; x_wconf 92' lang='lat'><em>‚</em></span> 
     </span>
     <span class='ocr_line' id='line_1_44' title="bbox 90 2458 782 2489; baseline 0.003 -2"><span class='ocrx_word' id='word_1_331' title='bbox 90 2467 157 2488; x_wconf 90' lang='lat' dir='ltr'><strong>non</strong></span> <span class='ocrx_word' id='word_1_332' title='bbox 180 2458 344 2488; x_wconf 75' lang='lat' dir='ltr'><strong>videntur.</strong></span> <span class='ocrx_word' id='word_1_333' title='bbox 368 2465 402 2489; x_wconf 88' lang='lat' dir='ltr'><strong>et</strong></span> <span class='ocrx_word' id='word_1_334' title='bbox 425 2468 530 2489; x_wconf 82' lang='lat' dir='ltr'><strong>sermo</strong></span> <span class='ocrx_word' id='word_1_335' title='bbox 554 2464 604 2489; x_wconf 78' lang='lat' dir='ltr'><strong>est</strong></span> <span class='ocrx_word' id='word_1_336' title='bbox 627 2458 665 2488; x_wconf 86' lang='lat' dir='ltr'><strong>de</strong></span> <span class='ocrx_word' id='word_1_337' title='bbox 688 2459 782 2489; x_wconf 87' lang='lat' dir='ltr'><strong>rebus</strong></span> 
     </span>
     <span class='ocr_line' id='line_1_45' title="bbox 91 2500 276 2540; baseline -0.005 -10"><span class='ocrx_word' id='word_1_338' title='bbox 91 2500 276 2540; x_wconf 73' lang='lat' dir='ltr'><strong>praeteritis.</strong></span> 
     </span>
    </p>

    <p class='ocr_par' dir='ltr' id='par_1_8' title="bbox 91 2541 782 2699">
     <span class='ocr_line' id='line_1_46' title="bbox 134 2541 782 2583; baseline -0.002 -10"><span class='ocrx_word' id='word_1_339' title='bbox 134 2541 174 2573; x_wconf 77' lang='lat'><strong>86</strong></span> <span class='ocrx_word' id='word_1_340' title='bbox 189 2550 301 2581; x_wconf 67' lang='lat' dir='ltr'><strong>parta</strong></span> <span class='ocrx_word' id='word_1_341' title='bbox 319 2542 525 2582; x_wconf 72' lang='lat' dir='ltr'><strong>videbantur]</strong></span> <span class='ocrx_word' id='word_1_342' title='bbox 553 2541 617 2572; x_wconf 84' lang='lat' dir='ltr'><strong>Ms.</strong></span> <span class='ocrx_word' id='word_1_343' title='bbox 634 2542 710 2573; x_wconf 82' lang='lat' dir='ltr'><strong>vat.</strong></span> <span class='ocrx_word' id='word_1_344' title='bbox 719 2552 782 2583; x_wconf 77' lang='lat' dir='ltr'><strong>pa-</strong></span> 
     </span>
     <span class='ocr_line' id='line_1_47' title="bbox 91 2584 782 2623; baseline 0.003 -10"><span class='ocrx_word' id='word_1_345' title='bbox 91 2593 169 2613; x_wconf 75' lang='lat' dir='ltr'><strong>rum</strong></span> <span class='ocrx_word' id='word_1_346' title='bbox 194 2593 331 2621; x_wconf 78' lang='lat' dir='ltr'><strong>magna,</strong></span> <span class='ocrx_word' id='word_1_347' title='bbox 353 2585 440 2623; x_wconf 86' lang='lat' dir='ltr'><strong>quod</strong></span> <span class='ocrx_word' id='word_1_348' title='bbox 460 2594 536 2614; x_wconf 88' lang='lat' dir='ltr'><strong>cum</strong></span> <span class='ocrx_word' id='word_1_349' title='bbox 552 2584 688 2621; x_wconf 62' lang='lat' dir='ltr'><strong>Facitne,</strong></span> <span class='ocrx_word' id='word_1_350' title='bbox 706 2585 782 2615; x_wconf 89' lang='lat' dir='ltr'><strong>Mu-</strong></span> 
     </span>
     <span class='ocr_line' id='line_1_48' title="bbox 94 2625 785 2668; baseline 0.004 -14"><span class='ocrx_word' id='word_1_351' title='bbox 94 2630 177 2661; x_wconf 83' lang='lat' dir='ltr'><strong>reto,</strong></span> <span class='ocrx_word' id='word_1_352' title='bbox 192 2629 226 2655; x_wconf 86' lang='lat' dir='ltr'><strong>et</strong></span> <span class='ocrx_word' id='word_1_353' title='bbox 243 2625 408 2656; x_wconf 87' lang='lat' dir='ltr'><strong>Lambino</strong></span> <span class='ocrx_word' id='word_1_354' title='bbox 422 2626 568 2657; x_wconf 85' lang='lat' dir='ltr'><strong>Graevius</strong></span> <span class='ocrx_word' id='word_1_355' title='bbox 585 2627 718 2668; x_wconf 88' lang='lat' dir='ltr'><strong>recepit.</strong></span> <span class='ocrx_word' id='word_1_356' title='bbox 736 2628 785 2658; x_wconf 85' lang='lat' dir='ltr'><strong>ni-</strong></span> 
     </span>
     <span class='ocr_line' id='line_1_49' title="bbox 93 2665 628 2699; baseline 0.006 -3"><span class='ocrx_word' id='word_1_357' title='bbox 93 2665 141 2696; x_wconf 89' lang='lat' dir='ltr'><strong>hil</strong></span> <span class='ocrx_word' id='word_1_358' title='bbox 157 2666 268 2697; x_wconf 81' lang='lat' dir='ltr'><strong>refert.</strong></span> <span class='ocrx_word' id='word_1_359' title='bbox 284 2667 347 2697; x_wconf 89' lang='lat' dir='ltr'><strong>Ms.</strong></span> <span class='ocrx_word' id='word_1_360' title='bbox 363 2667 406 2698; x_wconf 85' lang='lat' dir='ltr'><strong>H.</strong></span> <span class='ocrx_word' id='word_1_361' title='bbox 427 2668 516 2699; x_wconf 79' lang='lat' dir='ltr'><strong>addit</strong></span> <span class='ocrx_word' id='word_1_362' title='bbox 533 2668 628 2699; x_wconf 82' lang='lat' dir='ltr'><strong>vobis.</strong></span> 
     </span>
    </p>

    <p class='ocr_par' dir='ltr' id='par_1_9' title="bbox 91 2710 788 2877">
     <span class='ocr_line' id='line_1_50' title="bbox 135 2710 782 2750; baseline 0.005 -12"><span class='ocrx_word' id='word_1_363' title='bbox 135 2711 174 2742; x_wconf 89' lang='lat'><strong>87</strong></span> <span class='ocrx_word' id='word_1_364' title='bbox 196 2712 227 2738; x_wconf 80' lang='lat' dir='ltr'><strong>et</strong></span> <span class='ocrx_word' id='word_1_365' title='bbox 252 2710 449 2748; x_wconf 70' lang='lat' dir='ltr'><strong>seragesimo</strong></span> <span class='ocrx_word' id='word_1_366' title='bbox 468 2715 541 2750; x_wconf 84' lang='lat' dir='ltr'><strong>post</strong></span> <span class='ocrx_word' id='word_1_367' title='bbox 568 2710 667 2750; x_wconf 82' lang='lat' dir='ltr'><strong>anno]</strong></span> <span class='ocrx_word' id='word_1_368' title='bbox 701 2710 782 2742; x_wconf 89' lang='lat' dir='ltr'><strong>Mss.</strong></span> 
     </span>
     <span class='ocr_line' id='line_1_51' title="bbox 94 2749 786 2793; baseline 0.006 -13"><span class='ocrx_word' id='word_1_369' title='bbox 94 2749 202 2781; x_wconf 84' lang='lat' dir='ltr'><strong>Guelf.</strong></span> <span class='ocrx_word' id='word_1_370' title='bbox 218 2749 263 2781; x_wconf 89' lang='lat' dir='ltr'><strong>H.</strong></span> <span class='ocrx_word' id='word_1_371' title='bbox 280 2751 394 2781; x_wconf 79' lang='lat' dir='ltr'><strong>melius</strong></span> <span class='ocrx_word' id='word_1_372' title='bbox 409 2756 491 2783; x_wconf 81' lang='lat' dir='ltr'><strong>tum.</strong></span> <span class='ocrx_word' id='word_1_373' title='bbox 512 2753 565 2793; x_wconf 92' lang='lat' dir='ltr'><strong>(In</strong></span> <span class='ocrx_word' id='word_1_374' title='bbox 580 2752 653 2783; x_wconf 87' lang='lat' dir='ltr'><strong>edd.</strong></span> <span class='ocrx_word' id='word_1_375' title='bbox 669 2762 720 2793; x_wconf 87' lang='lat' dir='ltr'><strong>pr.</strong></span> <span class='ocrx_word' id='word_1_376' title='bbox 736 2758 786 2784; x_wconf 84' lang='lat' dir='ltr'><strong>est</strong></span> 
     </span>
     <span class='ocr_line' id='line_1_52' title="bbox 91 2791 788 2834; baseline 0.004 -13"><span class='ocrx_word' id='word_1_377' title='bbox 91 2797 164 2831; x_wconf 81' lang='lat' dir='ltr'><strong>post</strong></span> <span class='ocrx_word' id='word_1_378' title='bbox 181 2796 252 2822; x_wconf 81' lang='lat' dir='ltr'><strong>tum</strong></span> <span class='ocrx_word' id='word_1_379' title='bbox 257 2791 278 2832; x_wconf 90' lang='lat'><strong>.)</strong></span> <span class='ocrx_word' id='word_1_380' title='bbox 297 2794 458 2824; x_wconf 81' lang='lat' dir='ltr'><strong>recentior</strong></span> <span class='ocrx_word' id='word_1_381' title='bbox 470 2803 586 2824; x_wconf 80' lang='lat' dir='ltr'><strong>manus</strong></span> <span class='ocrx_word' id='word_1_382' title='bbox 601 2803 700 2834; x_wconf 87' lang='lat' dir='ltr'><strong>supra</strong></span> <span class='ocrx_word' id='word_1_383' title='bbox 710 2795 788 2825; x_wconf 88' lang='lat' dir='ltr'><strong>scri-</strong></span> 
     </span>
     <span class='ocr_line' id='line_1_53' title="bbox 97 2834 788 2877; baseline 0.007 -14"><span class='ocrx_word' id='word_1_384' title='bbox 97 2834 161 2873; x_wconf 84' lang='lat' dir='ltr'><strong>psit</strong></span> <span class='ocrx_word' id='word_1_385' title='bbox 168 2838 252 2874; x_wconf 79' lang='lat' dir='ltr'><strong>post.</strong></span> <span class='ocrx_word' id='word_1_386' title='bbox 297 2835 376 2866; x_wconf 85' lang='lat' dir='ltr'><strong>Mox</strong></span> <span class='ocrx_word' id='word_1_387' title='bbox 391 2836 476 2867; x_wconf 78' lang='lat' dir='ltr'><strong>ludis</strong></span> <span class='ocrx_word' id='word_1_388' title='bbox 487 2835 595 2868; x_wconf 82' lang='lat' dir='ltr'><strong>addidi</strong></span> <span class='ocrx_word' id='word_1_389' title='bbox 608 2838 687 2876; x_wconf 76' lang='lat' dir='ltr'><strong>suis,</strong></span> <span class='ocrx_word' id='word_1_390' title='bbox 701 2836 788 2877; x_wconf 85' lang='lat' dir='ltr'><strong>quod</strong></span> 
     </span>
    </p>
   </div>
   <div class='ocr_carea' id='block_1_5' title="bbox 820 1995 1525 2831">
    <p class='ocr_par' dir='ltr' id='par_1_10' title="bbox 820 1995 1519 2068">
     <span class='ocr_line' id='line_1_54' title="bbox 820 1995 1519 2037; baseline 0.007 -12"><span class='ocrx_word' id='word_1_391' title='bbox 820 2000 854 2025; x_wconf 84' lang='lat' dir='ltr'><strong>et</strong></span> <span class='ocrx_word' id='word_1_392' title='bbox 875 1995 1032 2026; x_wconf 82' lang='lat' dir='ltr'><strong>Graevius.</strong></span> <span class='ocrx_word' id='word_1_393' title='bbox 1078 1996 1159 2026; x_wconf 86' lang='lat' dir='ltr'><strong>Edd.</strong></span> <span class='ocrx_word' id='word_1_394' title='bbox 1175 2006 1224 2037; x_wconf 86' lang='lat' dir='ltr'><strong>pr.</strong></span> <span class='ocrx_word' id='word_1_395' title='bbox 1247 1999 1288 2028; x_wconf 75' lang='lat' dir='ltr'><strong>iis</strong></span> <span class='ocrx_word' id='word_1_396' title='bbox 1313 1998 1398 2029; x_wconf 82' lang='lat' dir='ltr'><strong>ludis</strong></span> <span class='ocrx_word' id='word_1_397' title='bbox 1418 1999 1467 2028; x_wconf 77' lang='lat' dir='ltr'><strong>ita</strong></span> <span class='ocrx_word' id='word_1_398' title='bbox 1488 2007 1519 2030; x_wconf 84' lang='lat' dir='ltr'><strong>e.</strong></span> 
     </span>
     <span class='ocr_line' id='line_1_55' title="bbox 823 2037 1070 2068; baseline 0 -1"><span class='ocrx_word' id='word_1_399' title='bbox 823 2047 882 2067; x_wconf 86' lang='lat' dir='ltr'><strong>nec</strong></span> <span class='ocrx_word' id='word_1_400' title='bbox 898 2037 959 2068; x_wconf 87' lang='lat' dir='ltr'><strong>hoc</strong></span> <span class='ocrx_word' id='word_1_401' title='bbox 975 2038 1070 2068; x_wconf 86' lang='lat' dir='ltr'><strong>male.</strong></span> 
     </span>
    </p>

    <p class='ocr_par' dir='ltr' id='par_1_11' title="bbox 825 2080 1522 2247">
     <span class='ocr_line' id='line_1_56' title="bbox 867 2080 1520 2121; baseline 0.006 -12"><span class='ocrx_word' id='word_1_402' title='bbox 867 2082 905 2110; x_wconf 72' lang='lat'><strong>88</strong></span> <span class='ocrx_word' id='word_1_403' title='bbox 945 2080 1101 2111; x_wconf 77' lang='lat' dir='ltr'><strong>tribueret</strong></span> <span class='ocrx_word' id='word_1_404' title='bbox 1115 2097 1157 2103; x_wconf 91' lang='lat'><strong>——</strong></span> <span class='ocrx_word' id='word_1_405' title='bbox 1173 2081 1302 2121; x_wconf 76' lang='lat' dir='ltr'><strong>leniret]</strong></span> <span class='ocrx_word' id='word_1_406' title='bbox 1351 2082 1403 2113; x_wconf 89' lang='lat' dir='ltr'><strong>Sic</strong></span> <span class='ocrx_word' id='word_1_407' title='bbox 1438 2082 1520 2114; x_wconf 81' lang='lat' dir='ltr'><strong>Mss.</strong></span> 
     </span>
     <span class='ocr_line' id='line_1_57' title="bbox 825 2121 1522 2162; baseline 0.009 -12"><span class='ocrx_word' id='word_1_408' title='bbox 825 2121 918 2158; x_wconf 87' lang='lat' dir='ltr'><strong>boni,</strong></span> <span class='ocrx_word' id='word_1_409' title='bbox 941 2123 1041 2152; x_wconf 82' lang='lat' dir='ltr'><strong>etiam</strong></span> <span class='ocrx_word' id='word_1_410' title='bbox 1063 2122 1173 2153; x_wconf 79' lang='lat' dir='ltr'><strong>Guelf.</strong></span> <span class='ocrx_word' id='word_1_411' title='bbox 1195 2123 1238 2154; x_wconf 89' lang='lat' dir='ltr'><strong>H.</strong></span> <span class='ocrx_word' id='word_1_412' title='bbox 1256 2133 1312 2162; x_wconf 77' lang='lat' dir='ltr'><strong>qui</strong></span> <span class='ocrx_word' id='word_1_413' title='bbox 1324 2129 1436 2155; x_wconf 83' lang='lat' dir='ltr'><strong>tamen</strong></span> <span class='ocrx_word' id='word_1_414' title='bbox 1460 2126 1522 2156; x_wconf 68' lang='lat' dir='ltr'><strong>tri-</strong></span> 
     </span>
     <span class='ocr_line' id='line_1_58' title="bbox 826 2163 1522 2206; baseline 0.007 -13"><span class='ocrx_word' id='word_1_415' title='bbox 826 2164 930 2194; x_wconf 79' lang='lat' dir='ltr'><strong>buerit</strong></span> <span class='ocrx_word' id='word_1_416' title='bbox 942 2163 1076 2202; x_wconf 82' lang='lat' dir='ltr'><strong>habent,</strong></span> <span class='ocrx_word' id='word_1_417' title='bbox 1080 2169 1117 2194; x_wconf 88' lang='lat' dir='ltr'><strong>ut</strong></span> <span class='ocrx_word' id='word_1_418' title='bbox 1128 2165 1201 2196; x_wconf 85' lang='lat' dir='ltr'><strong>edd.</strong></span> <span class='ocrx_word' id='word_1_419' title='bbox 1212 2174 1261 2205; x_wconf 81' lang='lat' dir='ltr'><strong>pr.</strong></span> <span class='ocrx_word' id='word_1_420' title='bbox 1275 2165 1440 2198; x_wconf 76' lang='lat' dir='ltr'><strong>Latinitas</strong></span> <span class='ocrx_word' id='word_1_421' title='bbox 1451 2167 1522 2206; x_wconf 88' lang='lat' dir='ltr'><strong>qui·</strong></span> 
     </span>
     <span class='ocr_line' id='line_1_59' title="bbox 827 2205 1278 2247; baseline 0.007 -12"><span class='ocrx_word' id='word_1_422' title='bbox 827 2205 900 2236; x_wconf 84' lang='lat' dir='ltr'><strong>dem</strong></span> <span class='ocrx_word' id='word_1_423' title='bbox 915 2206 1060 2246; x_wconf 85' lang='lat' dir='ltr'><strong>postulat</strong></span> <span class='ocrx_word' id='word_1_424' title='bbox 1077 2207 1278 2247; x_wconf 82' lang='lat' dir='ltr'><strong>imperfecta.</strong></span> 
     </span>
    </p>

    <p class='ocr_par' dir='ltr' id='par_1_12' title="bbox 823 2248 1525 2573">
     <span class='ocr_line' id='line_1_60' title="bbox 871 2248 1523 2289; baseline 0.005 -11"><span class='ocrx_word' id='word_1_425' title='bbox 871 2251 909 2282; x_wconf 80' lang='lat'><strong>89</strong></span> <span class='ocrx_word' id='word_1_426' title='bbox 933 2252 956 2280; x_wconf 86' lang='lat' dir='ltr'><strong>t.</strong></span> <span class='ocrx_word' id='word_1_427' title='bbox 984 2248 1133 2279; x_wconf 76' lang='lat' dir='ltr'><strong>timorem</strong></span> <span class='ocrx_word' id='word_1_428' title='bbox 1162 2249 1320 2289; x_wconf 78' lang='lat' dir='ltr'><strong>omnium]</strong></span> <span class='ocrx_word' id='word_1_429' title='bbox 1365 2248 1523 2282; x_wconf 73' lang='lat' dir='ltr'><strong>Omnium</strong></span> 
     </span>
     <span class='ocr_line' id='line_1_61' title="bbox 825 2289 1523 2333; baseline 0.006 -14"><span class='ocrx_word' id='word_1_430' title='bbox 825 2289 937 2320; x_wconf 85' lang='lat' dir='ltr'><strong>aberat</strong></span> <span class='ocrx_word' id='word_1_431' title='bbox 962 2289 1027 2321; x_wconf 84' lang='lat' dir='ltr'><strong>Ms.</strong></span> <span class='ocrx_word' id='word_1_432' title='bbox 1050 2291 1129 2321; x_wconf 84' lang='lat' dir='ltr'><strong>Vat.</strong></span> <span class='ocrx_word' id='word_1_433' title='bbox 1148 2291 1265 2322; x_wconf 90' lang='lat' dir='ltr'><strong>Colon.</strong></span> <span class='ocrx_word' id='word_1_434' title='bbox 1289 2292 1434 2322; x_wconf 71' lang='lat' dir='ltr'><strong>Faernus</strong></span> <span class='ocrx_word' id='word_1_435' title='bbox 1447 2302 1523 2333; x_wconf 71' lang='lat' dir='ltr'><strong>pro—</strong></span> 
     </span>
     <span class='ocr_line' id='line_1_62' title="bbox 825 2332 1522 2370; baseline 0.006 -9"><span class='ocrx_word' id='word_1_436' title='bbox 825 2332 934 2362; x_wconf 78' lang='lat' dir='ltr'><strong>habat.</strong></span> <span class='ocrx_word' id='word_1_437' title='bbox 981 2332 1043 2362; x_wconf 78' lang='lat' dir='ltr'><strong>Sed</strong></span> <span class='ocrx_word' id='word_1_438' title='bbox 1065 2333 1261 2364; x_wconf 83' lang='lat' dir='ltr'><strong>concinnius</strong></span> <span class='ocrx_word' id='word_1_439' title='bbox 1283 2339 1345 2370; x_wconf 86' lang='lat' dir='ltr'><strong>est,</strong></span> <span class='ocrx_word' id='word_1_440' title='bbox 1361 2338 1383 2365; x_wconf 85' lang='lat' dir='ltr'><strong>t.</strong></span> <span class='ocrx_word' id='word_1_441' title='bbox 1406 2338 1429 2365; x_wconf 82' lang='lat' dir='ltr'><strong>t.</strong></span> <span class='ocrx_word' id='word_1_442' title='bbox 1454 2345 1522 2365; x_wconf 85' lang='lat' dir='ltr'><strong>om-</strong></span> 
     </span>
     <span class='ocr_line' id='line_1_63' title="bbox 823 2373 1522 2415; baseline 0.006 -12"><span class='ocrx_word' id='word_1_443' title='bbox 823 2375 941 2404; x_wconf 78' lang='lat' dir='ltr'><strong>nium:</strong></span> <span class='ocrx_word' id='word_1_444' title='bbox 963 2373 1049 2413; x_wconf 89' lang='lat' dir='ltr'><strong>quod</strong></span> <span class='ocrx_word' id='word_1_445' title='bbox 1070 2385 1109 2405; x_wconf 83' lang='lat' dir='ltr'><strong>ex</strong></span> <span class='ocrx_word' id='word_1_446' title='bbox 1127 2385 1218 2415; x_wconf 82' lang='lat' dir='ltr'><strong>aequo</strong></span> <span class='ocrx_word' id='word_1_447' title='bbox 1236 2376 1410 2415; x_wconf 84' lang='lat' dir='ltr'><strong>respondet</strong></span> <span class='ocrx_word' id='word_1_448' title='bbox 1425 2376 1522 2408; x_wconf 77' lang='lat' dir='ltr'><strong>alteri</strong></span> 
     </span>
     <span class='ocr_line' id='line_1_64' title="bbox 825 2417 1525 2449; baseline 0.001 -2"><span class='ocrx_word' id='word_1_449' title='bbox 825 2421 849 2447; x_wconf 79' lang='lat' dir='ltr'><strong>t.</strong></span> <span class='ocrx_word' id='word_1_450' title='bbox 888 2417 1138 2447; x_wconf 75' lang='lat' dir='ltr'><strong>sollicitudinem</strong></span> <span class='ocrx_word' id='word_1_451' title='bbox 1175 2418 1340 2449; x_wconf 76' lang='lat' dir='ltr'><strong>bonorum.</strong></span> <span class='ocrx_word' id='word_1_452' title='bbox 1393 2418 1525 2449; x_wconf 85' lang='lat' dir='ltr'><strong>Intelli-</strong></span> 
     </span>
     <span class='ocr_line' id='line_1_65' title="bbox 825 2459 1522 2497; baseline 0.003 -9"><span class='ocrx_word' id='word_1_453' title='bbox 825 2459 967 2497; x_wconf 84' lang='lat' dir='ltr'><strong>gendum</strong></span> <span class='ocrx_word' id='word_1_454' title='bbox 988 2464 1099 2489; x_wconf 83' lang='lat' dir='ltr'><strong>autem</strong></span> <span class='ocrx_word' id='word_1_455' title='bbox 1121 2465 1230 2490; x_wconf 88' lang='lat' dir='ltr'><strong>totum</strong></span> <span class='ocrx_word' id='word_1_456' title='bbox 1246 2460 1285 2490; x_wconf 87' lang='lat' dir='ltr'><strong>de</strong></span> <span class='ocrx_word' id='word_1_457' title='bbox 1300 2459 1522 2491; x_wconf 79' lang='lat' dir='ltr'><strong>sollicitudine</strong></span> 
     </span>
     <span class='ocr_line' id='line_1_66' title="bbox 824 2500 1520 2542; baseline 0.004 -12"><span class='ocrx_word' id='word_1_458' title='bbox 824 2506 859 2530; x_wconf 83' lang='lat' dir='ltr'><strong>et</strong></span> <span class='ocrx_word' id='word_1_459' title='bbox 872 2501 992 2531; x_wconf 86' lang='lat' dir='ltr'><strong>timore</strong></span> <span class='ocrx_word' id='word_1_460' title='bbox 1016 2500 1179 2532; x_wconf 83' lang='lat' dir='ltr'><strong>malorum</strong></span> <span class='ocrx_word' id='word_1_461' title='bbox 1195 2512 1253 2542; x_wconf 84' lang='lat' dir='ltr'><strong>per</strong></span> <span class='ocrx_word' id='word_1_462' title='bbox 1276 2507 1417 2533; x_wconf 83' lang='lat' dir='ltr'><strong>mortem</strong></span> <span class='ocrx_word' id='word_1_463' title='bbox 1442 2503 1520 2533; x_wconf 85' lang='lat' dir='ltr'><strong>Hir-</strong></span> 
     </span>
     <span class='ocr_line' id='line_1_67' title="bbox 824 2542 873 2573; baseline 0.02 -1"><span class='ocrx_word' id='word_1_464' title='bbox 824 2542 873 2573; x_wconf 87' lang='lat' dir='ltr'><strong>tii.</strong></span> 
     </span>
    </p>

    <p class='ocr_par' dir='ltr' id='par_1_13' title="bbox 827 2585 1524 2831">
     <span class='ocr_line' id='line_1_68' title="bbox 866 2585 1521 2625; baseline 0.002 -11"><span class='ocrx_word' id='word_1_465' title='bbox 866 2588 906 2619; x_wconf 90' lang='lat'><strong>90</strong></span> <span class='ocrx_word' id='word_1_466' title='bbox 929 2589 960 2616; x_wconf 80' lang='lat' dir='ltr'><strong>et</strong></span> <span class='ocrx_word' id='word_1_467' title='bbox 973 2586 1126 2624; x_wconf 79' lang='lat' dir='ltr'><strong>quoniam</strong></span> <span class='ocrx_word' id='word_1_468' title='bbox 1141 2595 1179 2615; x_wconf 82' lang='lat' dir='ltr'><strong>ea</strong></span> <span class='ocrx_word' id='word_1_469' title='bbox 1194 2585 1240 2625; x_wconf 81' lang='lat' dir='ltr'><strong>d.]</strong></span> <span class='ocrx_word' id='word_1_470' title='bbox 1266 2585 1383 2616; x_wconf 84' lang='lat' dir='ltr'><strong>Addidi</strong></span> <span class='ocrx_word' id='word_1_471' title='bbox 1400 2590 1430 2616; x_wconf 80' lang='lat' dir='ltr'><strong>et</strong></span> <span class='ocrx_word' id='word_1_472' title='bbox 1445 2594 1521 2615; x_wconf 88' lang='lat' dir='ltr'><strong>cum</strong></span> 
     </span>
     <span class='ocr_line' id='line_1_69' title="bbox 828 2626 1521 2666; baseline 0 -10"><span class='ocrx_word' id='word_1_473' title='bbox 828 2626 955 2657; x_wconf 78' lang='lat' dir='ltr'><strong>Graevio</strong></span> <span class='ocrx_word' id='word_1_474' title='bbox 970 2638 987 2657; x_wconf 87' lang='lat' dir='ltr'><strong>e</strong></span> <span class='ocrx_word' id='word_1_475' title='bbox 1009 2627 1074 2658; x_wconf 86' lang='lat' dir='ltr'><strong>Ms.</strong></span> <span class='ocrx_word' id='word_1_476' title='bbox 1095 2627 1172 2658; x_wconf 83' lang='lat' dir='ltr'><strong>vat.</strong></span> <span class='ocrx_word' id='word_1_477' title='bbox 1196 2638 1213 2657; x_wconf 87' lang='lat' dir='ltr'><strong>e</strong></span> <span class='ocrx_word' id='word_1_478' title='bbox 1238 2638 1301 2666; x_wconf 88' lang='lat' dir='ltr'><strong>quo</strong></span> <span class='ocrx_word' id='word_1_479' title='bbox 1315 2633 1349 2658; x_wconf 88' lang='lat' dir='ltr'><strong>et</strong></span> <span class='ocrx_word' id='word_1_480' title='bbox 1364 2628 1521 2663; x_wconf 64' lang='lat' dir='ltr'><strong>Faernus,</strong></span> 
     </span>
     <span class='ocr_line' id='line_1_70' title="bbox 828 2668 1524 2700; baseline 0.001 -2"><span class='ocrx_word' id='word_1_481' title='bbox 828 2668 916 2699; x_wconf 88' lang='lat' dir='ltr'><strong>Mur.</strong></span> <span class='ocrx_word' id='word_1_482' title='bbox 939 2668 1057 2700; x_wconf 88' lang='lat' dir='ltr'><strong>Lamb.</strong></span> <span class='ocrx_word' id='word_1_483' title='bbox 1078 2670 1212 2700; x_wconf 83' lang='lat' dir='ltr'><strong>Manut.</strong></span> <span class='ocrx_word' id='word_1_484' title='bbox 1237 2680 1312 2700; x_wconf 78' lang='lat' dir='ltr'><strong>mox</strong></span> <span class='ocrx_word' id='word_1_485' title='bbox 1335 2671 1524 2700; x_wconf 70' lang='lat' dir='ltr'><strong>constantie</strong></span> 
     </span>
     <span class='ocr_line' id='line_1_71' title="bbox 827 2710 1523 2750; baseline 0.003 -10"><span class='ocrx_word' id='word_1_486' title='bbox 827 2721 903 2740; x_wconf 88' lang='lat' dir='ltr'><strong>cum</strong></span> <span class='ocrx_word' id='word_1_487' title='bbox 915 2710 1029 2741; x_wconf 86' lang='lat' dir='ltr'><strong>iisdem</strong></span> <span class='ocrx_word' id='word_1_488' title='bbox 1051 2722 1091 2742; x_wconf 82' lang='lat' dir='ltr'><strong>ex</strong></span> <span class='ocrx_word' id='word_1_489' title='bbox 1112 2712 1257 2750; x_wconf 85' lang='lat' dir='ltr'><strong>antiquis</strong></span> <span class='ocrx_word' id='word_1_490' title='bbox 1279 2715 1313 2742; x_wconf 84' lang='lat' dir='ltr'><strong>et</strong></span> <span class='ocrx_word' id='word_1_491' title='bbox 1327 2711 1420 2741; x_wconf 88' lang='lat' dir='ltr'><strong>bonis</strong></span> <span class='ocrx_word' id='word_1_492' title='bbox 1442 2711 1523 2742; x_wconf 77' lang='lat' dir='ltr'><strong>Mss-</strong></span> 
     </span>
     <span class='ocr_line' id='line_1_72' title="bbox 828 2752 1524 2794; baseline 0.004 -12"><span class='ocrx_word' id='word_1_493' title='bbox 828 2753 946 2792; x_wconf 81' lang='lat' dir='ltr'><strong>recepi,</strong></span> <span class='ocrx_word' id='word_1_494' title='bbox 962 2763 1019 2793; x_wconf 88' lang='lat' dir='ltr'><strong>pro</strong></span> <span class='ocrx_word' id='word_1_495' title='bbox 1041 2754 1251 2793; x_wconf 69' lang='lat' dir='ltr'><strong>conscientiae,</strong></span> <span class='ocrx_word' id='word_1_496' title='bbox 1265 2753 1351 2794; x_wconf 85' lang='lat' dir='ltr'><strong>quod</strong></span> <span class='ocrx_word' id='word_1_497' title='bbox 1373 2752 1425 2785; x_wconf 81' lang='lat' dir='ltr'><strong>hie</strong></span> <span class='ocrx_word' id='word_1_498' title='bbox 1449 2752 1524 2784; x_wconf 82' lang='lat' dir='ltr'><strong>nul·</strong></span> 
     </span>
     <span class='ocr_line' id='line_1_73' title="bbox 829 2794 1166 2831; baseline 0.003 -6"><span class='ocrx_word' id='word_1_499' title='bbox 829 2794 898 2826; x_wconf 84' lang='lat' dir='ltr'><strong>lum</strong></span> <span class='ocrx_word' id='word_1_500' title='bbox 912 2804 1045 2828; x_wconf 86' lang='lat' dir='ltr'><strong>sensum</strong></span> <span class='ocrx_word' id='word_1_501' title='bbox 1056 2795 1166 2831; x_wconf 79' lang='lat' dir='ltr'><strong>habet.</strong></span> 
     </span>
    </p>
   </div>
  </div>
 </body>
</html>
