1812 3147
354 113 460 151 PRO
486 111 643 151 DOMO
670 111 771 151 SUA
797 112 870 150 AD
896 111 1102 150 PONTIF.
1365 108 1440 151 877

13 214 88 258 ned
119 214 333 271 Scipionis
365 215 526 257 factum
560 216 704 256 statim
738 215 788 256 P.
813 213 989 256 Mucius
1020 211 1184 262 consul,
1206 211 1278 266 qui
1303 211 1345 252 in
1365 225 1440 266 gc·

16 272 147 315 tenda
173 272 393 329 republica
425 274 655 328 putabatur
683 272 813 312 fuisse
846 271 1031 327 segnior,
1047 270 1262 324 62gestam
1293 268 1439 308 multis

16 328 394 371 senatusconsultis
437 344 522 371 non
558 330 685 370 modo
719 327 925 379 defendit,
963 327 1034 367 sed
1065 327 1195 366 etiam
1240 325 1436 365 ornavit:

17 386 124 427 mihi
155 395 242 437 aut,
266 396 306 426 te
328 386 570 438 interfecto,
592 401 690 427 cum
713 385 975 434 consulibus,
997 392 1085 434 aut,
1108 392 1150 423 te
1172 381 1286 431 vivo,
1309 390 1352 421 et
1376 390 1435 420 te-

16 455 129 494 cum,
157 454 201 484 et
221 457 318 483 cum
343 443 439 494 illis,
469 445 595 484 armis
617 442 921 485 decertandum
944 441 1041 481 fuit.
1104 438 1237 479 Erant
1257 451 1307 478 eo
1331 447 1436 476 tem-
1448 437 1497 472 92

18 512 121 555 pore
140 500 274 540 multa
301 499 431 541 etiam
464 501 546 542 alia
575 499 818 541 metuenda.
851 499 901 539 ad
922 512 1079 547 servos,
1101 495 1266 536 medius
1297 493 1438 543 fidius,

18 569 83 596 res
106 558 381 613 pervenisset.
406 566 572 598 tautum
596 557 789 598 homines
813 555 968 611 impios
998 568 1052 594 ex
1076 562 1218 593 vetere
1240 550 1310 592 illa
1337 565 1441 591 con-

12 611 231 668 juratione
263 615 453 655 inustum
483 614 658 656 nefariis
690 613 907 654 mentibus
952 612 1162 653 bonorum
1197 609 1344 649 odium
1378 621 1442 647 rc-

20 669 198 711 tinebat.

78 726 166 768 Hic
190 736 233 768 tu
255 741 322 767 me
343 728 472 769 etiam
494 728 665 784 gloriari
692 735 832 769 vetas:
866 740 998 782 negas
1020 739 1111 766 esse
1134 722 1322 773 ferenda,
1346 735 1444 776 quae

21 783 174 825 :oleam
208 785 260 825 de
291 800 358 826 me
388 786 640 841 praedicare:
673 795 716 825 et
748 784 878 825 homo
911 784 1076 824 facetus
1114 780 1282 822 inducis
1315 781 1446 820 etiam

23 854 259 882 sermonem
292 843 501 883 urbanum
533 857 583 883 ac
616 853 866 883 venustum:
899 854 967 881 me
997 839 1138 880 dicere
1175 837 1324 887 solere,
1356 849 1446 876 esse

22 911 91 939 me
109 898 291 941 Jovem:
323 900 591 955 eundemque
621 899 833 951 dictitare,
857 897 1101 939 Minervam
1135 909 1225 936 esse
1257 906 1447 935 sororem

23 969 175 996 meam.
235 956 274 987 63
289 956 389 997 Non
425 966 513 998 tam
554 955 739 997 insolens
778 970 886 1006 sum,
915 953 1031 1010 quod
1062 952 1218 995 Jovem
1260 964 1351 992 esse
1377 964 1447 990 me

23 1012 135 1063 dico,
157 1027 283 1067 quain
306 1013 558 1064 ineruditus,
578 1013 693 1068 quod
726 1013 971 1053 Minervam
1004 1024 1191 1051 sororem
1213 1008 1338 1050 Jovis
1355 1021 1447 1048 esse

24 1070 240 1110 existimo.
271 1071 343 1111 sed
367 1080 523 1122 tamen,
546 1085 627 1126 ego
658 1070 764 1110 mihi
796 1083 984 1110 sororem
1015 1067 1226 1123 virginem
1259 1065 1446 1106 ascisco:

26 1134 72 1167 tu
95 1141 282 1168 sororem
305 1136 421 1169 tuam
452 1128 660 1183 virginem
698 1142 789 1168 esse
817 1141 902 1168 non
935 1125 1088 1166 sivisti.
1149 1123 1232 1164 Sed
1264 1122 1376 1172 vide,
1398 1134 1452 1162 ne

25 1192 71 1224 tu
95 1192 136 1224 te
164 1184 318 1225 debeas
344 1185 499 1227 Jovem
529 1180 684 1235 dicere,
703 1184 818 1240 quod
849 1193 893 1224 tu
911 1183 1010 1238 jure
1040 1181 1219 1222 eandem
1263 1192 1449 1219 sororem

27 1249 71 1281 et
100 1255 276 1282 uxorem
298 1242 509 1297 appellare
532 1242 681 1297 possis.
743 1241 800 1282 Et
829 1240 1034 1296 quoniam
1055 1239 1139 1279 hoc
1160 1225 1533 1292 reprehendis,35

29 1298 142 1352 quod
166 1297 298 1339 solere
319 1313 388 1339 me
406 1299 522 1341 dicas
543 1300 595 1340 de
615 1314 682 1340 me
704 1299 797 1354 ipso
817 1297 1042 1353 gloriosius
1066 1295 1324 1352 praedicare:
1356 1293 1450 1347 quis
1462 1298 1512 1332 93

29 1369 230 1410 umquam
253 1356 432 1407 audivit,
450 1371 547 1398 cum
564 1370 647 1411 ego
669 1356 721 1397 de
739 1370 820 1405 me,
842 1355 924 1396 nisi
945 1363 1119 1395 coactus
1142 1367 1191 1393 ac
1215 1349 1453 1392 necessario

29 1411 242 1453 dicerem?
272 1427 370 1454 nam
394 1415 443 1464 si,
465 1428 563 1454 cum
585 1413 692 1453 mihi
723 1412 851 1464 furta,
870 1411 1134 1467 largitiones,
1156 1408 1355 1450 libidines
1377 1407 1456 1447 ob-

24 1467 251 1523 jiciuntur,
287 1484 369 1526 ego
408 1470 664 1526 respondere
697 1469 826 1520 soleo,
859 1469 965 1509 meis
1003 1466 1209 1517 consiliis,
1241 1464 1456 1521 periculis,

30 1525 263 1578 laboribus,
293 1528 474 1583 patriam
497 1542 587 1568 esse
608 1535 918 1577 conservatam,
941 1539 1027 1566 non
1059 1533 1148 1565 tam
1177 1537 1271 1564 sum
1305 1521 1454 1562 existi-

31 1583 211 1624 mandus
230 1585 282 1625 de
303 1585 435 1640 gestis
459 1586 585 1625 rebus
607 1584 795 1640 gloriari,
818 1597 947 1638 quam
968 1583 1021 1624 de
1039 1581 1224 1636 objectis
1246 1594 1332 1620 non
1352 1593 1456 1619 con-

30 1639 156 1680 fiteri.
179 1641 251 1682 sed
282 1643 315 1682 si
346 1641 454 1682 mihi
484 1652 583 1683 ante
616 1643 708 1682 haec
737 1640 964 1682 durissima
993 1637 1243 1694 reipublicae
1264 1639 1587 1691 teinp01·ar¹·9·32-

30 1695 137 1738 nihil
160 1713 361 1753 umquam
383 1698 496 1739 aliud
516 1699 737 1754 objectum
756 1705 834 1749 est,
851 1697 933 1738 nisi
956 1696 1184 1738 crudelitas
1207 1694 1318 1735 illius
1349 1701 1456 1734 tem-
1468 1693 1497 1711 ²²·

32 1754 162 1809 poris,
183 1770 282 1796 cum
303 1771 328 1796 a
350 1756 488 1812 patria
505 1756 737 1811 perniciem
759 1754 902 1810 depuli
920 1771 928 1795 ε
960 1753 1091 1809 quid?
1122 1766 1191 1793 me
1211 1751 1313 1792 huic
1328 1749 1459 1790 male-

32 1811 150 1852 dicto
184 1821 322 1853 utrum
358 1828 445 1854 non
477 1814 747 1870 respondere,
779 1827 833 1852 an
875 1811 1058 1852 demisse
1100 1808 1356 1864 respondere
1386 1807 1458 1847 de-

22 1868 152 1927 ¹cuit?
204 1868 298 1925 Ego
329 1884 429 1911 vero
460 1871 589 1911 etiam
612 1868 860 1925 reipublicae
882 1882 1048 1924 semper
1069 1867 1273 1908 interesse
1296 1864 1521 1920 putavi,94

0 1961 1 1974 ,
33 1938 102 1965 me
124 1924 234 1967 illius
267 1926 539 1982 pulcherrimi
561 1928 602 1958 64
616 1927 735 1978 facti,
756 1926 871 1982 quod
894 1940 949 1966 ex
985 1924 1242 1966 auctoritate
1274 1931 1460 1971 senatus,

33 1996 242 2024 consensu
276 1984 483 2026 bonorum
515 1985 723 2035 omnium,
745 1998 822 2040 pro
861 1983 995 2024 salute
1025 1981 1192 2038 patriae,
1221 1979 1462 2035 gessissem,

38 2039 304 2095 splendorem
328 2042 466 2082 verbis
496 2041 839 2098 dignitatemque
865 2040 1071 2081 retinere:
1103 2037 1338 2093 praesertim
1363 2050 1462 2076 cum

37 2095 142 2137 mihi
166 2097 237 2137 uni
260 2098 302 2138 in
324 2097 405 2140 hac
428 2099 660 2155 republica,
679 2098 879 2140 audiente
906 2095 1066 2152 populo
1091 2094 1305 2144 Romano,
1335 2107 1468 2149 opera

37 2166 131 2194 mea
151 2153 264 2196 hanc
299 2156 448 2197 urbem
478 2167 521 2197 et
544 2156 654 2198 hanc
685 2154 994 2211 rempublicam
1028 2166 1118 2193 esse
1149 2151 1324 2203 salvam,
1346 2150 1467 2205 65ju·

41 2267 469 2309 nutiissonjectura,ultima.
483 2268 581 2300 sedet
593 2269 656 2300 hoc
670 2268 729 2299 du·
771 2267 887 2298 domus
911 2275 992 2304 suae,
1014 2266 1186 2302 Minervae,
1210 2264 1307 2295 Urbis
1329 2262 1472 2299 custodi,

41 2318 124 2340 rum.
165 2311 260 2341 Dixit
273 2315 306 2341 et
320 2311 426 2343 Tacit.
440 2312 514 2349 XV,
530 2315 560 2342 2.
582 2313 667 2342 vires
680 2311 731 2342 in·
772 2310 905 2350 signum
920 2313 1084 2350 posuerat.
1115 2308 1270 2337 Ceterum
1294 2307 1403 2336 locum
1422 2314 1472 2335 sa-

39 2352 157 2382 timaei.
171 2363 200 2383 c.
215 2362 363 2384 summae.
775 2362 854 2382 num
880 2361 947 2382 esse
973 2354 1067 2391 puto,
1083 2354 1117 2380 et
1133 2350 1256 2379 ironice
1279 2349 1350 2379 haec
1374 2348 1473 2378 dicta.

82 2393 122 2424 62
143 2395 250 2434 gesta]
288 2395 361 2425 Hoc
387 2395 520 2426 verbum
543 2396 626 2426 mihi
650 2405 734 2426 sem-
777 2394 909 2425 Clodius
923 2393 1134 2424 insolentiam
1158 2392 1333 2430 objecerat,
1358 2390 1472 2420 Cicero

44 2445 100 2476 per
113 2442 298 2476 suspectum
313 2438 385 2471 fuit,
405 2442 569 2478 progesta
591 2438 733 2468 scriben-
776 2436 883 2466 multo
898 2436 1001 2475 magis
1022 2444 1056 2464 se
1078 2433 1249 2463 indoctum
1271 2433 1363 2468 dicit,
1387 2431 1475 2470 quod

41 2477 120 2509 dum
138 2483 277 2518 gestam.
301 2479 428 2511 literam
450 2480 602 2510 ultimam
625 2480 735 2510 absor-
777 2478 961 2508 Minervam
983 2486 1126 2507 sororem
1152 2485 1245 2505 suam
1267 2475 1411 2510 dixisset,
1436 2473 1474 2504 de

43 2520 109 2561 psit
124 2522 228 2561 prima
239 2523 415 2561 sequentis.
452 2523 504 2553 lta
519 2524 631 2553 omnia
653 2523 734 2552 bene
778 2520 883 2551 Clodii
913 2519 1039 2550 seilicet
1063 2518 1303 2548 criminatione.
1360 2517 1412 2546 Sic
1440 2520 1476 2545 et

43 2562 223 2603 sehabeut:
241 2566 296 2604 qui
309 2565 501 2603 ingerenda
514 2565 736 2604 rep.putabc1-
778 2562 937 2592 Olivetus.
980 2561 1071 2592 Libri
1098 2559 1229 2599 quidam
1252 2568 1313 2588 scr.
1340 2563 1373 2587 et
1403 2556 1475 2590 edd.

44 2604 211 2644 turjicis.s·e
223 2607 362 2645 segnior,
382 2612 511 2645 gestam
536 2608 611 2647 (int.
635 2617 654 2637 a
669 2607 736 2636 Sei·
778 2614 842 2634 mm
856 2609 926 2634 tam
941 2603 1135 2634 ineruditus.
1157 2601 1225 2637 alii,
1241 2605 1279 2630 ut
1302 2599 1409 2630 Guelf.
1424 2598 1474 2629 ed.

46 2647 154 2686 pione,
177 2648 350 2678 interfecto
377 2648 737 2688 Graccho)—dejfendic.
782 2647 870 2677 vict.
887 2656 951 2676 non
973 2650 1044 2675 tam
1059 2644 1221 2674 eruditu&
1256 2641 1337 2672 illud
1353 2641 1476 2680 recepit

46 2687 110 2720 Res
132 2695 180 2718 est
196 2690 243 2720 ita
264 2690 406 2728 evidens,
433 2697 470 2722 ut
498 2691 544 2721 sic
566 2691 739 2722 rescribere
782 2688 939 2718 Gra—vius.
962 2686 1062 2717 Male.
1080 2686 1133 2716 lta
1145 2685 1229 2724 quod
1247 2688 1329 2713 esset
1352 2692 1410 2722 pro
1424 2686 1475 2720 ut,

47 2739 114 2761 non
136 2730 322 2762 dubitarim.
781 2730 866 2769 qumi
881 2730 1027 2760 latinitas
1044 2727 1210 2758 Ciceronis
1225 2735 1293 2756 non
1307 2725 1443 2765 patitur.

90 2772 129 2802 63
153 2773 231 2803 IVon
253 2778 321 2803 tam
343 2775 480 2804 insolens
502 2773 579 2813 &c.]
605 2773 738 2806 Clodius
825 2773 865 2802 Gi
875 2771 981 2811 succi,
996 2767 1302 2810 quod-gessissem]
1329 2766 1479 2796 insolens

51 2815 222 2853 respexisse
249 2816 373 2845 videtur
393 2826 444 2851 co,
463 2816 549 2855 quud
571 2816 685 2847 Cicero
706 2824 740 2845 se
784 2818 834 2844 est
846 2814 916 2844 haec
932 2814 1048 2843 forma.

50 2860 244 2891 servatorem
272 2858 361 2888 urhis
383 2857 521 2895 dixerat,
545 2863 580 2888 et
607 2859 643 2889 in
666 2866 743 2887 area
825 2856 866 2887 65
879 2854 1000 2896 jurato
1021 2851 1141 2892 dicere]
1166 2851 1295 2892 Nempe
1321 2850 1355 2880 in
1384 2847 1482 2889 depo»

109 2911 216 2942 vot.
244 2913 298 2941 11.
323 2914 363 2942 P.
389 2913 443 2941 ιι.
714 2904 739 2940 3
764 2911 799 2939 Μ
