1785 3185
278 123 375 158 1448
592 120 650 159 IN
676 116 731 159 M.
758 120 803 159 T.
832 119 1145 159 CICERONEM
1173 121 1387 160 ORATIO.

271 223 446 264 domum
478 223 612 279 ipsam
644 232 759 265 tuam
790 225 845 275 vi,
877 234 919 266 ct
949 225 1122 281 rapinis,
1154 225 1365 267 funestam
1388 226 1482 277 tibi,
1513 242 1562 270 ae
1594 230 1690 282 tuis,

269 281 553 335 comparasti:
586 281 796 332 videlicet,
837 292 882 322 ut
915 297 990 322 nos
1022 283 1394 334 commonefacias,
1427 298 1553 339 quam
1584 300 1690 328 con-

270 349 391 376 versa
420 351 483 378 res
506 337 560 378 sit
582 338 766 393 publiea,
796 353 891 379 cum
919 339 958 379 in
982 353 1030 378 ea
1051 339 1178 380 domo
1209 339 1436 391 habitares,
1465 341 1594 383 homo
1617 343 1695 383 fla-

234 392 561 447 3gitiosissi1ne,
579 409 675 450 quae
698 395 746 436 P.
770 395 926 445 Crassi,
946 396 1021 435 viri
1044 395 1279 446 clarissimi,
1303 395 1400 437 fuit.
1430 397 1574 454 Atque
1592 413 1690 440 cum

136 448 170 490 ἵζ’·
187 449 365 491 ²7¹·haec
388 451 448 491 ita
469 451 568 502 sint,
592 462 731 493 tamen
757 466 800 492 se
828 451 980 492 Cicero
1002 452 1107 493 dicit
1136 453 1176 492 in
1201 453 1384 493 concilio
1405 453 1580 496 deorum
1611 455 1690 500 im-

226 500 514 549 ⁸‘mortalium
546 509 689 560 fuisse,
722 509 820 549 inde
851 509 1026 549 missum
1060 507 1159 549 huic
1194 509 1304 559 urbi,
1336 510 1585 567 civibusque
1615 526 1690 553 cu·

268 564 449 615 stodern,
479 567 639 621 absque
671 565 882 607 carnificis
913 565 1098 614 nomine,
1133 566 1206 620 qui
1236 566 1422 607 civitatis
1454 568 1690 610 incommo-

266 621 369 662 dum
393 623 433 663 in
458 622 637 678 gloriam
659 637 775 663 suam
799 622 936 678 ponit.
998 622 1131 668 Quasi
1157 636 1255 662 vero
1285 637 1367 663 non
1397 623 1508 664 illius
1537 627 1688 680 conju-

264 679 442 720 rationis
464 695 591 721 causa
612 679 740 719 fuerit
769 679 1012 720 consulatus
1046 690 1156 729 tuus,
1186 688 1228 719 et
1258 679 1418 720 idcirco
1450 682 1688 736 respublica

262 735 443 790 disjecta
469 751 519 777 eo
555 746 758 792 tempore,
791 736 905 791 quod
936 745 977 776 te
1001 735 1221 776 custodem
1258 735 1458 777 habebat.
1517 738 1615 788 Sed,
1644 750 1690 780 ut

262 795 430 847 opinor,
462 793 531 834 illa
562 804 602 834 te
624 793 760 849 magis
782 793 1008 842 extollunt,
1038 807 1133 847 quae
1170 801 1266 847 post
1287 793 1553 834 consulatum
1589 809 1688 836 cum

261 846 460 890 Terentia
492 864 624 891 uxore
645 851 698 890 de
720 849 938 905 republica
958 849 1223 899 consuluisti,
1253 864 1350 890 eum
1373 849 1478 905 legis
1502 850 1683 893 l'lautiae

255 904 423 960 judicia
456 908 570 948 domi
610 905 848 948 faciebatis:
894 921 948 947 ex
984 906 1217 960 conjuratis
1257 906 1359 947 alios
1391 917 1541 958 morte,
1579 908 1683 949 alios

294 964 444 1004 eeunia
480 964 820 1015 condemnabas3
862 977 956 1004 cum
991 964 1071 1003 tibi
1105 963 1210 1004 alius
1243 962 1544 1015 Tusculanum,
1577 965 1681 1005 alius

261 977 570 1076 Pompeianam
611 1020 753 1061 villam
795 1019 1110 1070 exaedificabat,
1144 1020 1249 1060 alius
1282 1020 1456 1060 domum
1492 1022 1682 1063 emebat:

261 1077 334 1130 qui
361 1092 457 1119 vero
487 1077 593 1118 nihil
625 1085 805 1134 poterat,
837 1078 870 1118 is
898 1087 986 1117 erat
1015 1076 1238 1117 calumniae
1274 1077 1518 1132 proximus:
1551 1078 1585 1118 is
1609 1090 1683 1120 aut

261 1134 434 1176 domum
461 1145 575 1175 tuam
598 1145 895 1190 oppugnatum
921 1143 1105 1183 venerat,
1136 1144 1209 1174 aut
1239 1134 1410 1174 insidias
1434 1136 1596 1175 senatui
1621 1135 1683 1176 fe-

225 1196 397 1232 ait-crat:
430 1191 612 1247 (lenique
648 1194 700 1232 de
734 1205 783 1231 eo
814 1191 890 1231 tibi
927 1201 1194 1246 compertum
1228 1199 1330 1231 erat.
1392 1191 1503 1236 Quae
1534 1192 1568 1232 si
1601 1192 1678 1234 tibi

260 1246 364 1287 falsa
385 1249 561 1302 objicio,
595 1248 721 1289 redde
743 1252 966 1299 rationem,
1001 1257 1207 1303 quantum
1237 1247 1480 1303 patrimonii
1504 1263 1680 1305 accepe-

254 1303 326 1354 ris,
349 1305 449 1359 quid
474 1306 548 1347 tibi
573 1306 719 1346 litibus
740 1305 985 1355 accreverit,
1015 1320 1098 1359 qua
1127 1319 1179 1345 ex
1204 1305 1385 1359 pecunia
1405 1304 1579 1346 domum
1605 1321 1678 1360 pa-

253 1362 426 1412 raveris,
458 1362 743 1404 Tusculanum
783 1370 826 1402 et
859 1361 1168 1418 Pompeianum
1201 1362 1370 1402 infinito
1400 1372 1539 1402 sumtu
1576 1363 1681 1403 aedi-

254 1418 472 1461 ficaveris:
504 1429 592 1471 aut,
617 1419 650 1459 si
674 1419 837 1469 retices,
860 1419 927 1460 eui
952 1428 1093 1475 potest
1113 1432 1203 1459 esse
1224 1417 1416 1469 dubium,
1444 1420 1546 1473 quin
1571 1434 1679 1474 opu-

254 1473 429 1516 lentiam
472 1473 594 1517 istam
628 1490 681 1516 ex
714 1477 920 1531 sanguine
957 1486 999 1516 et
1030 1475 1208 1516 miseriis
1239 1475 1397 1516 civium
1432 1479 1676 1531 paraveris?

207 1522 242 1569 3
261 1532 428 1583 Verum,
462 1547 507 1574 ut
537 1533 703 1589 opinor,
738 1533 868 1574 homo
891 1547 1025 1573 novus
1049 1533 1246 1588 Arpinas,
1277 1546 1331 1573 ex
1355 1531 1422 1572 M.
1449 1532 1590 1574 Crassi
1614 1533 1677 1574 fa-

253 1589 384 1641 milia,
408 1590 499 1644 ejus
524 1592 724 1631 virtutem
756 1590 960 1640 imitatur,
987 1588 1223 1630 contemnit
1250 1589 1506 1630 simultatem
1538 1589 1678 1631 homi-

210 1651 215 1653 ’
250 1659 353 1687 num
390 1647 612 1698 nobilium,
642 1648 945 1703 rempublicam
980 1661 1119 1687 caram
1152 1645 1294 1696 habet,
1333 1660 1470 1701 neque
1502 1658 1674 1698 terrore,

213 1711 385 1759 5neque
406 1705 545 1760 gratia
567 1714 874 1745 commovetur.
934 1703 1063 1744 Aliud
1088 1717 1187 1744 vero
1209 1702 1399 1744 amicitia
1422 1713 1600 1754 tantum,
1624 1719 1673 1746 ac

247 1761 381 1802 virtus
403 1772 463 1801 cst
489 1762 630 1802 amici.
685 1761 821 1802 Immo
846 1775 944 1801 vero
966 1762 1093 1802 homo
1113 1759 1363 1810 levissimus,
1386 1760 1566 1816 supplex
1591 1761 1673 1801 ini-

243 1818 382 1869 micis,
421 1819 569 1859 :unicis
606 1817 954 1867 contumeliosus,
986 1817 1113 1858 modo
1145 1816 1311 1868 harum,
1343 1817 1469 1857 modo
1505 1817 1669 1858 illarum

243 1875 444 1929 partium,
476 1875 583 1916 fidus
609 1876 784 1924 nemini,
808 1875 1044 1915 levissimus
1070 1882 1252 1923 senator,
1283 1874 1565 1914 mercenarius
1595 1889 1669 1930 pa-

242 1940 406 1983 tronuS,
429 1932 550 1987 cujus
569 1932 680 1973 nulla
700 1947 793 1987 pars
812 1932 1002 1987 corporis
1026 1948 1049 1972 a
1072 1931 1336 1986 turpitudine
1362 1941 1497 1981 vacat,
1520 1931 1669 1987 lingua

241 2002 365 2040 vana,
401 2004 551 2030 manus
585 1990 886 2045 rapacissimae,
921 1989 1020 2043 gula
1050 1988 1270 2038 immensa,
1304 1987 1431 2043 pedes
1465 1987 1665 2043 fugaces:

242 2060 337 2100 quae
361 2046 538 2087 honeste
563 2046 769 2087 nominari
794 2061 876 2086 non
904 2055 1095 2105 possunt,
1118 2044 1479 2085 inhonestissima.
1522 2044 1667 2100 Atque

194 2103 225 2134 b.
240 2102 274 2143 is
293 2118 389 2145 cum
409 2103 617 2158 ejusmodi
638 2104 706 2152 sit,
724 2113 863 2144 tamen
885 2103 1012 2143 audet
1030 2102 1193 2143 dicere:
1216 2105 1243 2124 “
1265 2099 1573 2157 Ofortztnatam
1590 2114 1665 2142 ηα-

237 2162 264 2182 “
287 2167 370 2202 tam
392 2176 452 2201 me
470 2159 626 2201 consule
650 2159 878 2201 Romam!”
899 2159 960 2200 Te
986 2158 1159 2200 consule
1183 2157 1458 2208 fortunatam,
1483 2158 1665 2200 Cicero?

235 2216 368 2257 immo
392 2232 490 2259 vero
519 2216 748 2267 infelicem,
782 2229 824 2258 et
857 2217 1067 2266 miseram,
1089 2230 1186 2271 quae
1209 2215 1541 2256 crudelissimam
1567 2224 1664 2271 pro'-

235 2274 512 2329 scriptionem
546 2275 705 2316 civium
737 2288 935 2331 perpessa
962 2284 1039 2323 est,
1066 2287 1163 2314 cuin
1187 2282 1246 2322 tu,
1271 2271 1517 2328 perturbata
1539 2286 1663 2327 repu-

235 2331 360 2380 blica,
394 2343 510 2372 metu
546 2332 758 2386 perculsos
790 2346 936 2372 omnes
969 2331 1103 2371 bonos
1136 2343 1280 2384 parere
1311 2328 1549 2369 crudelitati
1575 2340 1661 2370 tuae

233 2389 441 2443 cogebas:
475 2403 572 2429 cuin
609 2389 754 2428 omnia
778 2388 959 2444 judicia,
990 2400 1136 2427 omnes
1161 2386 1274 2441 leges
1308 2385 1348 2426 in
1381 2395 1454 2425 tua
1484 2385 1663 2426 libidine

232 2442 378 2487 erant:
402 2460 498 2486 cum
518 2455 560 2485 tu
584 2444 749 2485 sublata
768 2445 861 2500 lege
880 2444 1047 2495 Porcia,
1066 2452 1212 2498 erepta
1234 2443 1443 2492 libertate,
1466 2442 1660 2484 nostrum

221 2499 424 2544 'omnium
449 2503 548 2544 vitae
572 2502 772 2556 necisque
792 2511 1048 2558 potestatem
1071 2500 1123 2540 ad
1147 2509 1187 2540 te
1218 2513 1346 2540 unum
1371 2513 1659 2540 revocaveras.

195 2559 375 2614 6Atque
408 2574 555 2614 parum
579 2569 656 2608 est,
690 2561 804 2613 quod
839 2560 1012 2613 impune
1043 2556 1196 2607 fecisti,
1221 2570 1363 2596 verum
1387 2556 1516 2596 etiam
1539 2570 1658 2597 com-

230 2616 507 2658 memorando
537 2617 786 2671 exprobras,
822 2629 957 2670 neque
989 2615 1087 2654 licet
1117 2613 1312 2654 oblivisci
1346 2613 1409 2653 his
1441 2613 1657 2654 servitutis

228 2688 332 2715 suae.
395 2672 558 2729 EgeriS,
590 2687 664 2714 oro
698 2684 753 2723 te,
786 2672 954 2722 Cicero,
988 2670 1212 2726 perfeceris
1242 2669 1357 2725 quod
1392 2669 1520 2711 libet:
1555 2670 1656 2710 satis

226 2742 290 2771 est
316 2745 534 2786 perpessos
557 2744 667 2770 esse:
691 2730 876 2770 etiamne
896 2742 1015 2769 aures
1035 2736 1200 2767 nostras
1220 2726 1415 2767 onerabis
1437 2736 1509 2767 tuo
1531 2726 1657 2768 odio?

224 2788 410 2829 etiamne
445 2786 756 2827 molestissimis
792 2786 930 2827 verbis
970 2783 1258 2826 insectabere?
1297 2787 1324 2806 ⁴‘
1346 2781 1507 2824 Cedant
1540 2797 1655 2824 arma

222 2845 251 2866 ‘⁶‘
273 2851 388 2900 togae,
426 2843 615 2886 concedat
649 2842 789 2884 laurea
827 2841 1015 2899 lingnae-”
1087 2840 1220 2886 Quasi
1259 2854 1358 2882 vero
1391 2849 1579 2897 togatuS,
1611 2848 1656 2881 et
