1785 3185
215 107 313 142 1313
805 103 1061 142 ORATIO

215 205 282 246 M.
298 205 437 248 Iccius
461 207 665 258 Siciliam,
690 208 746 254 Q.
762 207 932 249 Cassius
958 205 1229 262 Hispaniam.
1253 218 1335 245 non
1359 203 1512 253 habeo,
1534 201 1640 257 quid

215 264 417 319 suspicer.
450 264 628 305 duarum
651 266 777 306 credo
800 265 1114 320 provinciarum
1138 274 1271 303 sortes
1301 261 1441 301 minus
1472 260 1642 300 divinas

136 318 196 364 11
215 319 358 362 fuisse.
420 320 460 361 O
483 321 535 362 C.
559 321 718 372 Caesar,
740 322 1070 375 (adolescentem
1089 319 1291 375 appello,)
1310 332 1436 373 quain
1461 326 1504 357 tu
1529 315 1640 356 salu-⁴

150 388 197 425 Ἢ·
217 387 299 417 tem
318 377 563 433 reipublicae
587 378 793 420 attulisti!
824 393 951 433 quam
976 378 1270 432 improvisam!
1303 389 1428 429 quam
1455 372 1642 428 repenti-

213 436 334 475 nam!
368 434 440 490 qui
462 436 575 476 enim
600 435 692 476 haec
714 434 882 490 fugiens
902 434 1064 483 feccrit,
1083 433 1184 487 quid
1209 432 1368 473 faceret
1391 432 1641 485 insequens?

210 492 367 532 etenim
390 493 430 532 in
449 493 656 533 concione
677 492 858 540 dixerat,
882 506 924 531 sc
945 489 1165 532 custodem
1190 489 1377 530 futurum
1397 487 1537 528 urbis:
1572 501 1641 526 us-

211 563 293 603 que
321 549 372 589 ad
396 548 610 590 Kalendas
635 548 776 588 Maias
799 548 851 588 ad
873 548 1022 588 urbem
1046 546 1280 586 exercitum
1304 545 1566 585 habiturum.
1599 542 1641 583 Ο

214 605 461 659 praeclarum
486 605 706 647 custodem
729 604 872 644 ovium
897 609 963 656 (ut
986 604 1126 651 aiunt)
1149 602 1318 657 lupum!
1349 611 1548 642 custosne
1570 615 1640 640 ur-

213 661 294 712 bis,
316 677 367 702 an
391 663 581 717 direptor
602 671 644 701 ct
668 671 845 702 vexator
875 672 985 701 esset
1016 659 1264 700 Antonius?
1308 658 1363 699 Et
1392 658 1562 712 quidem
1597 672 1643 697 se

79 735 109 766 p.
132 730 198 760 1139.
214 718 485 760 introiturum
504 719 545 760 in
566 719 728 768 urbem,
745 718 871 767 dixit,
890 717 1207 771 exiturumque,
1224 730 1320 756 cum
1342 714 1479 755 vellet.
1522 714 1638 762 Quid

168 775 343 817 ³·illud?
406 776 561 816 Nonne
592 775 791 815 audiente
825 774 996 830 populo,
1024 774 1172 814 sedens
1204 787 1282 828 pro
1312 772 1403 813 aede
1434 771 1640 822 Castoris,

213 833 340 884 dixit,
361 833 440 872 nisi
465 833 535 887 qui
561 832 747 882 vicisset,
771 831 982 873 victurum
1005 831 1248 871 neminem?

147 896 197 929 28
271 889 494 930 Hodierno
516 889 584 929 die
606 889 805 944 primum,
830 900 968 944 patres
991 886 1238 942 conscripti,
1262 886 1391 942 longo
1417 884 1642 926 intervallo

211 946 253 986 in
286 947 594 1001 possessionem
620 945 830 986 libertatis
862 945 1010 1000 pedem
1044 946 1269 1000 ponimus:
1313 944 1435 998 cujus
1466 942 1639 997 quidem

207 1017 304 1058 ego,
321 1003 461 1058 quoad
482 1003 716 1059 potui,non
743 1002 870 1042 modo
889 1001 1100 1050 defensor,
1120 1002 1189 1042 sed
1213 1001 1342 1041 etiam
1367 1008 1641 1041 conservator

206 1060 284 1100 fui.
317 1075 414 1100 cuin
437 1069 579 1100 autem
613 1060 653 1100 id
678 1058 816 1100 facere
838 1074 922 1099 non
948 1073 1130 1115 possem,
1151 1058 1292 1112 quievi
1315 1074 1323 1098 ;
1357 1072 1434 1098 nec
1457 1057 1642 1111 abjecte,

203 1131 284 1157 ncc
304 1118 393 1157 sinc
415 1116 556 1171 aliqua
578 1116 790 1171 dignitate
811 1131 956 1156 casum
980 1115 1097 1156 illum
1119 1125 1359 1169 temporum
1383 1123 1425 1154 ct
1447 1114 1638 1154 dolorem

206 1174 298 1215 tuli.
360 1173 488 1214 Hanc
510 1188 609 1213 vero
635 1174 908 1214 taeterrimam
931 1172 1112 1214 belluam
1137 1172 1231 1226 quis
1255 1172 1362 1212 ferre
1385 1180 1541 1227 posset,
1563 1179 1639 1210 aut

205 1231 453 1285 quomodo?
515 1230 632 1277 Quid
654 1240 719 1271 est
741 1231 782 1271 in
804 1230 998 1272 Antonio
1022 1239 1176 1285 praeter
1199 1228 1435 1278 libidinem,
1457 1226 1640 1268 crudeli-

207 1298 354 1338 tatem,
379 1287 673 1342 petulantiam,
696 1287 946 1328 audaciam?
991 1302 1043 1327 ex
1078 1287 1143 1326 his
1176 1295 1290 1327 totus
1316 1285 1638 1340 conglutinatus

206 1355 284 1385 cst.
324 1344 429 1386 nihil
452 1354 629 1401 apparet
650 1345 694 1384 in
727 1359 778 1386 eo
812 1345 1061 1400 ingenuum,
1084 1343 1190 1384 nihil
1227 1342 1508 1391 moderatum,
1532 1340 1639 1381 nihil

144 1416 194 1451 29
209 1402 386 1458 pudens,
409 1401 515 1442 nihil
539 1401 758 1457 pudicum.
798 1402 1087 1457 Quapropter,
1111 1400 1315 1455 quoniam
1338 1414 1402 1439 res
1425 1399 1466 1440 in
1489 1399 1529 1439 id
1553 1398 1644 1438 dis--

207 1459 368 1500 crimen
393 1459 579 1500 adducta
607 1470 686 1509 est,
716 1467 857 1499 utrum
888 1458 957 1499 ille
988 1472 1139 1514 poenas
1172 1456 1418 1512 reipublicae
1451 1456 1552 1506 luat,
1585 1469 1643 1496 an-

203 1531 281 1556 nos
324 1516 554 1557 serviamus
574 1533 583 1557 ε
632 1516 877 1570 aliquando,
911 1530 984 1572 per
1023 1515 1124 1555 deos
1158 1513 1442 1555 immortales!
1496 1521 1637 1568 patres

203 1573 452 1629 conscripti,
483 1573 669 1629 patrium
708 1574 898 1614 animum
937 1572 1223 1626 virtutemque
1262 1571 1496 1628 capiamus,
1535 1571 1575 1600 52
1591 1577 1639 1610 ut

203 1640 275 1671 aut
298 1630 536 1672 libertatem
573 1629 788 1686 propriam
815 1630 998 1670 Romani
1023 1629 1205 1684 generiS‚
1224 1637 1267 1669 et
1298 1627 1499 1678 nominis,
1519 1641 1640 1668 recu-

203 1701 413 1742 peremus,
436 1697 509 1728 aut
533 1698 713 1728 mortem
744 1688 940 1728 servituti
974 1696 1298 1741 anteponamus.
1360 1684 1518 1735 Multa,
1540 1699 1638 1739 quae

203 1745 247 1784 in
282 1744 416 1786 libera
445 1744 622 1786 civitate
660 1744 834 1785 ferenda
866 1758 950 1784 non
987 1753 1141 1793 essent,
1166 1742 1354 1793 tulimus,
1376 1752 1418 1783 et
1453 1744 1639 1797 perpessi

204 1816 382 1844 sumus:
415 1801 485 1842 alii
518 1816 592 1857 spe
623 1801 923 1857 recuperanda*
955 1800 1178 1850 libertam,
1200 1799 1271 1840 alii
1305 1799 1474 1840 vivendi
1507 1799 1642 1839 nimia.

204 1859 457 1914 cupiditate.
489 1859 578 1909 sed,
601 1859 634 1898 si
658 1859 728 1899 illa
748 1858 935 1908 tulimus,
967 1872 1062 1913 quae
1084 1872 1160 1897 nos
1184 1856 1412 1897 necessitas
1435 1856 1544 1896 ferre
1566 1870 1640 1896 co-

205 1916 314 1971 ὂςίῐ,
336 1919 485 1970 53quae
507 1915 567 1955 vis
591 1916 785 1970 quaedam
808 1929 929 1971 paene
951 1914 1116 1955 fatalis:
1149 1929 1244 1968 quae
1270 1923 1413 1954 tamen
1438 1913 1530 1968 ipsa
1551 1927 1638 1954 non

207 1973 407 2014 tulimus:
431 1973 617 2013 etiamne
633 1972 760 2028 hujus
775 1973 929 2028 impuri
950 1971 1124 2012 latronis
1143 1971 1325 2011 feremus
1341 1970 1635 2021 taeterrimum,

128 2027 192 2076 12
207 2029 632 2085 crudelissimumque
647 2030 944 2070 dominatum?
1003 2031 1040 2059 54
1058 2028 1174 2075 Quid
1194 2028 1265 2068 hic
1288 2027 1431 2078 faciet,
1454 2028 1486 2067 si
1512 2037 1638 2083 potu-

144 2099 197 2132 30
208 2087 302 2136 crit,
325 2087 471 2137 iratus,
492 2088 564 2141 qui
587 2101 684 2127 cum
709 2101 956 2127 succenserc
975 2085 1133 2126 nemini
1158 2094 1315 2141 posset,
1338 2085 1538 2125 omn-ibus
1563 2086 1639 2125 bo·

205 2144 271 2185 uis
290 2143 420 2185 fuerit
442 2144 669 2186 inimicus?
699 2144 801 2199 quid
820 2144 889 2184 hic
912 2144 1049 2184 victor
1071 2157 1154 2182 non
1178 2142 1367 2192 audebit,
1384 2141 1454 2197 qui
1478 2141 1636 2182 nullam

200 2201 380 2256 adeptus
405 2201 643 2252 victoriam,
666 2210 786 2242 tanta
812 2199 968 2241 scelera
989 2209 1085 2256 post
1108 2199 1291 2240 Caesaris
1323 2198 1542 2239 interitum
1575 2199 1639 2238 fe·

200 2258 336 2299 cerit?
367 2258 566 2298 refertam
588 2258 680 2313 ejus
697 2259 872 2299 domum
892 2257 1165 2298 exhauserit?
1199 2257 1344 2296 hortos
1364 2255 1637 2311 compilarit?

199 2315 253 2356 ud
276 2329 320 2355 se
334 2329 387 2355 ex
413 2315 477 2355 his
497 2316 642 2355 omnia
672 2324 919 2355 ornamenta
953 2313 1243 2354 transtulerit?
1272 2312 1402 2353 caedis
1424 2322 1467 2352 et
1488 2313 1637 2353 inccn-

199 2372 366 2413 diorum
391 2386 560 2413 causam
592 2373 810 2426 qliaesierit
831 2386 884 2412 ex
909 2371 1084 2412 sunere?
1117 2371 1284 2410 duobus
1314 2379 1388 2409 aut
1412 2369 1546 2410 tribus
1569 2384 1636 2410 se-

197 2438 322 2470 natus
343 2429 549 2469 consultis
575 2429 680 2470 bene
703 2439 745 2469 ct
763 2443 786 2469 e
810 2428 1027 2483 republica
1047 2427 1184 2477 factis,
1205 2427 1385 2481 reliquas
1410 2440 1472 2466 res
1494 2427 1546 2466 ad
1569 2426 1634 2467 lu-

196 2500 314 2529 crum
336 2485 610 2541 praedamque
630 2486 920 2526 revocaverit?
953 2484 1190 2525 vendiderit
1222 2483 1542 2525 immunitates?
1572 2483 1634 2524 ci-

196 2544 350 2584 vitates
372 2541 643 2583 liberaverit?
685 2543 927 2598 provincias
955 2542 1173 2582 universas
1203 2554 1255 2580 ex
1291 2540 1458 2596 imperii
1483 2540 1631 2596 populi

237 2681 275 2708 52
299 2683 335 2707 uc
352 2681 413 2707 aut
435 2676 502 2716 lia]
526 2676 569 2707 Ut
592 2676 682 2707 abest
705 2675 782 2706 Mss.
803 2676 837 2706 L.
853 2680 887 2706 et
929 2675 990 2712 dit,
1007 2675 1115 2704 nescio
1137 2684 1178 2704 au
1203 2685 1220 2705 e
1243 2674 1349 2704 libro:
1375 2673 1407 2704 id
1429 2679 1560 2704 secutus
1581 2679 1633 2705 est

196 2720 238 2749 Η,
256 2730 320 2749 non
338 2720 435 2749 male.
930 2718 1087 2747 (ii-atrius.
1116 2717 1220 2756 recepi
1243 2722 1275 2746 et
1303 2717 1382 2756 ipse,
1410 2717 1486 2755 quia
1513 2716 1629 2746 melius

236 2765 275 2792 53
298 2772 366 2801 qua
380 2763 428 2791 vis
442 2760 604 2801 quaedam]
623 2759 686 2790 Ms.
704 2760 811 2800 Huyd.
827 2761 888 2789 vis·
933 2759 1105 2799 respondet
1138 2759 1304 2798 sequenti:
1338 2758 1417 2797 quid
1445 2759 1496 2788 lu'c
1526 2759 1628 2788 victor

191 2803 333 2843 queq.f.
350 2814 414 2833 non
432 2803 527 2833 malc-
932 2811 996 2831 non
1014 2801 1173 2831 audebit?
1218 2800 1354 2831 Habent.
1376 2800 1455 2832 MSS.
1470 2800 1510 2831 L.
1526 2805 1560 2831 et
1584 2799 1629 2830 H.

235 2849 273 2876 54
290 2846 382 2886 ‚Quid
394 2843 576 2885 laicfacc'as]
593 2844 645 2875 Sio
660 2842 811 2875 Muretus
823 2843 889 2874 cdi·
932 2842 1178 2884 Vulgofaciah·
