1769 3174
642 96 707 134 IN
742 95 1054 136 VATINIUM.
1464 105 1559 144 1027

127 211 245 242 more
268 199 443 255 aquaria
463 200 686 257 provincia
705 208 820 241 sorte
840 200 1083 256 obtigisset,
1104 202 1314 244 missusne
1336 204 1391 244 sis
1414 219 1437 245 a
1460 220 1562 246 con-

127 255 217 297 sule
240 255 458 310 Puteolos,
481 266 529 299 ut
549 256 648 298 inde
668 270 818 298 aurum
841 258 1059 313 exportari
1083 268 1395 315 argentumque
1417 261 1563 317 prohi-

126 312 275 356 beres?
307 315 350 355 in
373 329 423 356 eo
445 315 636 371 negotio,
658 328 757 355 cum
781 323 822 354 te
842 328 931 356 non
952 316 992 345 ⁰2
1007 316 1230 356 custodem
1262 317 1315 357 ad
1338 319 1562 359 continen-

123 369 214 421 das,
237 371 310 413 sed
333 373 585 428 portitorem
619 371 671 411 ad
704 371 947 427 partiendas
978 387 1139 413 merces
1169 372 1344 414 missum
1376 385 1562 428 putares,

123 441 310 483 cumque
331 430 524 470 omnium
546 429 712 480 domos,
731 428 979 492 apothecas,
997 443 1140 481 naveS,
1157 429 1423 471 furacissime
1445 447 1561 473 scru-

124 493 274 536 taiere,
296 485 577 542 hominesque
598 485 820 542 negotiao
796 495 989 527 (serentes
1005 486 1212 542 judiciis
1204 488 1482 542 iniquissimis
1507 490 1560 529 ir-

122 542 286 594 retum,
308 554 564 584 mercatores
591 558 614 584 e
646 558 740 584 navi
765 543 1032 599 egredientes
1055 553 1246 596 terrereS,
1268 545 1560 586 conscenden-

122 606 187 639 tes
217 614 454 642 morathre
446 618 454 625 ·
489 613 685 642 teneasne
717 600 939 652 memoria,
963 601 1072 642 tibi
1065 616 1106 642 in
1128 611 1344 643 conxentu
1366 601 1558 643 Puteolis

119 669 272 697 manus
303 672 393 699 esse
426 658 600 699 allatas?
631 657 683 698 ad
716 672 784 698 me
805 660 1024 700 consule-n
1049 657 1386 700 Puteolanorum
1408 673 1558 714 quere-

117 711 178 753 las
199 727 290 755 esse
311 715 439 756 delat
441 718 499 756 ts?
533 713 639 755 Post
656 729 731 770 qu
718 724 919 755 aesturam
940 716 1152 757 exierisne
1174 716 1339 772 legatus
1372 717 1415 757 in
1451 716 1557 757 ulte-

117 769 273 812 liorem
298 771 570 828 Hispaniam,
595 771 646 813 C.
671 771 888 813 Cosconio
909 773 1192 828 proconsule?
1222 788 1322 815 cum
1352 773 1454 815 illud
1479 774 1556 815 iter
1568 776 1604 810 b·

121 826 412 884 Hispaniense
443 829 623 885 pedibus
658 829 745 870 fele
775 829 930 870 confici
965 830 1112 882 soleat,
1136 839 1225 881 aut,
1257 831 1290 871 si
1313 832 1408 886 quis
1439 832 1559 872 navi-

116 899 220 941 gare
240 887 355 938 velit,
372 897 487 928 celta
507 888 561 927 sit
579 886 689 927 latio
709 887 966 943 navigandi:
992 888 1211 929 venerisne
1235 886 1277 929 in
1302 888 1561 942 Sardiniam,

118 952 248 998 atque
282 919 380 985 inde
415 945 457 984 in
479 943 701 986 Africam?
733 943 934 996 fuerisne,
957 947 996 977 23
1010 946 1126 1001 quod
1160 947 1250 986 sine
1282 954 1560 988 senatuscon-

119 1001 231 1043 sulto
254 1002 333 1043 tibi
366 1001 506 1042 facere
536 1015 622 1041 non
653 1001 790 1053 licuit,
813 1002 857 1042 in
891 1016 1024 1058 regno
1049 1002 1342 1059 Hiempsalis?
1373 1002 1560 1045 fuerisne

116 1058 161 1100 in
193 1073 326 1115 regno
359 1058 675 1100 Mastanesosi?
708 1060 928 1100 venerisne
937 1037 1013 1101 0ad
1045 1060 1202 1102 fretum
1239 1075 1312 1116 pet
1344 1059 1559 1102 Maurita-

115 1117 260 1158 niam?
291 1131 418 1172 quem
441 1117 549 1158 scias
572 1131 776 1180 umquam
797 1116 987 1172 legatum
1012 1117 1346 1174 Hispaniensem
1369 1118 1462 1159 istis
1487 1118 1559 1160 iti-

113 1174 319 1216 neribus
310 1189 354 1215 ln
377 1174 492 1215 illam
516 1188 784 1230 provmciam
806 1175 1070 1230 pervenisse.
1064 1178 1075 1206 Ρ

174 1230 330 1273 Factus
364 1247 407 1273 es
440 1232 636 1272 tribunus
666 1231 803 1287 piebis
835 1232 958 1287 (quid
990 1232 1105 1274 enim
1129 1241 1172 1273 te
1205 1232 1257 1273 de
1293 1231 1555 1289 Hispanien-
1569 1232 1618 1270 13

115 1288 233 1330 sibus
284 1289 461 1345 flagitiis
503 1290 603 1340 tuis,
645 1289 1033 1345 sordidissimisque
1080 1289 1204 1331 furtis
1247 1290 1507 1346 interrogem
1524 1294 1557 1342 ?)

114 1348 315 1401 ²4quaero
348 1347 423 1387 abs
455 1355 497 1387 te
530 1347 731 1403 primum,
752 1347 867 1412 quod
900 1361 1034 1403 genus
1069 1347 1360 1410 improbitatis
1395 1356 1440 1389 et
1467 1362 1559 1390 sce-

112 1402 242 1444 leris
234 1418 276 1445 in
295 1418 345 1445 eo
364 1404 618 1461 magistratu
641 1404 992 1460 praetermiseris?
1023 1404 1090 1445 Ac
1112 1405 1191 1445 tibi
1208 1419 1302 1459 jam
1326 1405 1424 1446 iude
1447 1421 1557 1462 prae-

113 1461 270 1512 scribo,
293 1464 333 1492 25
348 1476 400 1503 ne
423 1472 517 1503 tuas
548 1462 692 1503 sordes
714 1476 814 1504 cum
836 1461 1169 1503 clarissimorum
1197 1463 1383 1503 virorum
1415 1463 1556 1519 splen-

111 1517 215 1559 dore
247 1519 517 1574 permisceas,
579 1518 675 1576 Ego
698 1527 756 1570 te,
777 1533 1062 1575 quaecumque
1095 1519 1274 1575 rogabo,
1306 1519 1358 1560 de
1389 1528 1431 1561 te
1463 1521 1556 1577 ipso

111 1577 292 1632 rogabO,
316 1591 453 1633 neque
478 1586 518 1618 te
539 1576 579 1608 26
592 1591 646 1618 ex
670 1576 923 1633 amplissimi
946 1577 1026 1618 vrri
1048 1576 1277 1632 dignitate,
1297 1576 1369 1618 sed
1393 1592 1445 1618 ex
1472 1579 1555 1619 tuis

510 1668 532 1685 O

108 1754 194 1781 sorte
216 1749 392 1789 obtigisset]
419 1749 549 1781 Durum
567 1754 629 1787 est,
644 1750 744 1780 verbo
758 1750 812 1780 ob-

108 1793 234 1831 tigisset
263 1793 335 1824 addi
364 1793 445 1822 duos
472 1793 640 1823 ablativos.
686 1792 809 1823 Delen-

109 1834 187 1865 dum
202 1840 253 1866 est
266 1840 362 1871 sorte,
378 1834 465 1874 quod
479 1840 513 1865 et
528 1835 604 1866 alibi
618 1836 806 1866 omittitur:

106 1882 222 1917 estque
245 1888 265 1908 a
288 1878 478 1917 glossatore.
501 1877 540 1908 de
566 1887 600 1908 re
615 1887 645 1908 v.
662 1878 753 1909 Clav.
771 1878 806 1908 in

107 1921 261 1960 aquaria.

151 1965 192 1994 22
200 1962 361 1993 custodem
372 1961 417 1992 ad
430 1961 652 1999 continendas,
665 1962 807 2003 sedpor-

104 2005 236 2035 litarem
258 2005 304 2034 ad
320 2009 413 2044 part.
439 2004 498 2043 m.]
524 2005 577 2034 Ad
597 2006 808 2036 continendas

105 2046 128 2077 i.
151 2057 179 2078 e.
204 2047 403 2083 retinendas,
427 2047 453 2076 si
476 2051 585 2077 essent
609 2047 642 2079 in
668 2057 748 2077 auro
771 2052 806 2078 et

104 2097 255 2129 argeum.
301 2090 364 2120 Pro
382 2090 575 2129 portitorem
596 2088 667 2119 edd.
691 2089 731 2120 R.
747 2091 803 2121 ΒΓ.

108 2130 199 2164 1480.
227 2131 317 2162 Med.
343 2133 439 2163 Junt.
463 2132 671 2170 punitorem.
716 2132 805 2163 Illud

103 2174 154 2205 ed.
177 2174 231 2205 W.
259 2175 335 2205 Ald
359 2179 394 2205 et
417 2178 548 2204 ceterae.
592 2175 677 2204 Sane
697 2175 803 2214 porti-

103 2220 188 2248 tores
212 2226 281 2248 non
304 2217 350 2248 ad
365 2216 559 2257 partiendas
581 2226 702 2247 merces
725 2217 802 2248 mit-

103 2262 242 2290 tuntur.
265 2265 300 2291 et
318 2269 379 2299 ego
395 2263 569 2301 propterea
582 2258 661 2289 olim
683 2259 716 2289 in
742 2259 803 2290 hoc

104 2300 177 2332 loco
205 2302 304 2333 haesi.
328 2303 465 2332 verbum
493 2306 606 2331 autem
629 2302 804 2340 partitoris

101 2344 258 2384 exprimit
270 2345 421 2375 Graecum
435 2355 550 2386 praetem
567 2343 602 2374 in
616 2343 753 2374 Glossis.
768 2349 803 2376 et

101 2385 138 2415 in
159 2386 256 2417 Thes.
273 2387 446 2427 Stephani,
462 2387 564 2416 etiam
583 2385 635 2416 ed.
651 2386 801 2424 Gesneri,

103 2427 157 2459 hic
177 2428 269 2459 locus
285 2398 451 2460 Citieronis
475 2428 611 2458 affertur
629 2437 688 2468 pro
704 2429 801 2459 verbo

100 2469 176 2508 hoc,
214 2472 284 2502 sine
317 2471 557 2508 admonitione,
585 2474 623 2500 ut
659 2471 802 2502 vicissim

101 2514 171 2552 ejus
198 2513 350 2545 lectionis
380 2513 473 2544 nulla
499 2513 625 2543 mentio
651 2512 687 2542 in
713 2514 800 2543 notis

101 2555 266 2589 editorum
290 2556 331 2587 ad
351 2555 386 2588 h.
403 2556 426 2587 l.
472 2556 505 2585 Si
527 2555 670 2595 portitor
683 2565 797 2586 verum

99 2601 162 2634 est,
179 2599 320 2629 refertur
341 2598 382 2629 ad
400 2598 572 2629 avaritiam
587 2597 799 2637 portitorum,

100 2643 136 2670 et
149 2640 283 2679 injurias
297 2642 332 2672 in
347 2646 555 2672 mercatores.
579 2640 641 2670 Sed
653 2641 801 2680 partitor

99 2682 314 2722 praetulerim.

140 2725 182 2755 23
196 2725 282 2773 quod
292 2727 362 2756 sine
376 2725 404 2755 S
409 2724 463 2756 Ceo
478 2725 537 2755 ἀρ.
539 2723 553 2764 ]
577 2722 706 2764 Nempe
729 2733 796 2754 non

98 2764 220 2797 licebat
245 2767 292 2798 ire
317 2772 412 2798 extra
436 2766 566 2807 imperii
590 2765 688 2797 Rom.
714 2766 796 2797 fines

102 2807 313 2847 magistratui
336 2809 529 2851 provinciali
555 2808 680 2848 injussu
701 2817 794 2839 sena-

102 2853 169 2888 tus,
186 2854 224 2881 ut
236 2856 330 2892 patet
344 2863 384 2883 ex.
398 2851 457 2884 Or.
472 2852 506 2882 in
518 2849 630 2882 Pison.
645 2849 684 2881 de
701 2850 796 2881 Prov.

855 1750 956 1781 cons.

896 1794 937 1823 24
951 1801 1057 1831 quoero
1071 1792 1128 1823 abs
1142 1796 1172 1823 te
1194 1793 1354 1828 universe,
1373 1802 1402 1832 q.
1415 1791 1470 1831 gn]
1488 1793 1555 1824 Abs

852 1837 884 1864 te
905 1835 1054 1865 universe
1078 1836 1169 1865 abest
1191 1835 1230 1864 ab
1253 1834 1317 1865 Ms.
1341 1834 1411 1864 Erf.
1435 1833 1554 1867 Franc.

850 1877 970 1916 primo,
995 1877 1066 1907 edd.
1091 1877 1132 1908 R.
1153 1877 1208 1908 W.
1228 1880 1318 1908 1480.
1342 1876 1429 1907 Med.
1451 1877 1552 1908 dunt.

851 1921 909 1949 ὄις.
961 1919 1117 1950 Universe
1138 1920 1172 1949 in
1195 1919 1289 1949 bonis
1312 1919 1403 1949 libris
1428 1918 1492 1959 legi
1518 1925 1553 1950 et

850 1962 1074 2002 recipiendum
1094 1971 1162 1992 esse
1186 1961 1269 1992 dixit
1289 1961 1464 1992 Turnebus
1486 1961 1552 1992 Ad.

849 2012 932 2034 vers.
951 2004 1045 2041 XXI,
1073 2006 1120 2034 ll.
1145 2003 1200 2034 sed
1222 2004 1278 2042 qui
1304 2003 1353 2033 illi
1376 2004 1452 2034 boni
1475 2004 1551 2035 libri

848 2051 970 2083 essent,
994 2056 1061 2076 non
1084 2046 1177 2077 dixit.
1221 2046 1356 2087 Reperit
1377 2050 1491 2076 tamen
1515 2047 1551 2077 in

848 2087 912 2119 Ms.
930 2090 962 2119 S.
977 2089 1119 2120 Victoris
1135 2089 1307 2120 Gruterus.
1352 2087 1435 2118 Mihi
1451 2089 1507 2119 abr
1519 2093 1550 2119 te

847 2130 997 2162 additum
1025 2131 1154 2161 videtur
1189 2141 1206 2160 e
1234 2131 1474 2172 superioribus:
1513 2136 1547 2162 et

846 2174 996 2204 universe
1017 2174 1102 2213 sapit
1126 2172 1279 2213 glossam,
1302 2178 1416 2212 estque
1439 2182 1489 2203 res
1513 2174 1548 2204 iu

847 2216 951 2246 verbis
965 2217 1050 2256 quod
1060 2225 1177 2254 genas.
1219 2215 1327 2255 Igitur
1341 2221 1486 2246 veterem
1501 2214 1547 2245 le-

847 2258 992 2289 ctionem
1006 2258 1148 2296 restitui‚
1162 2266 1236 2297 quae
1249 2262 1284 2289 et
1294 2258 1424 2289 Graevio
1439 2257 1546 2298 placeo

846 2299 914 2330 bat.

891 2345 931 2374 25
953 2352 993 2372 ne
1022 2346 1097 2373 tuas
1125 2342 1232 2373 sordes·
1260 2342 1545 2381 cum—splendore

838 2385 1051 2424 permisceas]
1077 2385 1144 2421 Ne,
1165 2394 1237 2424 quae
1259 2393 1319 2415 tua
1341 2385 1439 2414 unius
1462 2386 1542 2421 sint,

845 2436 919 2457 cum
941 2427 1127 2457 clarissimis
1150 2427 1226 2458 viris
1249 2427 1484 2463 eommunices,
1509 2436 1545 2457 et

843 2478 898 2499 eos
922 2470 957 2499 in
983 2470 1174 2500 societatem
1196 2469 1381 2500 facinorum
1406 2472 1542 2499 tuorum

843 2521 949 2542 voces.

885 2554 927 2585 ‘26
939 2564 979 2584 ea·
992 2554 1185 2594 amplissimi
1199 2554 1264 2583 viri
1281 2553 1541 2592 dignitate—ex-

842 2597 992 2636 traham]
1021 2596 1175 2636 intellige
1198 2597 1374 2632 Caesarem,
1398 2604 1540 2633 quocum

841 2637 995 2669 Vatinius
1017 2639 1164 2669 facinora
1185 2647 1244 2668 sua
1259 2636 1539 2672 communicabat,

840 2681 909 2720 ejus
917 2683 1026 2721 ¹jussu,
1041 2680 1163 2711 auxilio
1177 2680 1266 2710 facta
1280 2679 1419 2709 dicebat.
1450 2678 1539 2717 Ergo

839 2732 952 2754 sensus
987 2726 1056 2754 est:
1094 2732 1161 2753 non
1186 2721 1372 2757 ostendam,
1401 2730 1474 2759 quae
1500 2726 1538 2751 tu

839 2774 915 2796 cum
942 2767 1071 2797 Caesare
1098 2764 1341 2794 communicare
1378 2762 1474 2798 soles,
1500 2773 1539 2794 ea

838 2811 898 2839 tua
913 2809 1010 2838 unius
1032 2815 1113 2844 esse,
1130 2815 1170 2836 ne
1195 2805 1289 2835 iilum
1314 2805 1478 2844 attingere
1499 2815 1538 2835 ac

840 2850 1013 2881 nominare
1043 2857 1172 2880 necesse
1201 2847 1358 2879 habeam:
1382 2847 1438 2877 sed
1464 2855 1536 2886 quae

717 2898 842 2934 Sx4
