1785 3185
296 107 396 142 3414
869 109 1116 148 ORATIO

292 219 391 248 nem
414 221 499 249 non
519 223 687 263 vereorg
720 208 925 267 impetum
952 214 1219 269 pertimesco.
1281 213 1391 257 Haec
1412 231 1581 273 quoque
1603 219 1714 275 peri-

292 264 390 305 cula
411 274 529 306 tanta
550 266 584 306 si
605 265 810 323 effugero,
839 271 994 310 satisne
1029 280 1164 312 tutum
1199 271 1378 313 reditum
1406 276 1562 328 putatis
1593 277 1713 319 fore?

295 320 407 362 Cum
429 322 542 363 enim
564 333 607 364 et
625 335 761 366 vestra
779 327 1046 376 auctoritate,
1069 337 1108 367 et
1130 343 1224 369 meo
1247 343 1314 369 me
1335 344 1450 371 more
1469 331 1712 384 defendero,

291 383 337 418 et
357 391 493 419 meam
520 379 642 421 fidem
667 382 910 437 reipublicae
934 384 1302 439 constantiamque
1325 387 1588 440 praestiter03
1621 397 1710 429 turn

290 443 417 475 erunt
438 435 542 476 mihi
567 451 650 478 non
673 437 716 478 hi
738 438 887 490 solum,
906 440 977 492 qui
1002 454 1069 480 me
1087 440 1282 491 oderunt,
1305 442 1375 483 sed
1400 443 1456 483 illi
1475 444 1618 493 etiam,
1639 446 1713 500 qui

290 490 498 544 invident,
521 495 842 536 extimescendi.
904 495 1182 537 Custodiatur
1201 497 1332 552 igitur
1354 512 1447 539 mea
1467 494 1553 542 {ita
1575 501 1715 557 reipu-

290 547 434 599 blicae‚
456 563 603 604 eaque,
625 551 766 606 quoad
789 551 853 592 vel
875 551 1062 607 dignitas
1085 553 1147 593 vel
1173 564 1322 594 natura
1345 556 1540 609 patietur,
1566 558 1715 612 patriae

288 615 546 648 reservetur:
588 621 700 648 mors
736 616 877 648 autem
916 608 1210 650 necessitatem
1245 610 1399 652 habeat
1433 611 1524 662 fati,
1557 623 1644 665 aut,
1678 614 1713 654 si

287 670 386 702 ante
417 664 659 718 oppetenda
690 672 766 714 est,
797 675 1028 720 oppetatur
1058 680 1152 706 cum
1187 667 1336 722 gloria.
1398 667 1508 709 Haec
1532 684 1627 710 cum
1653 671 1713 711 ita

286 718 386 769 sint,
419 720 497 759 etsi
531 719 641 761 hauc
671 719 927 776 legationem
961 723 1212 777 respublica,
1244 731 1291 763 ut
1322 723 1531 765 levissime
1557 726 1712 776 dicam,

284 785 370 815 non
396 774 629 827 desiderat3
662 787 817 827 tamen,
841 779 873 818 si
898 788 990 819 tuto
1014 777 1159 820 licebit
1179 780 1251 829 ire,
1276 780 1533 835 proficiscar.
1560 781 1712 823 Omni-

283 843 356 881 no,
382 843 519 886 patres
542 834 789 888 conscripti,
814 844 949 875 totum
971 835 1149 890 hujusce
1171 836 1228 877 rei
1246 837 1469 878 consilium
1493 852 1577 879 non
1602 841 1712 895 peri-

226 902 230 906 ’
284 888 381 929 culo
403 903 514 939 mco,
537 889 609 931 sed
632 890 817 932 utilitate
840 891 1085 947 reipublicae
1110 893 1273 934 metiar.
1298 894 1349 934 de
1371 909 1454 948 qua
1477 895 1580 935 mihi
1603 910 1709 951 quo-

282 944 397 985 niam
421 945 599 987 liberum
623 955 686 987 est
709 948 909 1002 spatium,
939 948 1134 1000 multum,
1157 950 1283 990 etiam
1308 963 1435 1005 atque
1456 951 1583 992 etiam
1606 967 1708 993 con-³

283 1001 551 1043 siderandum
577 1012 698 1058 pum,
717 1003 845 1059 idque
867 1005 1135 1059 potissimum
1158 1006 1416 1059 faciendum,
1438 1009 1552 1063 quod
1571 1010 1708 1050 maxi-

282 1071 351 1099 me
373 1059 575 1100 interesse
598 1060 845 1117 reipublicae
862 1061 1129 1117 judicavero.

149 1248 268 1288 2246.
584 1245 652 1292 M.
705 1244 966 1293 TULLII
1011 1246 1425 1293 CICERONIS

964 1361 1007 1385 IN

358 1435 452 1501 M.
567 1435 623 1497 A
706 1436 769 1501 N
850 1436 908 1500 'I‘
988 1437 1047 1500 Ο
1132 1436 1199 1501 N
1279 1435 1310 1500 Ι
1391 1435 1456 1502 U
1537 1435 1614 1501 M

420 1552 876 1607 PHILIPPICA
922 1553 1557 1609 TERTIADECIMA.

373 1664 601 1702 ORATlo
656 1665 887 1705 QUINTA
946 1665 1020 1702 ET
1072 1665 1595 1705 QUINQUAGESIMA.

780 1841 1121 1879 ARGUMENTU
1127 1841 1182 1878 M.

267 1914 454 1953 Sententia
473 1914 516 1948 de
533 1913 717 1948 mittendis
736 1914 864 1947 iterum
890 1912 1018 1958 legalis
1036 1909 1118 1956 jam
1145 1909 1294 1956 abjecta,
1321 1922 1446 1957 pacem
1474 1910 1613 1953 laudat,
1637 1912 1699 1948 sed

317 1977 396 2002 eam.
416 1977 494 2001 cum
512 1966 670 2000 Antonio
690 1968 796 2011 negat
814 1964 927 1999 ullam
945 1975 1016 1998 esse
1040 1974 1151 2010 posse.
1207 1962 1355 1997 Recitat
1377 1967 1411 1997 et
1436 1964 1697 2009 interpretatur

316 2019 470 2054 Antonii
489 2017 630 2052 litteras
658 2017 706 2052 ad
732 2016 896 2051 Hirtium
927 2016 1168 2061 Coesaremque
1195 2015 1330 2049 missas.
1387 2013 1535 2049 Servilii
1557 2019 1698 2050 senten·

316 2072 407 2106 tiam
424 2069 552 2116 probat
571 2069 613 2104 (Ie
633 2069 813 2104 mandatis
831 2067 1031 2115 litterisque
1050 2066 1102 2102 M.
1123 2065 1267 2113 Lepidi,
1289 2067 1337 2101 ad
1350 2078 1476 2113 pacem
1506 2066 1696 2102 cohortan-

317 2123 376 2157 tis.
434 2120 531 2156 Sext.
561 2120 787 2168 Pompeium,
817 2121 912 2167 quod
937 2131 1039 2155 suam
1066 2130 1268 2164 eorumque,
1299 2129 1385 2165 quos
1407 2129 1523 2153 secum
1542 2117 1698 2160 haberet,

315 2185 461 2220 operam,
478 2173 620 2208 senatui
636 2171 840 2220 populoque
859 2171 1023 2206 Romano
1040 2171 1225 2218 pollicitus
1239 2174 1339 2211 esset,
1355 2169 1409 2205 vel
1423 2181 1461 2204 eo
1481 2169 1518 2206 S.
1542 2169 1579 2204 C.
1601 2171 1696 2217 quod

314 2227 352 2260 in
372 2225 519 2261 Servilii
534 2226 749 2260 sententiam
773 2224 815 2258 cle
843 2222 972 2270 Lepidi
1003 2223 1133 2258 litteris
1150 2221 1272 2271 fieret,
1304 2222 1358 2256 vel
1373 2222 1522 2268 proprio
1542 2221 1695 2257 laudan-

315 2275 399 2312 dum
418 2289 489 2312 esse
509 2280 634 2312 censet.
690 2276 740 2311 Et
763 2276 836 2311 hcec
860 2275 1002 2310 absente
1029 2275 1152 2310 Pansa
1178 2273 1332 2314 consule,
1362 2274 1424 2320 qui
1451 2274 1499 2308 ad
1523 2273 1696 2321 collegam

314 2329 479 2364 Hirtium
499 2333 533 2364 et
551 2328 722 2364 Caesarem
742 2339 822 2363 cum
841 2328 885 2362 iis
904 2327 1028 2375 copiis,
1050 2338 1137 2374 quas
1153 2326 1226 2374 ipse
1241 2336 1282 2360 ea:
1297 2325 1434 2360 delectu
1449 2329 1693 2372 compararat,

312 2392 379 2428 pro
372 2379 496 2429 sectus
522 2384 612 2416 erat.

217 2458 243 2504 1
267 2449 321 2511 A
349 2461 676 2505 PRINCIPIO
706 2461 831 2517 hujus
856 2461 970 2510 belli,
1004 2471 1143 2517 patres
1171 2459 1418 2514 conscripti,
1445 2458 1558 2522 quod
1591 2472 1688 2500 cum

226 2522 403 2578 limpiis
444 2520 624 2571 civibus,
671 2518 1097 2573 lconsceleratisque‚
1140 2516 1417 2572 suscepimus,
1461 2515 1599 2567 timui,
1636 2530 1688 2556 ne

256 2635 402 2667 Fert-ario
417 2646 434 2665 e
455 2634 533 2665 Mss.
555 2633 725 2664 inductum
747 2642 806 2673 pro
827 2633 949 2670 cogita·
992 2629 1076 2669 quod
1096 2633 1129 2660 et
1152 2628 1325 2659 collocatio
1345 2628 1559 2676 Ciceroniana
1575 2628 1686 2658 verbo-

252 2680 351 2708 tiones
379 2676 463 2715 quod
479 2681 555 2706 ante
569 2675 736 2706 edebatur.
782 2674 872 2704 Idem
893 2673 947 2703 ba·
993 2673 1107 2701 borum
1134 2676 1167 2701 et
1192 2669 1392 2701 consuetudo
1418 2679 1450 2699 in
1481 2670 1542 2700 hoc
1570 2679 1687 2717 genere

252 2721 329 2751 bent
346 2701 453 2750 &ut-if.
474 2718 582 2758 lluyd.
992 2714 1113 2744 docuit.
1150 2713 1290 2743 Dixisset
1307 2713 1384 2751 imp.
1401 2714 1530 2742 conscel.
1548 2713 1685 2742 civibus:

295 2765 305 2792 Ι
332 2760 624 2800 consceleratisque]
650 2759 769 2799 Recepi
791 2759 852 2788 hoc·
869 2767 942 2787 vum
987 2755 1102 2787 deinde
1119 2754 1203 2784 cives
1222 2755 1435 2802 hominesque
1450 2753 1533 2783 solet
1548 2755 1685 2801 conjun·

245 2805 374 2836 Graevio
395 2813 452 2844 pro
475 2804 585 2838 sceler,
609 2801 694 2841 quod
714 2808 761 2831 cst
783 2802 814 2829 in
831 2800 941 2838 vnlgg.
987 2807 1061 2836 gere
1085 2797 1201 2844 ”Ktsffi
1225 2806 1270 2827 ro.
1314 2796 1367 2826 Sic
1383 2805 1488 2843 ’mon
1522 2797 1606 2843 rzzlzzl
1631 2796 1688 2845 litte

242 2847 298 2878 sed
322 2848 390 2877 sinc
415 2845 513 2876 dubio
537 2843 721 2874 addendum
750 2842 940 2878 hominibus,
986 2841 1065 2877 cive,
1099 2840 1183 2868 nzhzl
1214 2839 1270 2869 hoc
1303 2839 1430 2869 homme
1461 2840 1585 2868 temus.
1633 2837 1687 2868 Sic
