1812 3147
255 104 331 142 786
846 98 1097 137 ORATIO

259 212 303 242 et
333 202 551 244 eeleritate
582 202 809 253 scribendi,
839 202 1055 253 facillime,
1082 215 1179 257 quae
1210 200 1469 248 dicerentur,
1496 202 1691 258 persequi

294 274 410 301 osse:
445 258 497 300 C.
524 260 802 310 Cosconium,
825 260 898 315 qui
932 269 1036 301 tunc
1068 268 1160 300 erat
1192 268 1377 313 praetor:
1410 256 1478 298 M.
1511 258 1694 300 Messal-

261 274 363 366 Fam,
385 317 458 372 qui
483 327 570 357 tum
596 328 825 372 praeturam
850 317 1047 373 petebat:
1082 316 1132 358 P.
1159 315 1401 370 Nigidium,
1425 312 1540 371 App.
1565 315 1696 358 Clau-

266 373 400 414 dium.
462 373 603 414 Credo
633 388 723 414 esse
754 375 983 424 neminem,
1016 373 1089 428 qui
1120 372 1186 413 his
1216 371 1478 423 hominibus,
1510 372 1563 414 ad
1598 387 1696 415 vere

188 431 254 481 15
269 430 550 481 referendum,
572 440 645 471 aut
668 431 794 471 fidem
818 440 955 486 putet,
976 441 1050 470 aut
1072 429 1294 485 ingenium
1316 427 1515 470 defuisse.
1577 430 1697 476 Quid

267 488 445 529 deinde?
483 488 585 542 quid
626 487 733 528 feei?
774 502 870 528 cuin
906 487 1073 536 scirem,
1107 487 1168 526 ita
1200 485 1407 527 indicium
1448 485 1492 526 in
1529 486 1696 528 tabulas

267 545 460 601 publicas
485 544 678 594 relatum,
701 553 748 584 ut
777 546 817 574 48
835 543 917 584 illae
943 543 1101 584 tabulae
1126 543 1292 598 privata
1314 552 1456 583 tamen
1484 544 1695 594 custodia,

268 617 386 643 more
418 601 645 655 majorum,
674 599 1020 641 continerentur:
1065 614 1150 640 non
1182 599 1412 648 occultavi,
1438 615 1523 641 non
1557 601 1698 642 conti-

267 659 342 699 nui
365 659 497 708 domi,
520 658 591 698 sed
613 657 795 698 describi
822 660 863 691 ⁴9
877 658 930 697 ab
953 656 1152 697 omnibus
1175 656 1319 696 statim
1343 655 1540 707 librariis,
1561 657 1698 698 dividi

267 716 426 772 passim
456 725 499 757 et
527 713 766 770 pervulgari
799 723 925 768 atque
953 713 1020 754 edi
1053 713 1212 769 populo
1244 712 1442 754 Romano
1474 714 1698 769 imperavi.

269 773 395 813 divisi
421 772 498 812 toti
531 770 683 822 Italiae,
715 771 955 811 50e1nisiin
986 785 1133 811 omnes
1165 769 1432 826 provincias:
1464 770 1557 826 ejus
1589 771 1700 812 indi-

273 830 345 881 cii,
367 845 390 870 e
411 844 496 884 quo
521 829 630 869 salus
653 827 797 868 oblata
827 836 938 873 esset
960 827 1176 877 omnibus,
1198 836 1421 882 expertem
1450 842 1541 869 esse
1566 828 1700 869 nemi-

211 888 260 922 43
276 901 371 927 nem
399 886 527 927 volui.
587 884 739 939 Itaque
761 885 874 934 dico,
896 884 1037 924 locum
1069 884 1113 924 in
1134 885 1238 925 orbe
1260 893 1464 926 terrarum
1496 899 1586 926 esse
1609 885 1703 926 nul-

272 943 376 993 lum,
403 957 488 998 quo
520 943 563 983 in
595 941 690 988 loco
721 940 869 997 populi
909 940 1093 981 Romani
1124 955 1280 981 nomen
1318 941 1387 992 sit,
1417 942 1521 997 quin
1551 942 1703 983 eodem

272 1000 558 1056 perscriptum
599 999 683 1040 hoc
714 998 919 1039 indicium
964 998 1218 1054 pervenerit.
1281 996 1330 1038 In
1365 1013 1450 1053 quo
1491 1013 1574 1055 ego
1616 1012 1704 1041 tam

274 1058 433 1107 subito,
455 1056 704 1112 etexiguo,
727 1065 770 1096 et
801 1055 973 1102 turbido
1008 1065 1200 1111 tempore
1231 1054 1366 1096 multa
1395 1056 1617 1107 divinitus,
1645 1057 1706 1097 ita

273 1123 322 1154 ut
352 1114 459 1165 dixi,
485 1128 570 1154 non
602 1127 698 1154 mea
728 1122 895 1168 sponte,
919 1112 1112 1168 providi:
1145 1111 1346 1168 primum,
1374 1126 1427 1153 ne
1457 1113 1530 1168 qui
1563 1122 1707 1169 posset

275 1180 443 1212 tantum
474 1179 547 1211 aut
579 1170 631 1210 de
661 1170 909 1226 reipublicae
937 1179 1011 1210 aut
1040 1169 1092 1210 de
1122 1169 1303 1224 alicujus
1336 1169 1526 1225 periculo
1555 1171 1706 1212 memi-.

276 1228 404 1278 nisse,
426 1238 635 1282 quantum
669 1226 816 1268 vellet:
849 1227 1017 1277 deinde,
1047 1241 1098 1273 ne
1129 1226 1197 1268 cui
1229 1226 1377 1268 liceret
1408 1241 1609 1282 umquam
1642 1241 1707 1268 re-

280 1285 541 1340 prehendere
563 1284 665 1325 illud
693 1284 914 1334 indicium,
937 1294 1011 1325 aut
1042 1293 1199 1324 temere
1219 1283 1430 1324 creditum
1460 1285 1676 1326 criminari
1698 1302 1709 1326 ε

282 1353 513 1397 postremo,
532 1356 585 1383 ne
607 1341 710 1396 quid
727 1341 821 1396 jam
842 1356 867 1381 a
890 1355 972 1391 me,
992 1355 1045 1381 ne
1065 1341 1169 1395 quid
1192 1354 1244 1381 ex
1265 1341 1370 1381 meis
1393 1342 1713 1383 commentariis

237 1405 268 1434 b.
282 1409 565 1454 quaereretur:
599 1413 651 1438 ne
683 1407 756 1439 aut
783 1397 998 1439 bloblivio
1021 1406 1233 1448 mea,'aut
1259 1398 1480 1449 memoria,
1502 1399 1717 1440 videretur

282 1456 438 1497 nimia:
471 1471 523 1496 ne
554 1456 739 1510 denique
769 1465 843 1496 aut
873 1455 1152 1511 negligentia,
1184 1455 1335 1510 turpis,
1366 1466 1441 1496 aut
1473 1455 1713 1512 diligentia,

219 1530 269 1562 44
282 1513 462 1554 crudelis
501 1522 738 1569 putaretur.
799 1512 882 1553 Sed
915 1522 1056 1553 tamen
1088 1513 1163 1553 abs
1195 1521 1252 1563 te,
1284 1511 1516 1567 Torquate,
1548 1528 1713 1568 quaero,

281 1585 377 1611 cuni
403 1571 616 1611 indicatus
639 1580 736 1611 tuus
759 1569 958 1615 inimicus
977 1579 1101 1619 esset,
1123 1578 1166 1609 et
1187 1578 1297 1610 esset
1317 1569 1409 1623 ejus
1432 1569 1490 1610 rei
1513 1568 1713 1626 frequens

280 1636 451 1668 senatus
473 1636 516 1668 et
538 1641 684 1668 recens
707 1627 914 1668 memoria
936 1627 1069 1677 testis,
1089 1626 1183 1676 tibi,
1205 1640 1301 1666 meo
1325 1626 1521 1668 familiari
1545 1639 1588 1668 et
1609 1643 1712 1668 con-

280 1684 507 1736 tubernali,
530 1685 646 1741 prius
677 1684 807 1725 etiam
829 1684 986 1724 edituri
1017 1683 1177 1724 fuerint
1201 1683 1405 1724 indicium
1437 1683 1589 1725 scribae
1612 1684 1714 1737 mei,

280 1742 558 1792 si'voluisses,
580 1756 707 1796 quam
742 1741 783 1781 in
807 1741 1001 1782 codicem
1031 1741 1297 1792 retulissent3
1328 1755 1427 1782 cum
1451 1741 1614 1782 videres
1638 1741 1714 1785 ali->

281 1809 344 1839 ter
366 1799 473 1849 fieri,
495 1813 570 1840 eur
597 1799 794 1840 tacuisti?
829 1813 975 1854 passus
1000 1801 1076 1840 es?
1108 1812 1191 1838 non
1226 1812 1410 1849 mecum,
1432 1807 1507 1838 aut
1528 1814 1626 1840 curn
1651 1799 1714 1840 fa-

281 1857 432 1897 miliari
459 1871 553 1897 meo
583 1865 757 1911 questus
779 1859 853 1898 es?
885 1867 973 1905 aut,
996 1855 1200 1910 quoniam
1234 1865 1319 1895 tam
1346 1854 1470 1896 facile
1502 1856 1715 1897 inveheris

280 1913 324 1953 iu
349 1913 526 1964 amicos,
557 1913 854 1962 52iracundius
876 1928 926 1957 ac
948 1912 1243 1953 vehementius
1267 1912 1583 1968 expostulasti?
1632 1912 1714 1964 Tu,

280 1985 379 2011 cum
410 1980 483 2011 tua
510 1985 595 2010 vox
627 1984 861 2025 numquam
885 1970 940 2010 sit
970 1970 1138 2021 audita,
1170 1984 1284 2019 cum,
1307 1969 1468 2010 indicio
1495 1969 1621 2021 lecto,
1643 1970 1716 2011 de-

282 2028 457 2083 scripto,
480 2027 718 2082 divulgato,
739 2027 966 2082 quieveriS,
989 2027 1196 2068 tacueris:
1230 2037 1404 2081 repente
1434 2036 1597 2068 tantam
1627 2041 1716 2070 rem

281 2085 504 2126 enuntiare
535 2085 718 2139 audeas?
759 2095 800 2125 et
833 2084 876 2124 in
913 2098 1009 2125 eum
1042 2084 1184 2126 locum
1217 2093 1258 2124 te
1289 2084 1488 2135 deducas,
1522 2095 1570 2126 ut
1603 2095 1718 2137 ante,

282 2257 482 2293 melioribus,
497 2267 556 2288 nee
579 2268 617 2288 ea
633 2267 682 2288 res
705 2258 876 2291 desiderat.
901 2268 978 2289 nam

282 2301 420 2330 seribere
437 2310 495 2329 nec
509 2304 558 2329 est
574 2300 709 2339 ingenii,
726 2310 785 2330 uec
799 2300 886 2336 fidei,
900 2307 933 2331 et
949 2300 980 2330 id

284 2348 333 2372 cst
355 2342 454 2372 ctiam
480 2342 513 2373 in
537 2342 632 2371 verbo
655 2342 862 2381 rqs'erendum
879 2353 922 2373 sc.
948 2343 981 2373 in

285 2384 409 2414 literas.
426 2390 504 2413 sunt
516 2395 533 2413 a
549 2384 738 2423 glossatore.

328 2429 368 2456 48
406 2426 470 2455 illce
504 2426 588 2456 tabo.
621 2427 758 2465 privata
787 2431 867 2457 cust.
897 2437 983 2458 more

287 2468 368 2507 oncrj.
390 2467 487 2506 emin]
514 2468 640 2507 Nempe
663 2469 872 2509 magistratus
895 2469 982 2499 domi

287 2509 428 2540 habebat
453 2509 594 2547 tabulas,
617 2510 716 2547 scta,
732 2512 808 2542 dum
827 2512 858 2541 iu
875 2512 983 2542 aerari-

289 2562 342 2581 um
358 2553 569 2582 referrentur.

328 2597 369 2628 49
405 2595 446 2623 ab
471 2595 616 2623 omnihus
644 2595 801 2634 librariis]
845 2595 982 2625 Publicis

283 2642 418 2666 senatus
441 2641 474 2666 et
497 2636 666 2666 consulum
684 2637 807 2667 scribis.
833 2638 917 2667 infra
930 2639 983 2667 (Ji-

286 2688 411 2708 cernuis
425 2678 538 2708 seribae
556 2684 790 2709 memorantur.
838 2681 898 2710 Pro
907 2690 982 2719 per-

284 2722 419 2759 vulgare*
434 2720 507 2750 libri
523 2720 653 2760 quidam
677 2721 857 2760 divulgari,
873 2728 911 2752 ut
932 2723 981 2751 in-

285 2764 333 2793 fra
348 2768 410 2792 (est.
428 2763 519 2792 bene.

325 2806 366 2835 bo
388 2806 478 2835 emisa·
498 2806 532 2836 in
554 2816 581 2836 ο.
599 2805 670 2845 pru]
696 2805 776 2836 Edd.
801 2815 848 2847 pr.
873 2806 980 2844 divisi,

1023 2268 1081 2298 pro
1107 2268 1171 2297 quo
1202 2258 1380 2289 Lambinus
1408 2258 1496 2289 dedit
1521 2270 1540 2290 e
1566 2259 1716 2291 Memmii

1024 2302 1211 2339 conjectura
1238 2302 1358 2336 dimisi,
1386 2300 1467 2331 bene
1499 2301 1612 2332 latine.
1659 2301 1722 2333 Sed

1025 2343 1140 2372 melius
1164 2342 1322 2373 Gruterus
1342 2355 1358 2373 e
1382 2343 1444 2373 Ms.
1463 2344 1531 2374 Erf.
1554 2345 1657 2382 emisi,
1678 2355 1720 2377 sc.

1025 2396 1063 2414 ex
1081 2384 1187 2415 ltalia.

1070 2430 1103 2457 51
1131 2427 1242 2456 oblivio
1267 2437 1309 2457 m.
1334 2432 1393 2457 aut
1417 2429 1574 2457 merum-ia
1600 2429 1718 2469 nimia]

1028 2469 1151 2499 Durius
1175 2474 1224 2498 est
1247 2471 1362 2504 nimia,
1388 2471 1567 2509 praesertim
1594 2470 1632 2500 de
1657 2482 1722 2502 me-

1028 2513 1143 2542 moria.
1202 2513 1320 2541 Sensus
1330 2516 1391 2547 est,
1408 2522 1447 2541 ne
1462 2517 1518 2541 aut
1532 2511 1724 2543 obliviscen-

1027 2554 1080 2590 do,
1109 2558 1167 2584 aut
1193 2564 1289 2593 prave
1319 2553 1554 2584 reminiscendo
1591 2565 1724 2593 peecare

1028 2596 1163 2632 viderer,
1181 2606 1217 2625 :tc
1240 2596 1362 2626 viderer
1376 2596 1446 2634 plus
1461 2595 1565 2625 dicert-
1582 2596 1620 2626 de
1642 2598 1724 2627 indi-

1027 2638 1090 2675 cio,
1105 2648 1202 2677 quain
1220 2639 1252 2668 in
1277 2650 1314 2667 co
1331 2638 1460 2667 suisset:
1486 2638 1570 2676 quod
1597 2641 1723 2680 proprie

1028 2690 1094 2709 non
1110 2686 1157 2710 est
1175 2682 1353 2716 memoriae,
1370 2680 1424 2710 sed
1437 2681 1603 2719 fingentis.

1068 2725 1108 2753 5‘2
1130 2724 1170 2752 ir.
1194 2733 1234 2753 ac·
1257 2723 1340 2762 velt]
1373 2724 1396 2753 E
1421 2723 1483 2755 ΜΞ.
1500 2722 1562 2753 Dr.
1588 2722 1659 2753 dedi
1685 2733 1723 2751 m:

1025 2774 1084 2804 pro
1106 2769 1177 2801 aza,
1193 2765 1278 2804 quod
1299 2772 1333 2796 et
1349 2766 1417 2796 sine
1439 2765 1521 2796 libro
1544 2765 1590 2795 sic
1605 2765 1722 2805 corrigi

1025 2806 1173 2837 debebat.
