<?xml version="1.0" encoding="UTF-8"?>
<!DOCTYPE html PUBLIC "-//W3C//DTD XHTML 1.0 Transitional//EN"
    "http://www.w3.org/TR/xhtml1/DTD/xhtml1-transitional.dtd">
<html xmlns="http://www.w3.org/1999/xhtml" xml:lang="en" lang="en">
 <head>
  <title>
</title>
<meta http-equiv="Content-Type" content="text/html;charset=utf-8" />
  <meta name='ocr-system' content='tesseract 3.04.00' />
  <meta name='ocr-capabilities' content='ocr_page ocr_carea ocr_par ocr_line ocrx_word'/>
</head>
<body>
  <div class='ocr_page' id='page_1' title='image "./p2operaomnia02ciceuoft_0467.png"; bbox 0 0 1785 3185; ppageno 0'>
   <div class='ocr_carea' id='block_1_1' title="bbox 434 80 1513 124">
    <p class='ocr_par' dir='ltr' id='par_1_1' title="bbox 434 80 1513 124">
     <span class='ocr_line' id='line_1_1' title="bbox 434 80 1513 124; baseline 0.001 -1"><span class='ocrx_word' id='word_1_1' title='bbox 434 81 550 123; x_wconf 79' lang='lat' dir='ltr'><strong>PRO</strong></span> <span class='ocrx_word' id='word_1_2' title='bbox 575 85 621 122; x_wconf 89' lang='lat' dir='ltr'><strong>T.</strong></span> <span class='ocrx_word' id='word_1_3' title='bbox 648 83 840 122; x_wconf 91' lang='lat' dir='ltr'>ANNIO</span> <span class='ocrx_word' id='word_1_4' title='bbox 867 80 1117 122; x_wconf 90' lang='lat' dir='ltr'><strong>MILONE.</strong></span> <span class='ocrx_word' id='word_1_5' title='bbox 1389 80 1513 124; x_wconf 82' lang='lat'>1183-</span> 
     </span>
    </p>
   </div>
   <div class='ocr_carea' id='block_1_2' title="bbox 37 184 1563 2472">
    <p class='ocr_par' dir='ltr' id='par_1_2' title="bbox 44 184 1548 928">
     <span class='ocr_line' id='line_1_2' title="bbox 53 184 1486 243; baseline -0.003 -12"><span class='ocrx_word' id='word_1_6' title='bbox 53 201 286 243; x_wconf 84' lang='lat' dir='ltr'><strong>numquam</strong></span> <span class='ocrx_word' id='word_1_7' title='bbox 310 186 378 228; x_wconf 88' lang='lat' dir='ltr'><strong>ille</strong></span> <span class='ocrx_word' id='word_1_8' title='bbox 406 186 631 228; x_wconf 78' lang='lat' dir='ltr'><strong>effrenatas</strong></span> <span class='ocrx_word' id='word_1_9' title='bbox 662 200 757 227; x_wconf 84' lang='lat' dir='ltr'><strong>suas</strong></span> <span class='ocrx_word' id='word_1_10' title='bbox 788 185 989 226; x_wconf 84' lang='lat' dir='ltr'><strong>libidines</strong></span> <span class='ocrx_word' id='word_1_11' title='bbox 1019 184 1298 227; x_wconf 82' lang='lat' dir='ltr'><strong>cohibuisset.</strong></span> <span class='ocrx_word' id='word_1_12' title='bbox 1359 184 1486 242; x_wconf 86' lang='lat' dir='ltr'><strong>Fingi</strong></span> 
     </span>
     <span class='ocr_line' id='line_1_3' title="bbox 52 241 1488 300; baseline -0.001 -14"><span class='ocrx_word' id='word_1_13' title='bbox 52 246 148 287; x_wconf 89' lang='lat' dir='ltr'><strong>haec</strong></span> <span class='ocrx_word' id='word_1_14' title='bbox 170 244 453 300; x_wconf 71' lang='lat' dir='ltr'><strong>putati5,quae</strong></span> <span class='ocrx_word' id='word_1_15' title='bbox 474 245 650 299; x_wconf 82' lang='lat' dir='ltr'><strong>patent?</strong></span> <span class='ocrx_word' id='word_1_16' title='bbox 670 242 780 293; x_wconf 84' lang='lat' dir='ltr'><strong>haec,</strong></span> <span class='ocrx_word' id='word_1_17' title='bbox 794 256 890 297; x_wconf 86' lang='lat' dir='ltr'><strong>quae</strong></span> <span class='ocrx_word' id='word_1_18' title='bbox 907 241 1012 283; x_wconf 77' lang='lat' dir='ltr'><strong>no‘ta</strong></span> <span class='ocrx_word' id='word_1_19' title='bbox 1024 251 1123 282; x_wconf 80' lang='lat' dir='ltr'><strong>sunt</strong></span> <span class='ocrx_word' id='word_1_20' title='bbox 1140 241 1368 285; x_wconf 85' lang='lat' dir='ltr'><strong>omnibus?</strong></span> <span class='ocrx_word' id='word_1_21' title='bbox 1390 257 1488 298; x_wconf 81' lang='lat' dir='ltr'><strong>quae</strong></span> 
     </span>
     <span class='ocr_line' id='line_1_4' title="bbox 53 298 1487 354; baseline -0.001 -12"><span class='ocrx_word' id='word_1_22' title='bbox 53 304 283 342; x_wconf 84' lang='lat' dir='ltr'><strong>tenentur?</strong></span> <span class='ocrx_word' id='word_1_23' title='bbox 315 314 529 342; x_wconf 83' lang='lat' dir='ltr'><strong>servorum</strong></span> <span class='ocrx_word' id='word_1_24' title='bbox 562 300 776 342; x_wconf 80' lang='lat' dir='ltr'><strong>exercitus</strong></span> <span class='ocrx_word' id='word_1_25' title='bbox 808 298 927 340; x_wconf 89' lang='lat' dir='ltr'><strong>illum</strong></span> <span class='ocrx_word' id='word_1_26' title='bbox 949 298 992 339; x_wconf 91' lang='lat' dir='ltr'><strong>in</strong></span> <span class='ocrx_word' id='word_1_27' title='bbox 1015 299 1120 339; x_wconf 90' lang='lat' dir='ltr'><strong>urbe</strong></span> <span class='ocrx_word' id='word_1_28' title='bbox 1141 298 1487 354; x_wconf 82' lang='lat' dir='ltr'><strong>conscripturum</strong></span> 
     </span>
     <span class='ocr_line' id='line_1_5' title="bbox 51 356 1484 413; baseline -0.001 -14"><span class='ocrx_word' id='word_1_29' title='bbox 51 358 197 410; x_wconf 83' lang='lat' dir='ltr'><strong>fuisse,</strong></span> <span class='ocrx_word' id='word_1_30' title='bbox 230 372 305 413; x_wconf 87' lang='lat' dir='ltr'><strong>per</strong></span> <span class='ocrx_word' id='word_1_31' title='bbox 334 372 441 412; x_wconf 90' lang='lat' dir='ltr'><strong>quos</strong></span> <span class='ocrx_word' id='word_1_32' title='bbox 473 366 606 398; x_wconf 86' lang='lat' dir='ltr'><strong>totam</strong></span> <span class='ocrx_word' id='word_1_33' title='bbox 631 356 955 412; x_wconf 82' lang='lat' dir='ltr'><strong>rempublicam,</strong></span> <span class='ocrx_word' id='word_1_34' title='bbox 978 358 1161 410; x_wconf 85' lang='lat' dir='ltr'><strong>3resque</strong></span> <span class='ocrx_word' id='word_1_35' title='bbox 1184 356 1370 410; x_wconf 84' lang='lat' dir='ltr'><strong>privatas</strong></span> <span class='ocrx_word' id='word_1_36' title='bbox 1392 372 1484 398; x_wconf 91' lang='lat' dir='ltr'><strong>om-</strong></span> 
     </span>
     <span class='ocr_line' id='line_1_6' title="bbox 48 411 1548 471; baseline -0.001 -15"><span class='ocrx_word' id='word_1_37' title='bbox 48 415 170 457; x_wconf 88' lang='lat' dir='ltr'><strong>nium</strong></span> <span class='ocrx_word' id='word_1_38' title='bbox 193 415 455 471; x_wconf 79' lang='lat' dir='ltr'><strong>possideret?</strong></span> <span class='ocrx_word' id='word_1_39' title='bbox 488 415 797 465; x_wconf 80' lang='lat' dir='ltr'><strong>Quamobrem,</strong></span> <span class='ocrx_word' id='word_1_40' title='bbox 820 414 853 454; x_wconf 84' lang='lat' dir='ltr'><strong>si</strong></span> <span class='ocrx_word' id='word_1_41' title='bbox 877 420 1101 454; x_wconf 86' lang='lat' dir='ltr'><strong>cruentum</strong></span> <span class='ocrx_word' id='word_1_42' title='bbox 1124 411 1313 468; x_wconf 83' lang='lat' dir='ltr'><strong>gladium</strong></span> <span class='ocrx_word' id='word_1_43' title='bbox 1337 421 1483 455; x_wconf 85' lang='lat' dir='ltr'><strong>tenens</strong></span> <span class='ocrx_word' id='word_1_44' title='bbox 1495 421 1548 461; x_wconf 88' lang='grc'><strong>77</strong></span> 
     </span>
     <span class='ocr_line' id='line_1_7' title="bbox 45 468 1482 526; baseline -0.001 -13"><span class='ocrx_word' id='word_1_45' title='bbox 45 471 251 514; x_wconf 84' lang='lat' dir='ltr'><strong>clamaret</strong></span> <span class='ocrx_word' id='word_1_46' title='bbox 272 471 322 513; x_wconf 91' lang='lat' dir='ltr'><strong>T.</strong></span> <span class='ocrx_word' id='word_1_47' title='bbox 341 471 533 514; x_wconf 87' lang='lat' dir='ltr'><strong>Annius:</strong></span> <span class='ocrx_word' id='word_1_48' title='bbox 566 471 740 521; x_wconf 87' lang='lat' dir='ltr'><strong>Adeste,</strong></span> <span class='ocrx_word' id='word_1_49' title='bbox 763 484 925 526; x_wconf 86' lang='lat' dir='ltr'><strong>quaeso,</strong></span> <span class='ocrx_word' id='word_1_50' title='bbox 944 479 1072 524; x_wconf 88' lang='lat' dir='ltr'><strong>atque</strong></span> <span class='ocrx_word' id='word_1_51' title='bbox 1093 469 1238 510; x_wconf 89' lang='lat' dir='ltr'><strong>audite</strong></span> <span class='ocrx_word' id='word_1_52' title='bbox 1258 468 1396 510; x_wconf 86' lang='lat' dir='ltr'><strong>cives:</strong></span> <span class='ocrx_word' id='word_1_53' title='bbox 1431 470 1482 511; x_wconf 90' lang='lat' dir='ltr'><strong>P.</strong></span> 
     </span>
     <span class='ocr_line' id='line_1_8' title="bbox 50 525 1482 584; baseline -0.002 -14"><span class='ocrx_word' id='word_1_54' title='bbox 50 528 254 570; x_wconf 88' lang='lat' dir='ltr'><strong>Clodium</strong></span> <span class='ocrx_word' id='word_1_55' title='bbox 289 529 510 571; x_wconf 81' lang='lat' dir='ltr'><strong>interfeci:</strong></span> <span class='ocrx_word' id='word_1_56' title='bbox 542 530 634 584; x_wconf 84' lang='lat' dir='ltr'><strong>ejus</strong></span> <span class='ocrx_word' id='word_1_57' title='bbox 669 528 848 580; x_wconf 85' lang='lat' dir='ltr'><strong>furores,</strong></span> <span class='ocrx_word' id='word_1_58' title='bbox 876 541 983 583; x_wconf 91' lang='lat' dir='ltr'><strong>quos</strong></span> <span class='ocrx_word' id='word_1_59' title='bbox 1013 525 1139 567; x_wconf 88' lang='lat' dir='ltr'><strong>nullis</strong></span> <span class='ocrx_word' id='word_1_60' title='bbox 1163 525 1259 581; x_wconf 85' lang='lat' dir='ltr'><strong>jam</strong></span> <span class='ocrx_word' id='word_1_61' title='bbox 1298 525 1482 582; x_wconf 79' lang='lat' dir='ltr'><strong>legibus,</strong></span> 
     </span>
     <span class='ocr_line' id='line_1_9' title="bbox 47 582 1484 642; baseline -0.002 -15"><span class='ocrx_word' id='word_1_62' title='bbox 47 586 174 628; x_wconf 79' lang='lat' dir='ltr'><strong>nullis</strong></span> <span class='ocrx_word' id='word_1_63' title='bbox 189 586 368 641; x_wconf 81' lang='lat' dir='ltr'><strong>judiciis</strong></span> <span class='ocrx_word' id='word_1_64' title='bbox 392 586 556 627; x_wconf 82' lang='lat' dir='ltr'><strong>frenare</strong></span> <span class='ocrx_word' id='word_1_65' title='bbox 588 595 846 642; x_wconf 85' lang='lat' dir='ltr'><strong>poteramus,</strong></span> <span class='ocrx_word' id='word_1_66' title='bbox 874 585 958 626; x_wconf 91' lang='lat' dir='ltr'><strong>hoc</strong></span> <span class='ocrx_word' id='word_1_67' title='bbox 990 583 1118 635; x_wconf 83' lang='lat' dir='ltr'><strong>ferro,</strong></span> <span class='ocrx_word' id='word_1_68' title='bbox 1140 592 1184 623; x_wconf 85' lang='lat' dir='ltr'><strong>et</strong></span> <span class='ocrx_word' id='word_1_69' title='bbox 1207 583 1286 623; x_wconf 82' lang='lat' dir='ltr'><strong>hac</strong></span> <span class='ocrx_word' id='word_1_70' title='bbox 1305 582 1484 624; x_wconf 83' lang='lat' dir='ltr'><strong>dextera</strong></span> 
     </span>
     <span class='ocr_line' id='line_1_10' title="bbox 46 639 1482 699; baseline -0.003 -15"><span class='ocrx_word' id='word_1_71' title='bbox 46 657 73 684; x_wconf 85' lang='lat' dir='ltr'><strong>a</strong></span> <span class='ocrx_word' id='word_1_72' title='bbox 93 644 332 684; x_wconf 88' lang='lat' dir='ltr'><strong>cervicibus</strong></span> <span class='ocrx_word' id='word_1_73' title='bbox 357 644 505 685; x_wconf 85' lang='lat' dir='ltr'><strong>vestris</strong></span> <span class='ocrx_word' id='word_1_74' title='bbox 533 643 691 699; x_wconf 77' lang='lat' dir='ltr'><strong>repuli3</strong></span> <span class='ocrx_word' id='word_1_75' title='bbox 725 657 799 699; x_wconf 87' lang='lat' dir='ltr'><strong>per</strong></span> <span class='ocrx_word' id='word_1_76' title='bbox 831 657 899 682; x_wconf 90' lang='lat' dir='ltr'><strong>me</strong></span> <span class='ocrx_word' id='word_1_77' title='bbox 934 650 980 682; x_wconf 87' lang='lat' dir='ltr'><strong>ut</strong></span> <span class='ocrx_word' id='word_1_78' title='bbox 1009 639 1262 696; x_wconf 81' lang='lat' dir='ltr'><strong>unum,juS‚</strong></span> <span class='ocrx_word' id='word_1_79' title='bbox 1286 640 1482 694; x_wconf 84' lang='lat' dir='ltr'><strong>aequitas‚</strong></span> 
     </span>
     <span class='ocr_line' id='line_1_11' title="bbox 44 699 1526 757; baseline -0.004 -15"><span class='ocrx_word' id='word_1_80' title='bbox 44 699 176 757; x_wconf 84' lang='lat' dir='ltr'><strong>leges,</strong></span> <span class='ocrx_word' id='word_1_81' title='bbox 200 701 388 752; x_wconf 86' lang='lat' dir='ltr'><strong>libertas,</strong></span> <span class='ocrx_word' id='word_1_82' title='bbox 411 701 561 757; x_wconf 85' lang='lat' dir='ltr'><strong>pudor,</strong></span> <span class='ocrx_word' id='word_1_83' title='bbox 585 700 793 756; x_wconf 88' lang='lat' dir='ltr'><strong>pudicitia</strong></span> <span class='ocrx_word' id='word_1_84' title='bbox 824 699 866 740; x_wconf 90' lang='lat' dir='ltr'><strong>in</strong></span> <span class='ocrx_word' id='word_1_85' title='bbox 897 699 1073 740; x_wconf 86' lang='lat' dir='ltr'><strong>civitate</strong></span> <span class='ocrx_word' id='word_1_86' title='bbox 1092 705 1340 739; x_wconf 84' lang='lat' dir='ltr'><strong>manerent:</strong></span> <span class='ocrx_word' id='word_1_87' title='bbox 1372 708 1482 738; x_wconf 86' lang='lat' dir='ltr'><strong>esset</strong></span> <span class='ocrx_word' id='word_1_88' title='bbox 1498 708 1526 737; x_wconf 80' lang='lat' dir='ltr'><strong>b.</strong></span> 
     </span>
     <span class='ocr_line' id='line_1_12' title="bbox 45 755 1481 813; baseline -0.003 -14"><span class='ocrx_word' id='word_1_89' title='bbox 45 772 147 799; x_wconf 80' lang='lat' dir='ltr'><strong>vero</strong></span> <span class='ocrx_word' id='word_1_90' title='bbox 171 757 423 809; x_wconf 88' lang='lat' dir='ltr'><strong>timendum,</strong></span> <span class='ocrx_word' id='word_1_91' title='bbox 441 772 627 813; x_wconf 83' lang='lat' dir='ltr'><strong>quonam</strong></span> <span class='ocrx_word' id='word_1_92' title='bbox 651 757 779 798; x_wconf 85' lang='lat' dir='ltr'><strong>modo</strong></span> <span class='ocrx_word' id='word_1_93' title='bbox 811 756 852 797; x_wconf 87' lang='lat' dir='ltr'><strong>id</strong></span> <span class='ocrx_word' id='word_1_94' title='bbox 885 755 1013 796; x_wconf 84' lang='lat' dir='ltr'><strong>ferret</strong></span> <span class='ocrx_word' id='word_1_95' title='bbox 1042 755 1210 796; x_wconf 88' lang='lat' dir='ltr'><strong>civitas.</strong></span> <span class='ocrx_word' id='word_1_96' title='bbox 1232 768 1346 795; x_wconf 88' lang='lat' dir='ltr'><strong>nunc</strong></span> <span class='ocrx_word' id='word_1_97' title='bbox 1369 755 1481 795; x_wconf 83' lang='lat' dir='ltr'><strong>enim</strong></span> 
     </span>
     <span class='ocr_line' id='line_1_13' title="bbox 44 812 1484 870; baseline -0.001 -15"><span class='ocrx_word' id='word_1_98' title='bbox 44 815 142 870; x_wconf 90' lang='lat' dir='ltr'><strong>quis</strong></span> <span class='ocrx_word' id='word_1_99' title='bbox 173 826 251 866; x_wconf 90' lang='lat' dir='ltr'><strong>est,</strong></span> <span class='ocrx_word' id='word_1_100' title='bbox 272 816 346 870; x_wconf 90' lang='lat' dir='ltr'><strong>qui</strong></span> <span class='ocrx_word' id='word_1_101' title='bbox 382 830 467 856; x_wconf 89' lang='lat' dir='ltr'><strong>non</strong></span> <span class='ocrx_word' id='word_1_102' title='bbox 502 815 681 870; x_wconf 77' lang='lat' dir='ltr'><strong>probet?</strong></span> <span class='ocrx_word' id='word_1_103' title='bbox 712 814 786 869; x_wconf 87' lang='lat' dir='ltr'><strong>qui</strong></span> <span class='ocrx_word' id='word_1_104' title='bbox 818 826 903 854; x_wconf 86' lang='lat' dir='ltr'><strong>non</strong></span> <span class='ocrx_word' id='word_1_105' title='bbox 935 813 1105 854; x_wconf 81' lang='lat' dir='ltr'><strong>laudet?</strong></span> <span class='ocrx_word' id='word_1_106' title='bbox 1137 812 1211 867; x_wconf 89' lang='lat' dir='ltr'><strong>qui</strong></span> <span class='ocrx_word' id='word_1_107' title='bbox 1242 826 1326 851; x_wconf 89' lang='lat' dir='ltr'><strong>non</strong></span> <span class='ocrx_word' id='word_1_108' title='bbox 1352 826 1484 853; x_wconf 88' lang='lat' dir='ltr'><strong>unum</strong></span> 
     </span>
     <span class='ocr_line' id='line_1_14' title="bbox 46 868 1486 928; baseline -0.002 -15"><span class='ocrx_word' id='word_1_109' title='bbox 46 881 147 928; x_wconf 89' lang='lat' dir='ltr'><strong>post</strong></span> <span class='ocrx_word' id='word_1_110' title='bbox 167 872 390 914; x_wconf 88' lang='lat' dir='ltr'><strong>hominum</strong></span> <span class='ocrx_word' id='word_1_111' title='bbox 413 871 736 912; x_wconf 69' lang='lat' dir='ltr'><strong>memoriam‘T.</strong></span> <span class='ocrx_word' id='word_1_112' title='bbox 760 870 951 912; x_wconf 86' lang='lat' dir='ltr'><strong>Annium</strong></span> <span class='ocrx_word' id='word_1_113' title='bbox 984 869 1213 926; x_wconf 85' lang='lat' dir='ltr'><strong>plurimum</strong></span> <span class='ocrx_word' id='word_1_114' title='bbox 1236 868 1486 924; x_wconf 76' lang='lat' dir='ltr'><strong>reipublicae</strong></span> 
     </span>
    </p>

    <p class='ocr_par' dir='ltr' id='par_1_3' title="bbox 81 927 1485 984">
     <span class='ocr_line' id='line_1_15' title="bbox 81 927 1485 984; baseline -0.004 -14"><span class='ocrx_word' id='word_1_115' title='bbox 81 929 275 980; x_wconf 81' lang='lat' dir='ltr'><strong>rofuisse,</strong></span> <span class='ocrx_word' id='word_1_116' title='bbox 317 929 509 970; x_wconf 81' lang='lat' dir='ltr'><strong>maxima</strong></span> <span class='ocrx_word' id='word_1_117' title='bbox 547 929 698 970; x_wconf 81' lang='lat' dir='ltr'><strong>laetitia</strong></span> <span class='ocrx_word' id='word_1_118' title='bbox 738 928 944 984; x_wconf 87' lang='lat' dir='ltr'><strong>populum</strong></span> <span class='ocrx_word' id='word_1_119' title='bbox 983 927 1244 977; x_wconf 87' lang='lat' dir='ltr'><strong>Romanum,</strong></span> <span class='ocrx_word' id='word_1_120' title='bbox 1283 935 1485 966; x_wconf 84' lang='lat' dir='ltr'><strong>cunctam</strong></span> 
     </span>
    </p>

    <p class='ocr_par' dir='ltr' id='par_1_4' title="bbox 41 983 1543 1901">
     <span class='ocr_line' id='line_1_16' title="bbox 74 983 1486 1037; baseline -0.002 -11"><span class='ocrx_word' id='word_1_121' title='bbox 74 986 233 1036; x_wconf 87' lang='lat' dir='ltr'><strong>taliam,</strong></span> <span class='ocrx_word' id='word_1_122' title='bbox 256 987 451 1029; x_wconf 84' lang='lat' dir='ltr'><strong>nationes</strong></span> <span class='ocrx_word' id='word_1_123' title='bbox 482 1001 629 1027; x_wconf 85' lang='lat' dir='ltr'><strong>omncs</strong></span> <span class='ocrx_word' id='word_1_124' title='bbox 660 985 866 1037; x_wconf 87' lang='lat' dir='ltr'><strong>affecisse,</strong></span> <span class='ocrx_word' id='word_1_125' title='bbox 889 993 931 1026; x_wconf 90' lang='lat' dir='ltr'><strong>et</strong></span> <span class='ocrx_word' id='word_1_126' title='bbox 954 984 1086 1035; x_wconf 85' lang='lat' dir='ltr'><strong>dicat,</strong></span> <span class='ocrx_word' id='word_1_127' title='bbox 1107 993 1150 1024; x_wconf 92' lang='lat' dir='ltr'><strong>et</strong></span> <span class='ocrx_word' id='word_1_128' title='bbox 1180 983 1364 1024; x_wconf 85' lang='lat' dir='ltr'><strong>sentiat?</strong></span> <span class='ocrx_word' id='word_1_129' title='bbox 1397 983 1486 1023; x_wconf 89' lang='lat' dir='ltr'><strong>Ne·-</strong></span> 
     </span>
     <span class='ocr_line' id='line_1_17' title="bbox 45 1040 1484 1099; baseline -0.003 -15"><span class='ocrx_word' id='word_1_130' title='bbox 45 1057 172 1098; x_wconf 91' lang='lat' dir='ltr'><strong>queo,</strong></span> <span class='ocrx_word' id='word_1_131' title='bbox 196 1051 338 1084; x_wconf 80' lang='lat' dir='ltr'><strong>vetera</strong></span> <span class='ocrx_word' id='word_1_132' title='bbox 360 1043 430 1084; x_wconf 84' lang='lat' dir='ltr'><strong>illa</strong></span> <span class='ocrx_word' id='word_1_133' title='bbox 453 1044 598 1099; x_wconf 88' lang='lat' dir='ltr'><strong>populi</strong></span> <span class='ocrx_word' id='word_1_134' title='bbox 633 1043 819 1084; x_wconf 88' lang='lat' dir='ltr'><strong>Romani</strong></span> <span class='ocrx_word' id='word_1_135' title='bbox 840 1051 1002 1098; x_wconf 84' lang='lat' dir='ltr'><strong>quanta</strong></span> <span class='ocrx_word' id='word_1_136' title='bbox 1032 1041 1192 1082; x_wconf 85' lang='lat' dir='ltr'><strong>fuerint</strong></span> <span class='ocrx_word' id='word_1_137' title='bbox 1222 1040 1393 1096; x_wconf 84' lang='lat' dir='ltr'><strong>gaudia,</strong></span> <span class='ocrx_word' id='word_1_138' title='bbox 1410 1040 1484 1095; x_wconf 84' lang='lat' dir='ltr'><strong>ju-</strong></span> 
     </span>
     <span class='ocr_line' id='line_1_18' title="bbox 44 1097 1483 1156; baseline -0.003 -15"><span class='ocrx_word' id='word_1_139' title='bbox 44 1100 202 1141; x_wconf 80' lang='lat' dir='ltr'><strong>dicare.</strong></span> <span class='ocrx_word' id='word_1_140' title='bbox 225 1100 380 1142; x_wconf 81' lang='lat' dir='ltr'><strong>multas</strong></span> <span class='ocrx_word' id='word_1_141' title='bbox 404 1110 544 1141; x_wconf 77' lang='lat' dir='ltr'><strong>tamen</strong></span> <span class='ocrx_word' id='word_1_142' title='bbox 558 1101 651 1156; x_wconf 86' lang='lat' dir='ltr'><strong>jam</strong></span> <span class='ocrx_word' id='word_1_143' title='bbox 675 1113 938 1141; x_wconf 83' lang='lat' dir='ltr'><strong>summorum</strong></span> <span class='ocrx_word' id='word_1_144' title='bbox 970 1099 1276 1154; x_wconf 84' lang='lat' dir='ltr'><strong>imperatorum</strong></span> <span class='ocrx_word' id='word_1_145' title='bbox 1301 1097 1483 1138; x_wconf 79' lang='lat' dir='ltr'><strong>clarissi-</strong></span> 
     </span>
     <span class='ocr_line' id='line_1_19' title="bbox 43 1155 1483 1212; baseline -0.003 -13"><span class='ocrx_word' id='word_1_146' title='bbox 43 1171 134 1199; x_wconf 90' lang='lat' dir='ltr'><strong>mas</strong></span> <span class='ocrx_word' id='word_1_147' title='bbox 158 1158 358 1199; x_wconf 84' lang='lat' dir='ltr'><strong>victorias</strong></span> <span class='ocrx_word' id='word_1_148' title='bbox 378 1167 482 1199; x_wconf 82' lang='lat' dir='ltr'><strong>aetas</strong></span> <span class='ocrx_word' id='word_1_149' title='bbox 504 1169 650 1199; x_wconf 79' lang='lat' dir='ltr'><strong>nostra</strong></span> <span class='ocrx_word' id='word_1_150' title='bbox 669 1158 790 1208; x_wconf 88' lang='lat' dir='ltr'><strong>vidit,</strong></span> <span class='ocrx_word' id='word_1_151' title='bbox 811 1170 992 1212; x_wconf 89' lang='lat' dir='ltr'><strong>quarum</strong></span> <span class='ocrx_word' id='word_1_152' title='bbox 1010 1155 1127 1196; x_wconf 88' lang='lat' dir='ltr'><strong>nulla</strong></span> <span class='ocrx_word' id='word_1_153' title='bbox 1148 1169 1286 1210; x_wconf 89' lang='lat' dir='ltr'><strong>neque</strong></span> <span class='ocrx_word' id='word_1_154' title='bbox 1305 1164 1392 1195; x_wconf 82' lang='lat' dir='ltr'><strong>tam</strong></span> <span class='ocrx_word' id='word_1_155' title='bbox 1417 1155 1483 1195; x_wconf 92' lang='lat' dir='ltr'><strong>di-</strong></span> 
     </span>
     <span class='ocr_line' id='line_1_20' title="bbox 42 1211 1543 1266; baseline -0.003 -11"><span class='ocrx_word' id='word_1_156' title='bbox 42 1223 245 1256; x_wconf 88' lang='lat' dir='ltr'><strong>uturnam</strong></span> <span class='ocrx_word' id='word_1_157' title='bbox 275 1214 420 1256; x_wconf 86' lang='lat' dir='ltr'><strong>attulit</strong></span> <span class='ocrx_word' id='word_1_158' title='bbox 448 1214 660 1266; x_wconf 81' lang='lat' dir='ltr'><strong>laetitiam,</strong></span> <span class='ocrx_word' id='word_1_159' title='bbox 684 1229 762 1256; x_wconf 91' lang='lat' dir='ltr'><strong>nec</strong></span> <span class='ocrx_word' id='word_1_160' title='bbox 793 1223 972 1254; x_wconf 82' lang='lat' dir='ltr'><strong>tantam.</strong></span> <span class='ocrx_word' id='word_1_161' title='bbox 1035 1212 1245 1254; x_wconf 85' lang='lat' dir='ltr'><strong>Mandate</strong></span> <span class='ocrx_word' id='word_1_162' title='bbox 1273 1211 1359 1252; x_wconf 85' lang='lat' dir='ltr'><strong>hoe</strong></span> <span class='ocrx_word' id='word_1_163' title='bbox 1394 1225 1479 1252; x_wconf 90' lang='lat' dir='ltr'><strong>me·</strong></span> <span class='ocrx_word' id='word_1_164' title='bbox 1492 1214 1543 1252; x_wconf 74' lang='lat'><strong>7&#39;3</strong></span> 
     </span>
     <span class='ocr_line' id='line_1_21' title="bbox 43 1269 1486 1328; baseline -0.003 -16"><span class='ocrx_word' id='word_1_165' title='bbox 43 1272 210 1325; x_wconf 86' lang='lat' dir='ltr'><strong>moriae,</strong></span> <span class='ocrx_word' id='word_1_166' title='bbox 232 1272 418 1327; x_wconf 79' lang='lat' dir='ltr'><strong>judices.</strong></span> <span class='ocrx_word' id='word_1_167' title='bbox 453 1287 576 1328; x_wconf 85' lang='lat' dir='ltr'><strong>spero</strong></span> <span class='ocrx_word' id='word_1_168' title='bbox 607 1271 743 1313; x_wconf 87' lang='lat' dir='ltr'><strong>multa</strong></span> <span class='ocrx_word' id='word_1_169' title='bbox 775 1286 848 1312; x_wconf 84' lang='lat' dir='ltr'><strong>vos</strong></span> <span class='ocrx_word' id='word_1_170' title='bbox 882 1270 1124 1325; x_wconf 85' lang='lat' dir='ltr'><strong>liberosque</strong></span> <span class='ocrx_word' id='word_1_171' title='bbox 1156 1277 1318 1310; x_wconf 74' lang='lat' dir='ltr'><strong>vestros</strong></span> <span class='ocrx_word' id='word_1_172' title='bbox 1346 1269 1388 1309; x_wconf 90' lang='lat' dir='ltr'><strong>in</strong></span> <span class='ocrx_word' id='word_1_173' title='bbox 1421 1283 1486 1309; x_wconf 87' lang='lat' dir='ltr'><strong>re-</strong></span> 
     </span>
     <span class='ocr_line' id='line_1_22' title="bbox 45 1325 1487 1385; baseline -0.003 -15"><span class='ocrx_word' id='word_1_174' title='bbox 45 1329 220 1385; x_wconf 86' lang='lat' dir='ltr'><strong>publica</strong></span> <span class='ocrx_word' id='word_1_175' title='bbox 241 1330 352 1370; x_wconf 83' lang='lat' dir='ltr'><strong>bona</strong></span> <span class='ocrx_word' id='word_1_176' title='bbox 373 1344 463 1370; x_wconf 88' lang='lat' dir='ltr'><strong>esse</strong></span> <span class='ocrx_word' id='word_1_177' title='bbox 488 1330 674 1371; x_wconf 80' lang='lat' dir='ltr'><strong>visuros:</strong></span> <span class='ocrx_word' id='word_1_178' title='bbox 706 1329 749 1370; x_wconf 84' lang='lat' dir='ltr'><strong>in</strong></span> <span class='ocrx_word' id='word_1_179' title='bbox 770 1328 837 1370; x_wconf 91' lang='lat' dir='ltr'><strong>his</strong></span> <span class='ocrx_word' id='word_1_180' title='bbox 860 1327 1039 1384; x_wconf 81' lang='lat' dir='ltr'><strong>singulis</strong></span> <span class='ocrx_word' id='word_1_181' title='bbox 1063 1328 1123 1368; x_wconf 87' lang='lat' dir='ltr'><strong>ita</strong></span> <span class='ocrx_word' id='word_1_182' title='bbox 1146 1339 1312 1381; x_wconf 83' lang='lat' dir='ltr'><strong>semper</strong></span> <span class='ocrx_word' id='word_1_183' title='bbox 1335 1325 1487 1366; x_wconf 85' lang='lat' dir='ltr'><strong>existi-</strong></span> 
     </span>
     <span class='ocr_line' id='line_1_23' title="bbox 44 1382 1488 1439; baseline 0 -13"><span class='ocrx_word' id='word_1_184' title='bbox 44 1385 235 1437; x_wconf 73' lang='lat' dir='ltr'><strong>mabitiS,</strong></span> <span class='ocrx_word' id='word_1_185' title='bbox 260 1386 357 1428; x_wconf 87' lang='lat' dir='ltr'><strong>vivo</strong></span> <span class='ocrx_word' id='word_1_186' title='bbox 375 1386 426 1428; x_wconf 89' lang='lat' dir='ltr'><strong>P.</strong></span> <span class='ocrx_word' id='word_1_187' title='bbox 447 1386 617 1439; x_wconf 88' lang='lat' dir='ltr'><strong>Clodio,</strong></span> <span class='ocrx_word' id='word_1_188' title='bbox 640 1386 747 1427; x_wconf 86' lang='lat' dir='ltr'><strong>nihil</strong></span> <span class='ocrx_word' id='word_1_189' title='bbox 768 1400 916 1427; x_wconf 85' lang='lat' dir='ltr'><strong>eorum</strong></span> <span class='ocrx_word' id='word_1_190' title='bbox 939 1400 1014 1426; x_wconf 84' lang='lat' dir='ltr'><strong>vos</strong></span> <span class='ocrx_word' id='word_1_191' title='bbox 1039 1384 1202 1426; x_wconf 81' lang='lat' dir='ltr'><strong>visuros</strong></span> <span class='ocrx_word' id='word_1_192' title='bbox 1225 1383 1370 1423; x_wconf 90' lang='lat' dir='ltr'><strong>fuisse.</strong></span> <span class='ocrx_word' id='word_1_193' title='bbox 1435 1382 1488 1426; x_wconf 83' lang='lat' dir='ltr'><strong>In</strong></span> 
     </span>
     <span class='ocr_line' id='line_1_24' title="bbox 45 1440 1486 1500; baseline -0.003 -17"><span class='ocrx_word' id='word_1_194' title='bbox 45 1456 165 1498; x_wconf 88' lang='lat' dir='ltr'><strong>spem</strong></span> <span class='ocrx_word' id='word_1_195' title='bbox 188 1444 437 1496; x_wconf 78' lang='lat' dir='ltr'><strong>maximam,</strong></span> <span class='ocrx_word' id='word_1_196' title='bbox 458 1454 515 1495; x_wconf 89' lang='lat' dir='ltr'><strong>et,</strong></span> <span class='ocrx_word' id='word_1_197' title='bbox 537 1443 900 1500; x_wconf 85' lang='lat' dir='ltr'><strong>quemadmodum</strong></span> <span class='ocrx_word' id='word_1_198' title='bbox 921 1441 1111 1493; x_wconf 66' lang='lat' dir='ltr'><strong>confido}</strong></span> <span class='ocrx_word' id='word_1_199' title='bbox 1130 1440 1395 1482; x_wconf 82' lang='lat' dir='ltr'><strong>verissimam</strong></span> <span class='ocrx_word' id='word_1_200' title='bbox 1413 1440 1486 1480; x_wconf 82' lang='lat' dir='ltr'><strong>ad-</strong></span> 
     </span>
     <span class='ocr_line' id='line_1_25' title="bbox 45 1497 1486 1558; baseline -0.002 -18"><span class='ocrx_word' id='word_1_201' title='bbox 45 1500 164 1541; x_wconf 87' lang='lat' dir='ltr'><strong>ducti</strong></span> <span class='ocrx_word' id='word_1_202' title='bbox 206 1515 366 1554; x_wconf 87' lang='lat' dir='ltr'><strong>sumus,</strong></span> <span class='ocrx_word' id='word_1_203' title='bbox 398 1501 513 1542; x_wconf 88' lang='lat' dir='ltr'><strong>hunc</strong></span> <span class='ocrx_word' id='word_1_204' title='bbox 549 1502 688 1558; x_wconf 86' lang='lat' dir='ltr'><strong>ipsum</strong></span> <span class='ocrx_word' id='word_1_205' title='bbox 723 1515 898 1552; x_wconf 85' lang='lat' dir='ltr'><strong>annum,</strong></span> <span class='ocrx_word' id='word_1_206' title='bbox 931 1499 1016 1541; x_wconf 88' lang='lat' dir='ltr'><strong>hoc</strong></span> <span class='ocrx_word' id='word_1_207' title='bbox 1048 1500 1143 1556; x_wconf 91' lang='lat' dir='ltr'><strong>ipso</strong></span> <span class='ocrx_word' id='word_1_208' title='bbox 1186 1511 1354 1538; x_wconf 89' lang='lat' dir='ltr'><strong>summo</strong></span> <span class='ocrx_word' id='word_1_209' title='bbox 1395 1497 1486 1538; x_wconf 87' lang='lat' dir='ltr'><strong>viro</strong></span> 
     </span>
     <span class='ocr_line' id='line_1_26' title="bbox 43 1553 1487 1613; baseline -0.003 -15"><span class='ocrx_word' id='word_1_210' title='bbox 43 1557 234 1609; x_wconf 87' lang='lat' dir='ltr'><strong>consule,</strong></span> <span class='ocrx_word' id='word_1_211' title='bbox 256 1572 501 1613; x_wconf 82' lang='lat' dir='ltr'><strong>compressa</strong></span> <span class='ocrx_word' id='word_1_212' title='bbox 520 1558 746 1599; x_wconf 88' lang='lat' dir='ltr'><strong>hominum</strong></span> <span class='ocrx_word' id='word_1_213' title='bbox 776 1557 965 1608; x_wconf 86' lang='lat' dir='ltr'><strong>licentia,</strong></span> <span class='ocrx_word' id='word_1_214' title='bbox 988 1555 1299 1612; x_wconf 85' lang='lat' dir='ltr'><strong>cupiditatibus</strong></span> <span class='ocrx_word' id='word_1_215' title='bbox 1323 1553 1487 1608; x_wconf 70' lang='lat' dir='ltr'><strong>fractis¹</strong></span> 
     </span>
     <span class='ocr_line' id='line_1_27' title="bbox 41 1611 1485 1671; baseline -0.003 -16"><span class='ocrx_word' id='word_1_216' title='bbox 41 1613 212 1670; x_wconf 82' lang='lat' dir='ltr'><strong>legibus</strong></span> <span class='ocrx_word' id='word_1_217' title='bbox 234 1615 467 1671; x_wconf 86' lang='lat' dir='ltr'><strong>etjudieiis</strong></span> <span class='ocrx_word' id='word_1_218' title='bbox 486 1616 749 1666; x_wconf 85' lang='lat' dir='ltr'><strong>constitutis,</strong></span> <span class='ocrx_word' id='word_1_219' title='bbox 767 1614 992 1656; x_wconf 86' lang='lat' dir='ltr'><strong>salutarem</strong></span> <span class='ocrx_word' id='word_1_220' title='bbox 1016 1613 1184 1654; x_wconf 82' lang='lat' dir='ltr'><strong>civitati</strong></span> <span class='ocrx_word' id='word_1_221' title='bbox 1207 1611 1313 1653; x_wconf 88' lang='lat' dir='ltr'><strong>fore.</strong></span> <span class='ocrx_word' id='word_1_222' title='bbox 1366 1611 1485 1652; x_wconf 87' lang='lat' dir='ltr'><strong>Num</strong></span> 
     </span>
     <span class='ocr_line' id='line_1_28' title="bbox 42 1669 1485 1728; baseline -0.003 -16"><span class='ocrx_word' id='word_1_223' title='bbox 42 1672 138 1726; x_wconf 89' lang='lat' dir='ltr'><strong>quis</strong></span> <span class='ocrx_word' id='word_1_224' title='bbox 173 1671 307 1727; x_wconf 86' lang='lat' dir='ltr'><strong>igitur</strong></span> <span class='ocrx_word' id='word_1_225' title='bbox 335 1681 402 1713; x_wconf 87' lang='lat' dir='ltr'><strong>est</strong></span> <span class='ocrx_word' id='word_1_226' title='bbox 433 1681 520 1714; x_wconf 86' lang='lat' dir='ltr'><strong>tam</strong></span> <span class='ocrx_word' id='word_1_227' title='bbox 550 1673 740 1724; x_wconf 90' lang='lat' dir='ltr'><strong>demens,</strong></span> <span class='ocrx_word' id='word_1_228' title='bbox 762 1672 836 1728; x_wconf 87' lang='lat' dir='ltr'><strong>qui</strong></span> <span class='ocrx_word' id='word_1_229' title='bbox 867 1672 966 1723; x_wconf 89' lang='lat' dir='ltr'><strong>hoc,</strong></span> <span class='ocrx_word' id='word_1_230' title='bbox 991 1670 1040 1712; x_wconf 88' lang='lat' dir='ltr'><strong>P.</strong></span> <span class='ocrx_word' id='word_1_231' title='bbox 1065 1670 1221 1712; x_wconf 84' lang='lat' dir='ltr'><strong>Clodio</strong></span> <span class='ocrx_word' id='word_1_232' title='bbox 1245 1669 1361 1719; x_wconf 80' lang='lat' dir='ltr'><strong>vivo,</strong></span> <span class='ocrx_word' id='word_1_233' title='bbox 1380 1683 1485 1709; x_wconf 89' lang='lat' dir='ltr'><strong>con-</strong></span> 
     </span>
     <span class='ocr_line' id='line_1_29' title="bbox 43 1726 1485 1786; baseline -0.002 -18"><span class='ocrx_word' id='word_1_234' title='bbox 43 1728 210 1784; x_wconf 83' lang='lat' dir='ltr'><strong>tingere</strong></span> <span class='ocrx_word' id='word_1_235' title='bbox 240 1730 431 1785; x_wconf 85' lang='lat' dir='ltr'><strong>potuisse</strong></span> <span class='ocrx_word' id='word_1_236' title='bbox 461 1730 717 1772; x_wconf 79' lang='lat' dir='ltr'><strong>arbitretur?</strong></span> <span class='ocrx_word' id='word_1_237' title='bbox 747 1729 879 1786; x_wconf 84' lang='lat' dir='ltr'><strong>quid?</strong></span> <span class='ocrx_word' id='word_1_238' title='bbox 909 1744 974 1780; x_wconf 85' lang='lat' dir='ltr'><strong>ea,</strong></span> <span class='ocrx_word' id='word_1_239' title='bbox 995 1743 1094 1783; x_wconf 84' lang='lat' dir='ltr'><strong>quae</strong></span> <span class='ocrx_word' id='word_1_240' title='bbox 1124 1726 1294 1777; x_wconf 75' lang='lat' dir='ltr'><strong>tenetis,</strong></span> <span class='ocrx_word' id='word_1_241' title='bbox 1317 1726 1485 1781; x_wconf 78' lang='lat' dir='ltr'><strong>privata</strong></span> 
     </span>
     <span class='ocr_line' id='line_1_30' title="bbox 41 1783 1484 1841; baseline -0.002 -15"><span class='ocrx_word' id='word_1_242' title='bbox 41 1793 171 1841; x_wconf 84' lang='lat' dir='ltr'><strong>atque</strong></span> <span class='ocrx_word' id='word_1_243' title='bbox 191 1796 343 1838; x_wconf 86' lang='lat' dir='ltr'><strong>vestra,</strong></span> <span class='ocrx_word' id='word_1_244' title='bbox 365 1787 614 1828; x_wconf 85' lang='lat' dir='ltr'><strong>dominante</strong></span> <span class='ocrx_word' id='word_1_245' title='bbox 636 1786 811 1828; x_wconf 90' lang='lat' dir='ltr'><strong>homine</strong></span> <span class='ocrx_word' id='word_1_246' title='bbox 832 1786 1011 1839; x_wconf 82' lang='lat' dir='ltr'><strong>furioso,</strong></span> <span class='ocrx_word' id='word_1_247' title='bbox 1033 1785 1148 1840; x_wconf 89' lang='lat' dir='ltr'><strong>quod</strong></span> <span class='ocrx_word' id='word_1_248' title='bbox 1164 1783 1238 1839; x_wconf 88' lang='lat' dir='ltr'><strong>jus</strong></span> <span class='ocrx_word' id='word_1_249' title='bbox 1261 1792 1484 1840; x_wconf 70' lang='lat' dir='ltr'><strong>perpetuae</strong></span> 
     </span>
     <span class='ocr_line' id='line_1_31' title="bbox 41 1843 789 1901; baseline 0.001 -18"><span class='ocrx_word' id='word_1_250' title='bbox 41 1843 322 1898; x_wconf 84' lang='lat' dir='ltr'><strong>possessionis</strong></span> <span class='ocrx_word' id='word_1_251' title='bbox 343 1844 500 1886; x_wconf 88' lang='lat' dir='ltr'><strong>habere</strong></span> <span class='ocrx_word' id='word_1_252' title='bbox 522 1845 789 1901; x_wconf 85' lang='lat' dir='ltr'><strong>potuissent?</strong></span> 
     </span>
    </p>

    <p class='ocr_par' dir='ltr' id='par_1_5' title="bbox 37 1894 1563 2472">
     <span class='ocr_line' id='line_1_32' title="bbox 102 1894 1563 1957; baseline 0 -16"><span class='ocrx_word' id='word_1_253' title='bbox 102 1899 204 1941; x_wconf 88' lang='lat' dir='ltr'><strong>Non</strong></span> <span class='ocrx_word' id='word_1_254' title='bbox 252 1901 398 1953; x_wconf 90' lang='lat' dir='ltr'><strong>timeo,</strong></span> <span class='ocrx_word' id='word_1_255' title='bbox 438 1902 625 1957; x_wconf 75' lang='lat' dir='ltr'><strong>judiceS,</strong></span> <span class='ocrx_word' id='word_1_256' title='bbox 665 1916 720 1944; x_wconf 91' lang='lat' dir='ltr'><strong>ne</strong></span> <span class='ocrx_word' id='word_1_257' title='bbox 762 1901 864 1942; x_wconf 88' lang='lat' dir='ltr'><strong>odio</strong></span> <span class='ocrx_word' id='word_1_258' title='bbox 916 1898 1243 1941; x_wconf 85' lang='lat' dir='ltr'><strong>inimicitiarum</strong></span> <span class='ocrx_word' id='word_1_259' title='bbox 1287 1911 1476 1938; x_wconf 88' lang='lat' dir='ltr'><strong>mearum</strong></span> <span class='ocrx_word' id='word_1_260' title='bbox 1493 1894 1563 1950; x_wconf 64' lang='lat'><strong>29</strong></span> 
     </span>
     <span class='ocr_line' id='line_1_33' title="bbox 41 1953 1479 2008; baseline -0.004 -9"><span class='ocrx_word' id='word_1_261' title='bbox 41 1954 349 2008; x_wconf 83' lang='lat' dir='ltr'><strong>inflammatus,</strong></span> <span class='ocrx_word' id='word_1_262' title='bbox 386 1962 408 1989; x_wconf 85' lang='lat'>4</span> <span class='ocrx_word' id='word_1_263' title='bbox 424 1959 628 2001; x_wconf 85' lang='lat' dir='ltr'><strong>libentius</strong></span> <span class='ocrx_word' id='word_1_264' title='bbox 674 1959 771 2000; x_wconf 88' lang='lat' dir='ltr'><strong>haec</strong></span> <span class='ocrx_word' id='word_1_265' title='bbox 820 1958 864 1998; x_wconf 90' lang='lat' dir='ltr'><strong>in</strong></span> <span class='ocrx_word' id='word_1_266' title='bbox 913 1957 1034 1998; x_wconf 83' lang='lat' dir='ltr'><strong>illum</strong></span> <span class='ocrx_word' id='word_1_267' title='bbox 1075 1968 1274 1996; x_wconf 79' lang='lat' dir='ltr'><strong>evomere</strong></span> <span class='ocrx_word' id='word_1_268' title='bbox 1318 1953 1479 2004; x_wconf 82' lang='lat' dir='ltr'><strong>videar,</strong></span> 
     </span>
     <span class='ocr_line' id='line_1_34' title="bbox 42 2012 1480 2072; baseline -0.003 -17"><span class='ocrx_word' id='word_1_269' title='bbox 42 2027 173 2068; x_wconf 86' lang='lat' dir='ltr'><strong>quam</strong></span> <span class='ocrx_word' id='word_1_270' title='bbox 195 2015 350 2056; x_wconf 83' lang='lat' dir='ltr'><strong>verius.</strong></span> <span class='ocrx_word' id='word_1_271' title='bbox 373 2017 532 2057; x_wconf 87' lang='lat' dir='ltr'><strong>etenim</strong></span> <span class='ocrx_word' id='word_1_272' title='bbox 564 2016 645 2057; x_wconf 87' lang='lat' dir='ltr'><strong>etsi</strong></span> <span class='ocrx_word' id='word_1_273' title='bbox 666 2015 936 2072; x_wconf 66' lang='lat' dir='ltr'><strong>praecipuum</strong></span> <span class='ocrx_word' id='word_1_274' title='bbox 969 2027 1060 2055; x_wconf 85' lang='lat' dir='ltr'><strong>esse</strong></span> <span class='ocrx_word' id='word_1_275' title='bbox 1092 2012 1305 2062; x_wconf 78' lang='lat' dir='ltr'><strong>debebat3,</strong></span> <span class='ocrx_word' id='word_1_276' title='bbox 1337 2020 1480 2052; x_wconf 85' lang='lat' dir='ltr'><strong>tamen</strong></span> 
     </span>
     <span class='ocr_line' id='line_1_35' title="bbox 39 2068 1481 2122; baseline -0.002 -11"><span class='ocrx_word' id='word_1_277' title='bbox 39 2069 102 2112; x_wconf 85' lang='lat' dir='ltr'><strong>ita</strong></span> <span class='ocrx_word' id='word_1_278' title='bbox 122 2072 364 2113; x_wconf 85' lang='lat' dir='ltr'><strong>communis</strong></span> <span class='ocrx_word' id='word_1_279' title='bbox 385 2082 479 2114; x_wconf 86' lang='lat' dir='ltr'><strong>erat</strong></span> <span class='ocrx_word' id='word_1_280' title='bbox 501 2073 696 2114; x_wconf 86' lang='lat' dir='ltr'><strong>omnium</strong></span> <span class='ocrx_word' id='word_1_281' title='bbox 727 2072 797 2114; x_wconf 86' lang='lat' dir='ltr'><strong>ille</strong></span> <span class='ocrx_word' id='word_1_282' title='bbox 818 2071 969 2122; x_wconf 79' lang='lat' dir='ltr'><strong>hostis,</strong></span> <span class='ocrx_word' id='word_1_283' title='bbox 994 2080 1040 2111; x_wconf 87' lang='lat' dir='ltr'><strong>ut</strong></span> <span class='ocrx_word' id='word_1_284' title='bbox 1061 2070 1106 2110; x_wconf 90' lang='lat' dir='ltr'><strong>in</strong></span> <span class='ocrx_word' id='word_1_285' title='bbox 1127 2069 1352 2110; x_wconf 81' lang='lat' dir='ltr'><strong>communi</strong></span> <span class='ocrx_word' id='word_1_286' title='bbox 1377 2068 1481 2109; x_wconf 88' lang='lat' dir='ltr'><strong>odio</strong></span> 
     </span>
     <span class='ocr_line' id='line_1_36' title="bbox 41 2125 1479 2184; baseline -0.003 -15"><span class='ocrx_word' id='word_1_287' title='bbox 41 2132 168 2184; x_wconf 83' lang='lat' dir='ltr'><strong>paene</strong></span> <span class='ocrx_word' id='word_1_288' title='bbox 189 2129 412 2184; x_wconf 72' lang='lat' dir='ltr'><strong>aequaliter</strong></span> <span class='ocrx_word' id='word_1_289' title='bbox 434 2139 671 2171; x_wconf 86' lang='lat' dir='ltr'><strong>versaretur</strong></span> <span class='ocrx_word' id='word_1_290' title='bbox 694 2132 712 2161; x_wconf 85' lang='lat'>5</span> <span class='ocrx_word' id='word_1_291' title='bbox 726 2129 873 2170; x_wconf 86' lang='lat' dir='ltr'><strong>odium</strong></span> <span class='ocrx_word' id='word_1_292' title='bbox 895 2142 1054 2169; x_wconf 88' lang='lat' dir='ltr'><strong>meum.</strong></span> <span class='ocrx_word' id='word_1_293' title='bbox 1098 2126 1199 2168; x_wconf 88' lang='lat' dir='ltr'><strong>Non</strong></span> <span class='ocrx_word' id='word_1_294' title='bbox 1224 2134 1370 2181; x_wconf 83' lang='lat' dir='ltr'><strong>potest</strong></span> <span class='ocrx_word' id='word_1_295' title='bbox 1391 2125 1479 2166; x_wconf 84' lang='lat' dir='ltr'><strong>dici.</strong></span> 
     </span>
     <span class='ocr_line' id='line_1_37' title="bbox 42 2181 1478 2243; baseline -0.003 -18"><span class='ocrx_word' id='word_1_296' title='bbox 42 2185 161 2238; x_wconf 84' lang='lat' dir='ltr'><strong>satis,</strong></span> <span class='ocrx_word' id='word_1_297' title='bbox 189 2200 245 2227; x_wconf 90' lang='lat' dir='ltr'><strong>ne</strong></span> <span class='ocrx_word' id='word_1_298' title='bbox 279 2187 462 2242; x_wconf 81' lang='lat' dir='ltr'><strong>cogitari</strong></span> <span class='ocrx_word' id='word_1_299' title='bbox 493 2187 683 2243; x_wconf 84' lang='lat' dir='ltr'><strong>quidem,</strong></span> <span class='ocrx_word' id='word_1_300' title='bbox 710 2196 918 2241; x_wconf 88' lang='lat' dir='ltr'><strong>quantum</strong></span> <span class='ocrx_word' id='word_1_301' title='bbox 951 2185 994 2226; x_wconf 85' lang='lat' dir='ltr'><strong>in</strong></span> <span class='ocrx_word' id='word_1_302' title='bbox 1026 2183 1097 2225; x_wconf 87' lang='lat' dir='ltr'><strong>illo</strong></span> <span class='ocrx_word' id='word_1_303' title='bbox 1130 2181 1320 2233; x_wconf 76' lang='lat' dir='ltr'><strong>sceleris,</strong></span> <span class='ocrx_word' id='word_1_304' title='bbox 1342 2196 1478 2237; x_wconf 86' lang='lat' dir='ltr'><strong>quan-</strong></span> 
     </span>
     <span class='ocr_line' id='line_1_38' title="bbox 41 2238 1539 2297; baseline -0.003 -14"><span class='ocrx_word' id='word_1_305' title='bbox 41 2247 135 2283; x_wconf 80' lang='lat' dir='ltr'><strong>tum</strong></span> <span class='ocrx_word' id='word_1_306' title='bbox 171 2243 296 2284; x_wconf 82' lang='lat' dir='ltr'><strong>exitii</strong></span> <span class='ocrx_word' id='word_1_307' title='bbox 340 2244 483 2285; x_wconf 82' lang='lat' dir='ltr'><strong>fuerit.</strong></span> <span class='ocrx_word' id='word_1_308' title='bbox 546 2244 665 2291; x_wconf 80' lang='lat' dir='ltr'><strong>Quin</strong></span> <span class='ocrx_word' id='word_1_309' title='bbox 704 2245 764 2284; x_wconf 87' lang='lat' dir='ltr'><strong>sic</strong></span> <span class='ocrx_word' id='word_1_310' title='bbox 794 2242 1019 2293; x_wconf 87' lang='lat' dir='ltr'><strong>attendite,</strong></span> <span class='ocrx_word' id='word_1_311' title='bbox 1055 2240 1242 2297; x_wconf 87' lang='lat' dir='ltr'><strong>judices.</strong></span> <span class='ocrx_word' id='word_1_312' title='bbox 1306 2238 1477 2295; x_wconf 87' lang='lat' dir='ltr'><strong>Nempe</strong></span> <span class='ocrx_word' id='word_1_313' title='bbox 1488 2240 1539 2279; x_wconf 82' lang='lat'><strong>79</strong></span> 
     </span>
     <span class='ocr_line' id='line_1_39' title="bbox 37 2295 1476 2356; baseline -0.002 -16"><span class='ocrx_word' id='word_1_314' title='bbox 37 2297 135 2341; x_wconf 87' lang='lat' dir='ltr'><strong>haec</strong></span> <span class='ocrx_word' id='word_1_315' title='bbox 155 2308 220 2341; x_wconf 89' lang='lat' dir='ltr'><strong>est</strong></span> <span class='ocrx_word' id='word_1_316' title='bbox 240 2302 423 2356; x_wconf 88' lang='lat' dir='ltr'><strong>quaestio</strong></span> <span class='ocrx_word' id='word_1_317' title='bbox 446 2302 499 2343; x_wconf 90' lang='lat' dir='ltr'><strong>de</strong></span> <span class='ocrx_word' id='word_1_318' title='bbox 521 2301 697 2342; x_wconf 84' lang='lat' dir='ltr'><strong>interitu</strong></span> <span class='ocrx_word' id='word_1_319' title='bbox 723 2300 773 2342; x_wconf 92' lang='lat' dir='ltr'><strong>P.</strong></span> <span class='ocrx_word' id='word_1_320' title='bbox 797 2299 955 2341; x_wconf 91' lang='lat' dir='ltr'><strong>Clodii.</strong></span> <span class='ocrx_word' id='word_1_321' title='bbox 1015 2297 1189 2354; x_wconf 82' lang='lat' dir='ltr'><strong>Fingite</strong></span> <span class='ocrx_word' id='word_1_322' title='bbox 1211 2295 1391 2339; x_wconf 87' lang='lat' dir='ltr'><strong>animis:</strong></span> <span class='ocrx_word' id='word_1_323' title='bbox 1425 2296 1476 2338; x_wconf 91' lang='lat' dir='ltr'><strong>li-</strong></span> 
     </span>
     <span class='ocr_line' id='line_1_40' title="bbox 41 2353 1477 2414; baseline 0 -18"><span class='ocrx_word' id='word_1_324' title='bbox 41 2355 157 2398; x_wconf 85' lang='lat' dir='ltr'><strong>berae</strong></span> <span class='ocrx_word' id='word_1_325' title='bbox 187 2358 303 2399; x_wconf 90' lang='lat' dir='ltr'><strong>enim</strong></span> <span class='ocrx_word' id='word_1_326' title='bbox 333 2368 432 2400; x_wconf 90' lang='lat' dir='ltr'><strong>sunt</strong></span> <span class='ocrx_word' id='word_1_327' title='bbox 462 2358 750 2414; x_wconf 81' lang='lat' dir='ltr'><strong>cogitationes</strong></span> <span class='ocrx_word' id='word_1_328' title='bbox 780 2367 938 2398; x_wconf 82' lang='lat' dir='ltr'><strong>nostrae</strong></span> <span class='ocrx_word' id='word_1_329' title='bbox 966 2364 1038 2408; x_wconf 80' lang='lat' dir='ltr'><strong>,et,</strong></span> <span class='ocrx_word' id='word_1_330' title='bbox 1060 2356 1194 2411; x_wconf 83' lang='lat' dir='ltr'><strong>6quae</strong></span> <span class='ocrx_word' id='word_1_331' title='bbox 1228 2353 1392 2405; x_wconf 84' lang='lat' dir='ltr'><strong>volunt,</strong></span> <span class='ocrx_word' id='word_1_332' title='bbox 1415 2353 1477 2396; x_wconf 86' lang='lat' dir='ltr'><strong>sic</strong></span> 
     </span>
     <span class='ocr_line' id='line_1_41' title="bbox 41 2411 1476 2472; baseline -0.003 -18"><span class='ocrx_word' id='word_1_333' title='bbox 41 2411 277 2468; x_wconf 87' lang='lat' dir='ltr'><strong>intuentur,</strong></span> <span class='ocrx_word' id='word_1_334' title='bbox 312 2425 361 2458; x_wconf 90' lang='lat' dir='ltr'><strong>ut</strong></span> <span class='ocrx_word' id='word_1_335' title='bbox 392 2431 443 2458; x_wconf 86' lang='lat' dir='ltr'><strong>ea</strong></span> <span class='ocrx_word' id='word_1_336' title='bbox 473 2416 703 2469; x_wconf 78' lang='lat' dir='ltr'><strong>cernimUS,</strong></span> <span class='ocrx_word' id='word_1_337' title='bbox 732 2429 830 2472; x_wconf 85' lang='lat' dir='ltr'><strong>quae</strong></span> <span class='ocrx_word' id='word_1_338' title='bbox 864 2413 1073 2456; x_wconf 85' lang='lat' dir='ltr'><strong>videmus.</strong></span> <span class='ocrx_word' id='word_1_339' title='bbox 1135 2411 1309 2467; x_wconf 83' lang='lat' dir='ltr'><strong>Fingite</strong></span> <span class='ocrx_word' id='word_1_340' title='bbox 1343 2411 1476 2467; x_wconf 84' lang='lat' dir='ltr'><strong>igitur</strong></span> 
     </span>
    </p>
   </div>
   <div class='ocr_carea' id='block_1_3' title="bbox 43 2530 1481 2619">
    <p class='ocr_par' dir='ltr' id='par_1_6' title="bbox 43 2530 1481 2619">
     <span class='ocr_line' id='line_1_42' title="bbox 85 2530 1481 2581; baseline -0.002 -13"><span class='ocrx_word' id='word_1_341' title='bbox 85 2540 104 2568; x_wconf 89' lang='grc'><strong>3</strong></span> <span class='ocrx_word' id='word_1_342' title='bbox 127 2547 157 2568; x_wconf 80' lang='lat' dir='ltr'><strong>r.</strong></span> <span class='ocrx_word' id='word_1_343' title='bbox 170 2547 228 2578; x_wconf 78' lang='lat' dir='ltr'><strong>pr.</strong></span> <span class='ocrx_word' id='word_1_344' title='bbox 249 2548 277 2571; x_wconf 84' lang='lat'><strong>0.</strong></span> <span class='ocrx_word' id='word_1_345' title='bbox 294 2530 486 2581; x_wconf 55' lang='lat' dir='ltr'><strong>possideret]</strong></span> <span class='ocrx_word' id='word_1_346' title='bbox 516 2540 579 2571; x_wconf 87' lang='lat' dir='ltr'><strong>Pro</strong></span> <span class='ocrx_word' id='word_1_347' title='bbox 602 2550 740 2581; x_wconf 79' lang='lat' dir='ltr'><strong>occupa·</strong></span> <span class='ocrx_word' id='word_1_348' title='bbox 781 2539 887 2570; x_wconf 82' lang='lat' dir='ltr'><strong>dicere</strong></span> <span class='ocrx_word' id='word_1_349' title='bbox 907 2539 1278 2569; x_wconf 76' lang='lat' dir='ltr'><strong>volumus—intuemur.</strong></span> <span class='ocrx_word' id='word_1_350' title='bbox 1323 2533 1385 2565; x_wconf 90' lang='lat' dir='ltr'><strong>Sed</strong></span> <span class='ocrx_word' id='word_1_351' title='bbox 1404 2533 1481 2573; x_wconf 82' lang='lat' dir='ltr'><strong>quia</strong></span> 
     </span>
     <span class='ocr_line' id='line_1_43' title="bbox 43 2576 1479 2619; baseline -0.003 -9"><span class='ocrx_word' id='word_1_352' title='bbox 43 2584 108 2610; x_wconf 72' lang='lat' dir='ltr'><strong>ret.</strong></span> <span class='ocrx_word' id='word_1_353' title='bbox 126 2589 155 2609; x_wconf 90' lang='lat' dir='ltr'><strong>v.</strong></span> <span class='ocrx_word' id='word_1_354' title='bbox 171 2580 260 2611; x_wconf 89' lang='lat' dir='ltr'><strong>Clav.</strong></span> <span class='ocrx_word' id='word_1_355' title='bbox 783 2582 900 2612; x_wconf 85' lang='lat' dir='ltr'><strong>liberas</strong></span> <span class='ocrx_word' id='word_1_356' title='bbox 925 2581 1007 2611; x_wconf 80' lang='lat' dir='ltr'><strong>dixit</strong></span> <span class='ocrx_word' id='word_1_357' title='bbox 1031 2590 1099 2610; x_wconf 87' lang='lat' dir='ltr'><strong>esse</strong></span> <span class='ocrx_word' id='word_1_358' title='bbox 1125 2580 1357 2619; x_wconf 63' lang='lat' dir='ltr'><strong>cogitationes,</strong></span> <span class='ocrx_word' id='word_1_359' title='bbox 1377 2576 1479 2606; x_wconf 85' lang='lat' dir='ltr'><strong>etiam</strong></span> 
     </span>
    </p>
   </div>
   <div class='ocr_carea' id='block_1_4' title="bbox 45 2617 1481 2704">
    <p class='ocr_par' dir='ltr' id='par_1_7' title="bbox 45 2617 1481 2704">
     <span class='ocr_line' id='line_1_44' title="bbox 82 2617 1480 2665; baseline -0.004 -14"><span class='ocrx_word' id='word_1_360' title='bbox 82 2623 104 2651; x_wconf 87' lang='lat'>4</span> <span class='ocrx_word' id='word_1_361' title='bbox 119 2621 407 2665; x_wconf 76' lang='lat' dir='ltr'><strong>libentius—quam</strong></span> <span class='ocrx_word' id='word_1_362' title='bbox 418 2624 540 2664; x_wconf 76' lang='lat' dir='ltr'><strong>verius]</strong></span> <span class='ocrx_word' id='word_1_363' title='bbox 553 2625 742 2664; x_wconf 79' lang='lat' dir='ltr'><strong>Suspicatus</strong></span> <span class='ocrx_word' id='word_1_364' title='bbox 783 2626 914 2664; x_wconf 79' lang='lat' dir='ltr'><strong>poterat</strong></span> <span class='ocrx_word' id='word_1_365' title='bbox 926 2622 1045 2660; x_wconf 78' lang='lat' dir='ltr'><strong>dicere,</strong></span> <span class='ocrx_word' id='word_1_366' title='bbox 1056 2623 1178 2657; x_wconf 77' lang='lat' dir='ltr'><strong>volunt,</strong></span> <span class='ocrx_word' id='word_1_367' title='bbox 1188 2623 1373 2652; x_wconf 74' lang='lat' dir='ltr'><strong>intuentur.</strong></span> <span class='ocrx_word' id='word_1_368' title='bbox 1390 2617 1420 2648; x_wconf 86' lang='lat' dir='ltr'>T</span> <span class='ocrx_word' id='word_1_369' title='bbox 1423 2626 1480 2647; x_wconf 83' lang='lat' dir='ltr'><strong>um</strong></span> 
     </span>
     <span class='ocr_line' id='line_1_45' title="bbox 45 2659 1481 2704; baseline -0.005 -9"><span class='ocrx_word' id='word_1_370' title='bbox 45 2672 118 2695; x_wconf 69' lang='lat' dir='ltr'><strong>cum</strong></span> <span class='ocrx_word' id='word_1_371' title='bbox 130 2665 285 2696; x_wconf 75' lang='lat' dir='ltr'><strong>licentius.</strong></span> <span class='ocrx_word' id='word_1_372' title='bbox 299 2676 375 2698; x_wconf 89' lang='lat' dir='ltr'><strong>nam</strong></span> <span class='ocrx_word' id='word_1_373' title='bbox 391 2666 472 2697; x_wconf 86' lang='lat' dir='ltr'><strong>illud</strong></span> <span class='ocrx_word' id='word_1_374' title='bbox 486 2666 590 2698; x_wconf 84' lang='lat' dir='ltr'><strong>lenius</strong></span> <span class='ocrx_word' id='word_1_375' title='bbox 602 2666 743 2704; x_wconf 80' lang='lat' dir='ltr'><strong>videtur,</strong></span> <span class='ocrx_word' id='word_1_376' title='bbox 785 2670 823 2696; x_wconf 77' lang='lat' dir='ltr'><strong>ut</strong></span> <span class='ocrx_word' id='word_1_377' title='bbox 837 2676 876 2696; x_wconf 85' lang='lat' dir='ltr'><strong>ea</strong></span> <span class='ocrx_word' id='word_1_378' title='bbox 890 2666 1064 2702; x_wconf 79' lang='lat' dir='ltr'><strong>cernimus,</strong></span> <span class='ocrx_word' id='word_1_379' title='bbox 1079 2673 1148 2704; x_wconf 76' lang='lat' dir='ltr'><strong>qzcae</strong></span> <span class='ocrx_word' id='word_1_380' title='bbox 1161 2664 1321 2699; x_wconf 72' lang='lat' dir='ltr'><strong>videmus,</strong></span> <span class='ocrx_word' id='word_1_381' title='bbox 1339 2659 1419 2690; x_wconf 85' lang='lat' dir='ltr'><strong>mihi</strong></span> <span class='ocrx_word' id='word_1_382' title='bbox 1434 2660 1481 2689; x_wconf 86' lang='lat' dir='ltr'><strong>vi-</strong></span> 
     </span>
    </p>
   </div>
   <div class='ocr_carea' id='block_1_5' title="bbox 45 2701 1475 2831">
    <p class='ocr_par' dir='ltr' id='par_1_8' title="bbox 45 2701 1475 2831">
     <span class='ocr_line' id='line_1_46' title="bbox 45 2701 1474 2745; baseline -0.01 0"><span class='ocrx_word' id='word_1_383' title='bbox 45 2715 143 2745; x_wconf 71' lang='lat' dir='ltr'><strong>quam</strong></span> <span class='ocrx_word' id='word_1_384' title='bbox 161 2715 217 2745; x_wconf 83' lang='lat' dir='ltr'><strong>P¹&#39;0</strong></span> <span class='ocrx_word' id='word_1_385' title='bbox 233 2716 279 2738; x_wconf 69' lang='grc' dir='ltr'><strong>ΓΘ·</strong></span> <span class='ocrx_word' id='word_1_386' title='bbox 779 2709 864 2738; x_wconf 86' lang='lat' dir='ltr'><strong>tiosa</strong></span> <span class='ocrx_word' id='word_1_387' title='bbox 887 2708 1049 2737; x_wconf 84' lang='lat' dir='ltr'><strong>videntur.</strong></span> <span class='ocrx_word' id='word_1_388' title='bbox 1094 2705 1181 2745; x_wconf 70' lang='lat' dir='ltr'><strong>Quid</strong></span> <span class='ocrx_word' id='word_1_389' title='bbox 1205 2704 1293 2735; x_wconf 72' lang='lat' dir='ltr'><strong>enim</strong></span> <span class='ocrx_word' id='word_1_390' title='bbox 1318 2701 1474 2733; x_wconf 80' lang='lat' dir='ltr'><strong>differunt</strong></span> 
     </span>
     <span class='ocr_line' id='line_1_47' title="bbox 86 2745 1475 2790; baseline -0.004 -12"><span class='ocrx_word' id='word_1_391' title='bbox 86 2749 105 2778; x_wconf 88' lang='lat'>5</span> <span class='ocrx_word' id='word_1_392' title='bbox 121 2748 228 2778; x_wconf 73' lang='lat' dir='ltr'><strong>odium</strong></span> <span class='ocrx_word' id='word_1_393' title='bbox 242 2749 364 2789; x_wconf 83' lang='lat' dir='ltr'><strong>meum]</strong></span> <span class='ocrx_word' id='word_1_394' title='bbox 382 2751 576 2790; x_wconf 80' lang='lat' dir='ltr'><strong>Suspectum</strong></span> <span class='ocrx_word' id='word_1_395' title='bbox 592 2749 674 2779; x_wconf 85' lang='lat' dir='ltr'><strong>mibi</strong></span> <span class='ocrx_word' id='word_1_396' title='bbox 686 2754 738 2779; x_wconf 87' lang='lat' dir='ltr'><strong>est</strong></span> <span class='ocrx_word' id='word_1_397' title='bbox 780 2750 944 2779; x_wconf 74' lang='lat' dir='ltr'><strong>cernimus</strong></span> <span class='ocrx_word' id='word_1_398' title='bbox 971 2754 1005 2779; x_wconf 84' lang='lat' dir='ltr'><strong>et</strong></span> <span class='ocrx_word' id='word_1_399' title='bbox 1032 2748 1179 2778; x_wconf 74' lang='lat' dir='ltr'><strong>videmus</strong></span> <span class='ocrx_word' id='word_1_400' title='bbox 1193 2747 1208 2775; x_wconf 63' lang='grc' dir='ltr'>Γ</span> <span class='ocrx_word' id='word_1_401' title='bbox 1233 2746 1316 2776; x_wconf 85' lang='lat' dir='ltr'><strong>Puto</strong></span> <span class='ocrx_word' id='word_1_402' title='bbox 1344 2745 1475 2775; x_wconf 70' lang='lat' dir='ltr'><strong>Cicero-</strong></span> 
     </span>
     <span class='ocr_line' id='line_1_48' title="bbox 46 2787 1404 2831; baseline -0.004 -11"><span class='ocrx_word' id='word_1_403' title='bbox 46 2789 155 2820; x_wconf 79' lang='lat' dir='ltr'><strong>odium</strong></span> <span class='ocrx_word' id='word_1_404' title='bbox 169 2801 178 2818; x_wconf 90' lang='lat'><strong>.·</strong></span> <span class='ocrx_word' id='word_1_405' title='bbox 200 2796 287 2821; x_wconf 77' lang='lat' dir='ltr'><strong>certe</strong></span> <span class='ocrx_word' id='word_1_406' title='bbox 301 2791 483 2831; x_wconf 77' lang='lat' dir='ltr'><strong>elegantius</strong></span> <span class='ocrx_word' id='word_1_407' title='bbox 498 2792 634 2822; x_wconf 78' lang='lat' dir='ltr'><strong>abesset.</strong></span> <span class='ocrx_word' id='word_1_408' title='bbox 782 2800 858 2822; x_wconf 87' lang='lat' dir='ltr'><strong>nem</strong></span> <span class='ocrx_word' id='word_1_409' title='bbox 873 2791 1036 2831; x_wconf 84' lang='lat' dir='ltr'><strong>scripsisse</strong></span> <span class='ocrx_word' id='word_1_410' title='bbox 1052 2799 1121 2830; x_wconf 65' lang='lat' dir='ltr'><strong>quae</strong></span> <span class='ocrx_word' id='word_1_411' title='bbox 1137 2789 1236 2820; x_wconf 71' lang='lat' dir='ltr'><strong>oeulis</strong></span> <span class='ocrx_word' id='word_1_412' title='bbox 1247 2787 1404 2817; x_wconf 69' lang='lat' dir='ltr'><strong>videmus.</strong></span> 
     </span>
    </p>
   </div>
   <div class='ocr_carea' id='block_1_6' title="bbox 87 2831 739 2874">
    <p class='ocr_par' dir='ltr' id='par_1_9' title="bbox 87 2831 739 2874">
     <span class='ocr_line' id='line_1_49' title="bbox 87 2831 739 2874; baseline 0.003 -13"><span class='ocrx_word' id='word_1_413' title='bbox 87 2831 107 2861; x_wconf 85' lang='lat'><strong>6</strong></span> <span class='ocrx_word' id='word_1_414' title='bbox 120 2841 189 2871; x_wconf 79' lang='lat' dir='ltr'><strong>qute</strong></span> <span class='ocrx_word' id='word_1_415' title='bbox 203 2834 325 2872; x_wconf 74' lang='lat' dir='ltr'><strong>volunt,</strong></span> <span class='ocrx_word' id='word_1_416' title='bbox 340 2835 385 2865; x_wconf 77' lang='lat' dir='ltr'><strong>sie</strong></span> <span class='ocrx_word' id='word_1_417' title='bbox 398 2834 584 2874; x_wconf 77' lang='lat' dir='ltr'><strong>intuentur]</strong></span> <span class='ocrx_word' id='word_1_418' title='bbox 606 2834 739 2868; x_wconf 83' lang='lat' dir='ltr'><strong>Poterat</strong></span> 
     </span>
    </p>
   </div>
   <div class='ocr_carea' id='block_1_7' title="bbox 682 2881 814 2924">
    <p class='ocr_par' dir='ltr' id='par_1_10' title="bbox 682 2881 814 2924">
     <span class='ocr_line' id='line_1_50' title="bbox 682 2881 814 2924; baseline -0.015 -8"><span class='ocrx_word' id='word_1_419' title='bbox 682 2881 814 2924; x_wconf 54' lang='lat'><strong>41⁴2.</strong></span> 
     </span>
    </p>
   </div>
  </div>
 </body>
</html>
