1812 3147
443 85 574 124 POST
599 84 853 123 REDITUM
880 86 938 122 IN
966 86 1188 125 SENATU.
1478 92 1551 127 811

110 203 279 232 mecum
300 190 401 246 Jura
421 189 769 245 magistratuum,
790 202 960 229 mecum
993 199 1163 230 senatus
1195 193 1442 244 auctorittoe,
1466 206 1554 232 me-

109 261 209 288 cum
241 248 429 297 libertas,
462 260 632 287 mecum
665 246 796 286 etiam
826 245 1000 301 frugum
1031 246 1218 298 ubertas,
1251 262 1420 289 mecum
1453 250 1554 290 deo-

109 319 204 345 rum
226 314 268 346 et
291 304 515 345 hominum
539 303 788 344 sanctitates
811 317 974 353 omnes,
991 313 1034 343 et
1056 303 1284 359 religiones
1308 307 1552 346 abfuerunt.

111 361 224 408 Quae
255 361 289 401 si
324 375 491 417 semper
521 361 744 401 abessent:
776 361 916 416 magis
943 369 1101 401 vestras
1126 362 1319 402 fortunas
1348 362 1552 418 lugerem,

108 433 237 474 quam
259 418 542 460 desiderarem
567 432 697 458 meas.
730 417 795 458 sin
817 417 1048 473 aliquando
1071 428 1396 461 revocarentur:
1430 420 1554 460 intel-

108 475 311 531 ligebam,
345 475 451 516 mihi
483 475 689 517 cumillis
723 489 807 515 una
836 489 928 516 esse
958 475 1236 517 redeundum.
1298 475 1435 532 Cujus
1469 477 1550 517 mei
1565 486 1616 519 35

109 546 256 577 sensus
289 533 552 574 certissimus
585 532 706 573 testis
738 540 803 572 est
834 531 906 573 hic
945 531 1072 584 idem,
1109 534 1182 588 qui
1220 543 1364 574 custos
1400 534 1554 590 capitis

109 589 207 642 fuit,
232 590 315 632 Cn.
340 589 558 642 Plancius,
580 590 669 645 qui,
692 589 893 630 omnibus
926 590 1262 645 provincialibus
1293 592 1556 632 ornamentis

109 648 435 703 commodisque
457 648 680 704 depositis,
703 655 839 688 totam
872 661 991 687 suam
1022 657 1283 703 quaesturam
1313 649 1356 690 in
1386 663 1455 689 me
1489 663 1559 688 su—

111 706 339 748 stentando
370 713 413 746 et
446 704 741 746 conservando
774 703 1017 745 collocavit.
1052 705 1126 760 qui
1160 706 1193 745 si
1227 705 1334 747 mihi
1368 715 1560 762 quaestor

112 762 361 819 imperatori
394 761 560 814 fuisset,
590 763 634 803 in
666 761 742 802 filii
773 761 869 803 loco
906 761 1071 802 fuisset.
1106 777 1221 804 nunc
1252 773 1367 805 certe
1398 763 1481 804 erit
1513 763 1557 803 in

111 821 315 878 parentis,
337 834 435 861 cum
459 819 589 861 fuerit
609 828 800 874 quaestor
821 834 907 860 non
931 819 1115 875 imperii,
1139 821 1210 861 sed
1233 820 1391 861 doloris
1414 821 1514 861 mei.

172 878 464 934 Quapropter,
496 885 638 933 patres
661 875 912 932 conscripti,
936 877 1141 932 quoniam
1165 878 1209 918 in
1241 879 1551 934 rempublicam
1566 884 1618 918 36

112 948 207 975 sum
230 935 389 991 pariter
411 949 510 976 cum
539 934 762 990 republica
784 934 1028 976 restitutus:
1063 950 1149 975 non
1179 936 1308 977 modo
1344 937 1386 977 in
1410 952 1459 977 ea
1481 936 1555 976 de-

113 991 329 1034 fendenda
347 992 454 1033 nihil
475 992 667 1032 minuam
690 992 742 1032 de
765 991 963 1032 libertate
984 1006 1080 1032 mea
1102 993 1297 1048 pristina,
1329 995 1399 1035 sed
1423 995 1552 1035 etiam

114 1049 357 1106 adaugebo.
422 1049 611 1101 Etenim,
645 1049 678 1090 si
722 1063 816 1089 eam
847 1057 940 1089 tum
981 1050 1281 1102 defendebam,
1313 1067 1411 1093 cum
1446 1051 1551 1092 mihi
1572 1043 1637 1094 15

117 1107 277 1163 aliquid
297 1107 369 1149 illa
390 1107 600 1148 debebat:
634 1106 737 1162 quid
759 1121 872 1147 nunc
894 1121 963 1147 me
985 1106 1125 1148 facere
1144 1117 1331 1164 oportet,
1354 1124 1452 1150 cum
1471 1124 1554 1165 ego

115 1165 176 1206 illi
197 1164 431 1221 plurimum
460 1164 624 1205 debeo?
661 1164 772 1204 Nam
805 1164 909 1219 quid
939 1173 1017 1215 est,
1041 1166 1156 1220 quod
1185 1166 1377 1207 animum
1411 1182 1555 1208 meum

116 1221 314 1279 frangere
334 1230 411 1263 aut
430 1221 655 1263 debilitare
679 1221 830 1277 p'ossit,
853 1221 977 1276 cujus
1001 1222 1138 1277 ipsam
1161 1223 1450 1264 calamitatem
1469 1239 1556 1266 non

115 1280 246 1321 modo
269 1279 425 1321 nullius
445 1278 606 1329 delicti,
639 1279 711 1319 sed
733 1280 865 1319 etiam
889 1279 1135 1320 divinorum
1171 1280 1214 1320 in
1245 1282 1557 1337 rempublicam

115 1337 252 1379 benefi
266 1352 428 1380 ‚iorum
463 1345 617 1378 testem
651 1350 742 1377 esse
776 1336 985 1378 videatis?
1016 1352 1116 1378 nani
1147 1346 1189 1378 et
1213 1338 1448 1394 importata
1475 1350 1555 1392 est,

115 1395 220 1450 quia
241 1394 517 1436 defenderam
539 1393 786 1435 civitatem:
819 1403 862 1434 et
883 1408 981 1434 mea
1012 1394 1233 1436 voluntate
1256 1407 1455 1452 suscepta
1476 1407 1555 1449 est,

116 1466 172 1494 ne
191 1467 218 1492 a
247 1466 316 1493 me
343 1451 518 1492 defensa
547 1451 789 1507 respublica
822 1465 897 1507 per
928 1452 1111 1492 eundem
1142 1467 1210 1493 me
1240 1463 1480 1495 extremum
1511 1455 1555 1495 in

116 1509 350 1550 discrimen
374 1517 612 1550 vocaretur.
675 1508 760 1549 Pro
783 1523 852 1549 me
872 1523 976 1560 non,
998 1518 1046 1549 ut
1077 1524 1153 1565 pro
1179 1510 1228 1551 P.
1254 1510 1455 1567 Popillio,
1479 1516 1618 1554 iio-37

119 1566 328 1608 bilissimo
350 1566 540 1617 homine,
555 1565 847 1607 adolescentes
869 1566 961 1618 filii,
978 1581 1063 1607 non
1087 1568 1428 1623 propinquorum
1448 1569 1556 1610 mul-

119 1624 259 1665 titudo
282 1623 490 1680 populum
525 1623 772 1664 Romanum
807 1633 872 1664 est
903 1624 1156 1680 deprecata:
1189 1640 1290 1677 non,
1319 1636 1367 1667 ut
1397 1642 1474 1682 pro
1496 1627 1556 1674 Q.

119 1680 317 1733 Metello,
341 1695 509 1722 summo
531 1690 575 1722 et
594 1680 832 1722 clarissimo
858 1681 964 1732 viro,
984 1682 1289 1738 spectatajam
1309 1684 1558 1725 adolescen-

120 1739 180 1780 tia
217 1738 351 1780 filius:
384 1753 470 1779 non
497 1738 545 1778 L.
567 1747 612 1779 et
644 1738 695 1779 C.
721 1737 904 1790 Metelli,
926 1739 1186 1792 consulares,
1208 1756 1295 1782 non
1326 1756 1473 1782 corum
1507 1742 1558 1782 li-

119 1796 224 1847 beri,
248 1810 333 1837 non
359 1796 415 1842 Q.
441 1795 644 1836 Metellus
672 1796 833 1851 Nepos,
856 1796 929 1851 qui
954 1805 1045 1837 tum
1075 1798 1347 1839 consulatum
1367 1800 1603 1855 petebat,b.

120 1868 206 1894 non
228 1853 408 1904 Luculli,
433 1853 617 1905 Servilii,
641 1853 882 1909 Scipiones,
908 1853 1187 1895 Metellorum
1219 1856 1312 1908 filii,
1335 1857 1486 1898 flentes
1507 1872 1559 1898 ae

123 1910 342 1961 sordidati,
367 1911 526 1966 populo
554 1911 752 1952 Romano
776 1911 1152 1967 supplicaverunt:
1186 1914 1259 1954 sed
1283 1929 1390 1955 unus
1413 1914 1558 1966 frater,

121 1968 193 2022 qui
218 1968 260 2009 in
280 1982 346 2008 me
369 1968 542 2024 pietate,
565 1968 703 2019 filius3
735 1969 940 2021 consiliis,
963 1984 1142 2025 parens;
1173 1985 1334 2022 amore,
1351 1977 1420 2025 (ut
1451 1975 1561 2024 erat)

120 2025 253 2066 frater
287 2025 485 2066 inventus
515 2034 604 2068 est:
652 2025 848 2081 squalore
882 2035 926 2067 et
961 2027 1177 2082 lacrymiS,
1212 2038 1256 2069 et
1297 2030 1561 2084 quotidianis

123 2083 337 2138 precibus,
370 2082 627 2124 desiderium
665 2084 748 2124 mei
784 2083 971 2124 nominis
999 2085 1211 2137 renovari,
1240 2095 1284 2127 et
1317 2101 1456 2128 rerum
1487 2102 1563 2144 ge-

123 2149 283 2181 starum
310 2141 561 2181 memoriam
583 2140 775 2196 usurpari
807 2141 971 2197 eo'e‘git.
1003 2142 1076 2196 qui
1101 2157 1198 2183 cum
1222 2145 1454 2196 statuisset,
1477 2145 1561 2186 nisi

124 2212 197 2253 per
234 2212 307 2238 vos
345 2212 412 2238 me
448 2207 751 2254 recuperasset,
789 2199 968 2239 eandem
1000 2199 1143 2240 subire
1172 2200 1407 2253 fortunam,
1431 2211 1560 2257 atque

125 2256 236 2295 idem
266 2255 346 2297 sibi
379 2256 647 2296 domicilium
670 2268 713 2296 ct
737 2256 836 2297 vitae
865 2266 908 2296 et
932 2257 1084 2297 mortis
1107 2257 1382 2313 deposceret:
1416 2269 1561 2301 tamen

123 2327 356 2367 numquam
377 2327 454 2353 nec
474 2313 818 2368 magnitudinem
839 2314 1020 2370 negotii,
1035 2329 1112 2355 nee
1130 2315 1404 2357 solitudinem
1425 2333 1560 2368 suam,

126 2383 202 2410 nec
227 2370 311 2410 vim
334 2370 608 2411 inimicorum
643 2385 692 2411 ac
725 2370 808 2411 tela
830 2371 1069 2427 pertimuit.
1128 2372 1252 2414 Alter
1284 2375 1368 2415 fuit
1402 2390 1560 2430 propu-
1573 2381 1624 2415 38

125 2437 279 2483 gnator
310 2442 501 2468 mearum
535 2427 820 2479 fortunarum,
843 2437 887 2468 et
923 2429 1125 2470 defensor
1149 2431 1358 2482 assiduus,
1396 2447 1563 2474 summa.

126 2484 284 2525 virtute
313 2495 356 2525 et
390 2485 565 2540 pietate,
600 2486 651 2526 C.
677 2485 794 2536 Piso,
826 2500 981 2541 gener:
1014 2487 1086 2541 qui
1119 2488 1256 2529 minas
1287 2489 1561 2531 inimicorum

126 2555 334 2592 meorum,
356 2543 428 2596 qui
449 2542 695 2583 inimicitias
719 2543 859 2583 affinis
883 2544 981 2595 mei,
1006 2545 1241 2600 propinqui
1266 2547 1344 2597 sui,
1367 2547 1563 2587 consula-

127 2597 196 2648 ris,
217 2599 290 2653 qui
316 2598 505 2640 Pontum
529 2610 571 2639 et
604 2599 857 2655 Bithyniam
884 2611 1074 2656 quaestor
1109 2616 1184 2657 pro
1217 2618 1312 2644 mea
1335 2604 1469 2644 salute
1493 2618 1565 2643 ne-

118 2654 280 2710 ·glexit.
309 2656 431 2696 Nihil
457 2671 659 2711 umquam
683 2667 854 2698 senatus
879 2659 932 2698 de
947 2658 997 2699 P.
1016 2658 1203 2714 Popillio
1219 2661 1423 2710 decrevit,
1440 2676 1566 2700 num-

128 2726 256 2766 quam
280 2713 322 2753 iu
346 2713 428 2753 hoe
451 2714 600 2754 ordine
625 2714 681 2760 Q.
707 2714 877 2755 Metelli
901 2716 1065 2756 mentio
1088 2716 1205 2757 iacta
1224 2728 1304 2758 est.
1365 2717 1568 2758 Tribuni-

129 2769 205 2808 ciis
229 2780 327 2810 sunt
349 2770 408 2810 illi
433 2771 746 2826 rogationibUS,
762 2771 1000 2813 interfectis
1025 2773 1227 2823 inimicis,
1245 2774 1431 2829 denique
1454 2774 1570 2815 nulla

133 2827 386 2867 auctoritate
421 2838 608 2879 senatus,
632 2829 846 2882 restituti3
878 2845 974 2870 cum
1000 2830 1105 2871 alter
1133 2844 1279 2871 eorum
1306 2833 1470 2873 senatui
1497 2848 1572 2889 pa-
