1817 3169
312 115 410 151 1148
899 116 1149 155 ORATIO

265 215 422 270 b,quod
448 215 541 271 jam
564 216 616 257 de
637 231 702 269 eo,
720 217 787 260 his
810 219 1098 272 audientibus,
1122 234 1236 277 saepe
1258 219 1365 271 dixi,
1396 234 1464 262 me
1496 218 1564 261 ille
1586 219 1647 260 sui
1673 228 1737 260 to-

308 274 391 314 tius
431 273 691 326 consulatus,
724 289 956 332 eorumque
987 277 1214 329 honorum,
1252 293 1358 333 quos
1397 293 1496 319 cum
1527 276 1736 332 proximis

305 331 656 383 communicavit,
691 333 853 374 socium
884 349 975 375 esse
997 337 1037 366 32
1052 335 1200 385 voluit,
1233 334 1400 386 detulit,
1431 334 1645 384 invitavit,
1671 348 1739 373 ro·

306 388 440 442 gavit.
460 402 543 428 non
569 403 661 429 sum
683 403 780 445 ego,
798 400 971 446 propter
993 391 1168 433 nimiam
1187 391 1364 432 fortasse
1386 391 1640 432 constantiae
1664 404 1738 431 cu-

303 444 546 498 piditatem,
568 445 777 487 adductus
809 447 861 488 ad
893 462 1089 490 causam:
1122 463 1205 489 non
1232 448 1514 504 postulabam,
1538 457 1586 488 ut
1607 447 1644 488 ei
1668 461 1737 487 ca-

304 501 496 543 rissimus
515 516 664 553 essem,
679 503 801 558 cujus
823 518 904 559 ego
926 507 966 534 33
982 519 1033 544 ne
1056 505 1273 545 beneficiis
1289 505 1461 559 quidem
1481 504 1736 545 seutentiam

303 571 444 599 meam
466 559 748 600 tradidissem.
808 559 1010 601 Adducta
1040 575 1103 601 res
1136 562 1175 601 in
1211 572 1440 611 certamen,
1475 570 1516 602 te
1548 560 1737 610 consule,

304 616 550 670 putabatur,
572 625 729 665 utrum,
752 631 848 670 quae
870 618 1087 672 superiore
1108 631 1219 658 anno
1255 617 1324 658 ille
1355 618 1567 673 gessisset,
1591 631 1736 658 mane-

306 681 414 723 rent,
437 687 488 713 an
513 673 868 714 rescinderentur.
929 674 1047 720 Quid
1068 674 1217 730 loquar
1236 673 1389 730 plura?
1420 674 1454 716 si
1478 684 1643 714 tantum
1667 673 1736 714 ille

305 729 348 768 in
381 744 448 769 me
467 744 556 770 esse
590 744 674 770 uno
697 730 861 771 roboris
883 739 926 770 et
955 731 1125 773 virtutis
1160 732 1342 787 putavit,
1365 742 1409 771 ut
1433 745 1496 781 ea,
1517 744 1613 784 quae
1646 730 1736 785 ipse

308 795 510 841 gesserat,
533 787 821 839 conciderent,
854 786 887 826 si
919 801 1001 843 ego
1023 788 1297 829 restitissem:
1329 789 1464 829 curci
1492 802 1578 828 non
1611 786 1735 842 iguo—

246 852 296 885 80
309 856 438 892 scam,
475 844 507 883 si
545 844 791 899 anteposuit
823 858 943 885 suam
988 844 1166 886 salutem
1206 848 1342 886 meae?
1394 845 1474 886 Sed
1520 842 1738 900 praeterita

306 900 475 940 omitto.
508 914 575 940 me
607 910 653 940 ut
676 899 758 940 Cn.
783 900 1015 956 Pompeius
1035 902 1236 943 omnibus
1269 902 1354 943 suis
1385 901 1551 951 studiis,
1580 899 1736 941 labori·

308 957 401 1007 bus,
423 957 524 997 vitae
558 956 756 1011 periculis
780 958 1032 1013 complexus
1063 970 1141 1010 est,
1162 974 1261 1000 cum
1292 958 1529 1015 municipia
1559 972 1637 1013 pro
1667 970 1736 997 me

306 1014 455 1063 adiret,
481 1013 617 1054 Italiae
641 1013 770 1054 fidem
798 1014 1059 1070 imploraret,
1092 1016 1142 1056 P.
1166 1015 1347 1057 Lentulo
1369 1016 1548 1066 consuli,
1569 1014 1734 1055 auctori

306 1070 450 1111 salutis
473 1085 596 1120 meae,
621 1069 818 1125 frequens
843 1072 1062 1123 assideret,
1083 1073 1246 1113 senatui
1272 1074 1525 1113 sententiam
1558 1080 1734 1128 praesta-

304 1137 382 1177 ret,
410 1128 453 1168 in
476 1128 757 1168 concionibus
790 1142 874 1169 non
906 1130 1035 1170 modo
1058 1144 1102 1171 se
1131 1129 1398 1170 defensorem
1433 1128 1578 1169 salutis
1611 1142 1734 1177 meae,

303 1185 376 1224 sed
399 1185 529 1224 etiam
552 1185 788 1241 supplicem
820 1200 897 1242 pro
919 1201 988 1227 me
1019 1186 1315 1242 profiteretur:
1346 1186 1474 1242 liujus
1502 1185 1733 1226 voluntatis

303 1255 416 1292 eum,
439 1255 563 1296 quem
590 1242 771 1283 multum
794 1258 919 1298 posse
950 1243 1232 1299 intelligebat,
1255 1243 1359 1284 mihi
1393 1258 1477 1284 non
1512 1242 1733 1283 inimicum

303 1312 393 1338 esse
415 1308 639 1354 cognorat,
663 1300 827 1340 socium
849 1301 928 1340 sibi
952 1310 995 1341 et
1016 1302 1254 1356 adjutorem
1277 1300 1328 1341 C.
1343 1301 1558 1341 Caesarem
1581 1298 1734 1354 adjun-

303 1355 385 1396 xit.
444 1355 545 1397 Jam
567 1356 699 1407 vides,
722 1371 790 1397 me
814 1356 892 1397 tibi
926 1372 1012 1398 nou
1045 1359 1281 1408 inimicum,
1303 1358 1374 1398 sed
1407 1358 1600 1408 hostem3
1631 1355 1735 1395 34il-

301 1411 367 1462 lis,
389 1428 496 1467 quos
519 1412 739 1464 describis,
758 1428 843 1454 non
865 1416 994 1455 modo
1016 1430 1098 1455 non
1120 1416 1290 1463 iratum,
1306 1414 1376 1455 sed
1399 1414 1529 1455 etiarn
1548 1412 1733 1454 amicum

301 1483 393 1509 esse
414 1470 596 1511 debere?
619 1485 801 1525 quorum
818 1471 935 1522 alter,
959 1472 1001 1512 id
1019 1473 1135 1526 quod
1157 1471 1392 1512 meminero
1413 1485 1593 1525 semper,
1613 1482 1736 1525 aeque

304 1526 409 1567 mihi
434 1527 517 1567 fuit
538 1529 715 1579 amicus,
738 1544 786 1569 ac
809 1528 915 1570 sibi:
948 1529 1066 1579 alter,
1091 1529 1131 1570 id
1151 1528 1266 1584 quod
1290 1527 1518 1569 obliviscar
1540 1527 1732 1582 aliquan-

240 1587 287 1621 81
304 1583 374 1634 do,
397 1584 478 1624 sibi
498 1585 690 1636 amicior,
713 1599 839 1641 qnam
862 1585 981 1626 mihi.
1020 1585 1187 1627 Deinde
1208 1585 1290 1626 hoc
1314 1587 1374 1626 ita
1396 1585 1460 1636 fit,
1482 1593 1530 1625 ut
1548 1585 1625 1625 viri
1647 1583 1734 1625 for-

305 1650 381 1691 tes,
404 1642 568 1682 etiamsi
603 1642 714 1683 ferro
738 1643 848 1683 inter
879 1657 921 1683 se
944 1643 1138 1684 cominus
1160 1642 1431 1691 decertarint,
1455 1651 1597 1682 tamen
1629 1640 1732 1681 illud

299 1698 590 1739 contentionis
608 1699 755 1740 odium
779 1699 902 1740 simul
922 1715 1017 1740 cum
1040 1701 1130 1756 ipsa
1154 1714 1299 1756 pugna
1319 1699 1531 1753 armisque
1553 1707 1732 1754 ponant.

297 1754 433 1810 Atqui
456 1770 524 1796 me
548 1755 616 1796 ille
636 1756 776 1797 odisse
798 1771 1030 1811 numquam
1056 1758 1210 1813 potuit,
1233 1771 1285 1797 ne
1308 1766 1397 1797 tum
1421 1755 1609 1810 quidem,
1631 1769 1731 1796 cuin

298 1812 626 1854 dissidebamus.
689 1812 835 1854 Habet
858 1814 938 1855 hoc
963 1814 1110 1865 virtus,
1133 1829 1258 1869 quam
1285 1823 1326 1854 tu
1353 1827 1403 1854 ne
1434 1812 1485 1853 de
1506 1812 1615 1853 facie
1637 1811 1733 1866 qui-

299 1868 397 1909 dem
421 1869 549 1920 nosti,
572 1879 620 1910 ut
640 1870 753 1911 viros
777 1871 906 1911 fortes
935 1872 1096 1925 species
1118 1873 1209 1926 ejus
1232 1880 1273 1911 et
1305 1869 1579 1926 pulchritudo
1601 1869 1731 1910 ctiam

217 1916 342 1965 3311]
370 1926 492 1967 hoste
518 1928 659 1982 posita
677 1927 874 1968 delectet.
937 1928 1146 1982 Equidem
1169 1929 1306 1969 dicam
1332 1942 1385 1968 ex
1408 1927 1567 1977 auimo,
1590 1935 1731 1982 patres

185 1994 218 2023 P·
234 1987 285 2017 97-
300 1985 547 2039 conscripti,
581 1984 694 2039 quod
734 1986 886 2036 sentio,
925 1996 968 2026 et
1005 1987 1117 2040 quod
1155 1986 1275 2026 vobis
1306 1985 1577 2025 audientibus
1617 1996 1732 2038 saepe

255 2036 384 2094 a'Jam
410 2041 516 2082 dixi.
578 2042 622 2082 Si
646 2041 753 2082 mihi
776 2057 1006 2097 numquam
1031 2043 1191 2083 amicus
1216 2042 1267 2082 C.
1294 2041 1440 2082 Caesar
1471 2040 1635 2090 fuisset,
1657 2039 1730 2080 sed

297 2112 464 2152 semper
501 2099 655 2140 iratus:
693 2099 724 2139 si
762 2109 1058 2154 aspernaretur
1096 2099 1330 2140 amicitiam
1370 2112 1522 2148 meam,
1555 2110 1730 2151 seseque

294 2154 401 2195 milii
425 2155 743 2211 implacabilem
766 2160 805 2187 35
822 2156 1212 2212 inexpiabilemque
1244 2157 1477 2212 praebei·et:
1512 2165 1653 2195 tamen
1675 2153 1730 2204 ei,

1031 2322 1079 2351 pr.
1097 2321 1220 2342 omnes.
1257 2312 1385 2342 Primus
1401 2311 1502 2342 Aldus
1517 2310 1560 2340 N.
1577 2309 1665 2340 dedit
1678 2312 1728 2339 ta-

335 2313 374 2340 532
397 2312 510 2347 voluil,
526 2312 734 2347 darili-‘Ama
758 2312 843 2351 νος]
870 2313 908 2342 Iu
936 2312 987 2341 de-

1032 2355 1095 2384 citc
1119 2354 1387 2394 inexplicabilem,
1409 2363 1502 2392 quem
1527 2357 1656 2383 secutus
1679 2355 1729 2381 est

293 2355 370 2383 tulit
399 2353 648 2392 intelligendum
688 2356 830 2389 houm-es,
859 2354 897 2383 (le
926 2364 988 2392 quo

293 2405 390 2435 supra
405 2396 499 2426 dixit.
537 2396 599 2426 Sed
615 2397 645 2426 id
659 2403 708 2425 est
724 2396 754 2426 h.
772 2396 793 2426 l.
809 2397 918 2436 paullo
932 2396 990 2426 du-

294 2448 370 2467 rius.

335 2483 374 2510 :³3
403 2489 442 2509 ne
483 2479 641 2520 beneficiis
668 2481 796 2519 quidem
826 2484 906 2509 sent.
945 2490 989 2509 m.

294 2522 396 2561 trad]
416 2522 612 2561 Eleganu-r:
631 2532 671 2551 ne
688 2522 989 2561 propter-beneficia

293 2565 423 2602 quidem
438 2565 470 2593 in
484 2565 637 2593 omnibus
648 2566 909 2602 sensissvnnquae
922 2565 989 2603 ipse

292 2606 402 2636 vellet.
428 2616 467 2635 ue
495 2607 617 2646 primus
640 2607 763 2635 addidit
792 2617 830 2637 ex
858 2607 988 2643 ingenio

293 2648 483 2678 Lambinus.
500 2653 598 2678 recte.
614 2658 687 2678 narn
704 2658 816 2677 sensus
831 2648 987 2687 postulat.

334 2694 373 2721 :34
389 2692 453 2719 illis
467 2701 542 2729 quos
556 2690 719 2729 ‹lem-ribisj
745 2691 833 2729 Quos
850 2700 915 2719 non
931 2700 988 2719 no-

293 2733 443 2762 minatim
461 2742 709 2765 commemoras.
723 2732 849 2767 sedita,
867 2738 915 2768 nt,
931 2732 986 2770 qui

290 2776 370 2809 sint,
388 2774 527 2813 intelligi
552 2775 662 2814 possit.
685 2774 723 2803 (le
745 2784 809 2813 qno
826 2783 884 2804 usu
900 2774 987 2804 verbi

290 2827 320 2846 v.
337 2816 427 2847 Clav.

332 2862 372 2888 35
388 2858 688 2898 inat-piabilemqm]
706 2858 756 2888 Sic
770 2858 849 2888 Μῦς.
865 2862 898 2888 et
913 2857 984 2888 edd.

1034 2397 1115 2426 nihil
1131 2397 1308 2426 admonens
1321 2396 1490 2425 Gruterus,
1508 2396 1644 2425 Secutus
1654 2403 1728 2424 sum

1032 2448 1226 2468 consensum
1246 2438 1413 2467 libroruin.
1430 2443 1574 2467 ceterum
1590 2435 1728 2466 difficul-

1032 2485 1082 2509 tas
1105 2481 1137 2509 in
1160 2481 1295 2518 antiqua
1318 2479 1456 2509 lectione
1471 2486 1519 2508 est
1544 2478 1625 2514 haec,
1641 2476 1727 2516 qnod

1033 2532 1081 2551 res
1104 2521 1230 2561 quiden}
1255 2521 1408 2551 dicuntur
1430 2521 1563 2559 expiari,
1584 2519 1726 2560 expiabi-

1033 2563 1090 2599 les,
1105 2563 1244 2602 adeoque
1256 2569 1289 2593 et
1300 2563 1521 2603 inexpiabiles,
1537 2573 1600 2593 non
1615 2567 1724 2592 autem

1032 2605 1191 2641 homines,
1208 2606 1245 2635 de
1262 2614 1325 2643 qno
1341 2616 1370 2635 v.
1388 2606 1501 2636 Burin.
1520 2605 1559 2635 ad
1581 2603 1723 2644 Quintil.

1034 2647 1078 2683 Η,
1099 2648 1143 2677 16.
1189 2648 1336 2677 Olixctus
1352 2648 1445 2677 affert
1461 2657 1571 2677 manes
1587 2651 1727 2677 mortuo-

1032 2700 1106 2719 rum
1120 2691 1263 2729 capiare,
1281 2699 1337 2727 pro
1354 2700 1418 2728 quo
1433 2695 1465 2719 ct
1483 2689 1602 2719 dicitur
1615 2697 1726 2719 manes

1025 2733 1181 2771 placare:
1205 2732 1291 2769 quod
1315 2737 1363 2761 est
1388 2741 1465 2762 sane
1487 2731 1579 2761 valde
1602 2730 1724 2771 specio·

1030 2783 1121 2803 suni:
1146 2773 1200 2803 sed
1224 2779 1335 2803 tamen
1361 2779 1394 2804 et
1418 2775 1451 2803 in
1477 2773 1540 2803 hoc
1567 2782 1631 2803 non
1655 2776 1724 2802 tam

1030 2825 1152 2851 manes,
1176 2823 1211 2845 nt
1240 2825 1397 2854 personae,
1421 2815 1476 2845 sed
1501 2820 1539 2845 ut
1564 2814 1724 2845 attributa

1030 2867 1236 2888 mortuorum
1254 2858 1511 2888 considerantur.
1541 2857 1726 2896 Inexplieae-
