1785 3185
280 97 377 132 1292
867 86 1113 128 ORATIO

275 205 492 251 nepotem.
524 208 781 250 quamquam
807 202 847 234 te
871 195 1029 235 bonum
1053 195 1180 235 timor
1204 192 1403 245 faciebat,
1433 205 1516 236 non
1538 195 1703 237 diutur*

276 265 356 293 nus
387 253 590 307 magister
619 251 776 292 officii:
810 249 1053 306 improbum
1086 251 1188 291 fecit
1214 264 1277 301 ea,
1300 266 1411 305 quae,
1442 252 1542 293 dum
1576 254 1703 294 timot

277 310 412 359 abest,
435 324 459 349 a
482 320 522 349 te
545 324 629 350 non
651 308 845 356 discedit,
869 308 1060 348 audacia.
1121 307 1212 348 Etsi
1238 318 1342 358 turn,
1366 322 1462 349 cum
1485 310 1699 365 optimum

278 374 320 406 te
352 366 575 421 putabant,
606 379 674 406 me
703 365 875 418 quidem
906 364 1195 414 dissentiente,
1217 367 1256 397 73
1281 364 1416 404 funeri
1457 367 1640 422 tyranni,
1664 366 1699 406 si

278 421 405 463 funus
439 423 540 464 illud
574 422 670 472 fuit,
706 421 1025 462 sceleratissime
1057 420 1282 474 praefuisti.
1321 430 1392 461 tua
1424 422 1492 462 illa
1524 423 1700 477 pulchra

211 484 259 519 91
278 479 480 529 laudatio,
505 490 577 520 tua
598 478 828 527 miseratio,
858 486 930 516 tua
958 476 1216 517 cohortatio.
1275 475 1356 527 Tu,
1389 486 1430 518 tu
1465 479 1554 519 illas
1586 479 1702 520 faces

276 536 519 577 incendisti.
551 545 592 576 et
615 550 698 583 eaS,
721 534 875 588 quibus
899 532 1214 573 semiustulatus
1243 532 1310 572 ille
1334 544 1411 583 est,
1435 544 1478 575 et
1498 550 1582 585 eas,
1605 536 1700 590 qui-1

276 594 354 634 bus
378 593 548 634 incensa
573 593 620 631 L.
643 590 821 630 Bellieni
850 589 1002 629 domus
1024 589 1292 644 deflagravit.
1325 600 1370 630 tu
1401 591 1492 632 illos
1516 593 1699 647 impetus

273 651 537 706 perditorum
560 647 798 695 hominum,
820 655 876 696 et,
899 661 953 686 ex
977 646 1164 685 maxima
1189 656 1321 700 parte,
1344 660 1575 699 servorum,
1591 664 1699 703 quos

272 721 350 746 nos
371 708 409 747 vi
432 719 643 759 manuque
663 703 907 758 repulimuS,
929 702 969 742 in
991 712 1154 742 nostras
1168 702 1318 742 domos
1334 702 1561 745 immisisti.
1588 705 1699 746 idem

274 772 431 813 tamen,
454 762 571 817 quasi
600 760 777 815 fuligine
805 759 1210 813 abstersa,·reliquis
1239 760 1388 799 diebus
1413 761 1454 800 in
1480 760 1696 816 Capitolio

271 819 476 875 pratel-ara
498 827 666 858 senatus
690 815 884 856 consulta
906 815 1060 865 fecisti,
1085 830 1136 855 ne
1166 830 1249 870 qua
1272 826 1366 871 post
1395 815 1492 857 [dns
1519 810 1698 859 Martias

272 875 554 917 immunitatis
599 872 756 923 tabula,
800 886 904 912 neve
945 872 1197 926 cujusquam
1245 873 1438 913 beneficii
1482 874 1697 929 figeretur.

271 933 505 973 meministi
544 932 634 986 ipse
685 930 737 969 de
777 928 1011 978 exsulibus,
1055 929 1151 978 scis,
1188 929 1240 969 de
1283 931 1552 971 immunitate
1594 932 1697 986 quid

270 990 445 1030 dixeris.
476 992 516 1022 Ἃ
534 987 747 1043 optimum
771 999 883 1035 vere,
914 984 1028 1039 quod
1057 986 1280 1027 dictaturae
1306 1001 1459 1027 nomen
1483 988 1524 1027 in
1550 1002 1698 1044 perpe·-

273 1056 392 1086 tuum
428 1046 479 1085 de
500 1043 720 1099 republica
741 1041 962 1082 sustulisti.
994 1057 1078 1095 quo
1108 1043 1279 1096 quidem
1312 1043 1424 1094 sacto
1455 1054 1618 1085 tantum
1653 1055 1694 1086 tc

272 1103 436 1158 cepisse
476 1102 622 1141 odium
665 1100 782 1155 regni
821 1099 1056 1149 videbatur,
1101 1109 1146 1138 ut
1178 1099 1269 1154 ejus
1303 1114 1488 1150 onmem,
1523 1112 1696 1157 propter

206 1180 255 1214 92
276 1160 517 1214 proximum
550 1158 819 1206 dictatorem,
850 1155 1015 1195 tolleres
1039 1167 1214 1196 metum.
1276 1156 1525 1198 Constituto.
1552 1173 1696 1215 respu-

277 1216 385 1257 blica
408 1215 631 1255 videbatur
660 1213 766 1262 aliis,
800 1212 904 1253 mihi
931 1227 1028 1252 vero
1055 1212 1168 1253 nullo
1191 1213 1335 1263 niodo,
1362 1215 1433 1268 qui
1464 1216 1622 1265 onmia,
1653 1226 1694 1256 te

271 1274 552 1329 gubernante,
576 1269 800 1325 naufragia
821 1270 1079 1310 metuebam.
1141 1269 1257 1309 Num
1282 1284 1348 1310 tue
1372 1272 1503 1326 igitur
1520 1271 1695 1314 fefellit?

270 1339 343 1370 aut
375 1344 476 1370 num
511 1328 671 1368 diutius
702 1327 763 1367 sui
797 1326 937 1382 potuit
965 1340 1054 1366 esse
1078 1325 1320 1368 dissimilis?
1354 1327 1693 1383 inspectantibus

270 1387 407 1437 vobis,
432 1395 523 1426 toto
549 1383 766 1439 Capitolio
791 1382 946 1423 tabula}
971 1383 1238 1438 figebantur:
1280 1398 1416 1438 neque
1443 1384 1578 1425 solum
1609 1387 1694 1427 sin-

131 1471 162 1502 „
182 1463 250 1494 178.
269 1444 379 1499 gulis
413 1443 641 1484 veniebant
672 1440 978 1490 immunitates,
1009 1439 1081 1479 sed
1112 1440 1237 1480 etiam
1273 1441 1441 1495 populis
1473 1442 1694 1484 universis.

220 1513 250 1533 ²1·
267 1501 419 1542 civitas
453 1513 536 1540 non
576 1499 668 1554 jam
703 1497 936 1553 sigillatim,
971 1497 1042 1537 sed
1076 1497 1308 1551 provinciis
1353 1499 1454 1538 totis
1496 1499 1691 1540 dabatur.

269 1558 421 1613 Itaque
452 1557 484 1598 si
513 1556 606 1596 haee
641 1564 827 1601 manent,
859 1569 955 1608 quai
988 1563 1127 1594 stante
1157 1554 1377 1608 republica
1405 1569 1575 1596 manere
1607 1571 1690 1598 non

267 1624 460 1670 possunt,
482 1612 722 1669 provincias
741 1612 970 1660 universas,
993 1620 1134 1666 patres
1152 1612 1400 1667 conscripti,
1424 1612 1689 1667 perdidistis:

267 1686 403 1726 neque
418 1669 645 1725 vectigalia
665 1668 815 1717 solum,
836 1668 905 1708 sed
925 1668 1052 1708 etiam
1075 1667 1301 1722 imperium
1320 1669 1467 1723 populi
1490 1669 1689 1720 Romani,

177 1725 246 1778 37
267 1729 394 1783 liujus
416 1726 662 1769 domesticis
689 1725 889 1766 nundinis
912 1724 1180 1765 deminutum
1202 1736 1281 1765 est.
1344 1726 1426 1766 Ubi
1449 1736 1512 1766 est
1534 1728 1689 1782 septies

198 1797 247 1831 93
267 1786 415 1826 millies
439 1784 693 1833 sestertium,
716 1781 829 1837 quod
849 1781 890 1822 in
911 1781 1082 1832 tabulis,
1103 1796 1200 1836 quae
1219 1793 1316 1822 sunt
1339 1782 1388 1822 ad
1415 1782 1538 1838 Opis,
1562 1787 1602 1817 75
1618 1799 1691 1839 pa-

265 1844 410 1884 tebat?
453 1841 634 1882 funestae
668 1839 778 1880 illius
811 1839 983 1893 quidem
1018 1839 1226 1894 pecuniae,
1260 1839 1331 1879 scd
1366 1849 1522 1891 tamen,
1556 1841 1590 1880 si
1624 1842 1689 1891 iis,

260 1913 442 1954 quorum
477 1909 580 1946 erat,
613 1911 698 1937 non
732 1896 1020 1945 redderentur,
1051 1910 1147 1949 quae
1181 1909 1256 1935 nos
1288 1911 1312 1935 a
1344 1897 1515 1936 tributis
1548 1909 1691 1952 posset

262 1957 492 1997 vindicare.
552 1954 617 1995 Tu
660 1962 803 1994 autem
844 1952 1193 2008 quadringenties
1245 1951 1340 1993 II-b'
1379 1953 1494 2007 quod
1537 1953 1686 1995 Idibus

262 2013 436 2053 ll'iartiis
455 2012 655 2060 debuisti,
675 2024 861 2065 quonam
882 2009 1010 2050 modo
1030 2017 1128 2050 ante
1153 2008 1361 2050 Kalendas
1381 2010 1540 2065 Aprilis
1562 2012 1687 2052 76de-

261 2071 361 2110 bere
383 2069 556 2111 desisti?
587 2072 624 2102 77
645 2068 755 2108 Sunt
783 2081 834 2107 ea
864 2066 1037 2121 quidem
1069 2066 1409 2115 innumerabilia,
1440 2081 1536 2121 quae
1568 2083 1592 2108 a
1622 2069 1687 2109 di-

260 2128 390 2168 versis
413 2126 678 2176 emebantur,
701 2139 784 2165 non
811 2123 1016 2165 insciente
1041 2131 1105 2165 te:
1139 2123 1210 2164 sed
1233 2138 1364 2164 unum
1388 2124 1610 2179 egregium
1633 2126 1686 2167 <le

992 2242 1118 2268 turam.

1033 2282 1074 2312 74
1097 2280 1252 2320 optimum
1280 2280 1365 2319 vere]
1404 2279 1492 2311 Male
1520 2290 1592 2310 vere
1612 2282 1685 2313 edd.

993 2321 1089 2352 Grut.
1117 2322 1225 2352 Graev.
1254 2331 1425 2361 operarum
1465 2322 1559 2353 credo
1592 2324 1684 2355 vitio.

257 2244 332 2271 nut.
369 2240 485 2271 Lamh.
517 2239 676 2276 Graexius,
720 2241 757 2268 ut
793 2237 948 2278 glossam,

254 2287 413 2322 putatque
433 2283 591 2318 Graevius,
619 2282 728 2312 addito
755 2283 814 2312 hoc
841 2281 949 2311 minus

253 2327 398 2355 facetum
425 2324 494 2354 ficri
522 2325 642 2358 locum,
664 2333 759 2363 quam
787 2327 848 2359 est,
873 2333 947 2352 cuni

247 2376 390 2407 puerum
406 2367 540 2396 nobilem
555 2367 667 2396 statim
681 2367 828 2404 sequitur
843 2364 947 2395 Bam-

254 2409 389 2438 balionis
401 2413 554 2446 nepotem.
598 2408 694 2447 Quod
717 2416 765 2438 est
786 2416 862 2437 sane
876 2415 947 2447 spe-

253 2452 389 2481 ciosum.
435 2451 585 2480 Muretus
598 2456 710 2479 tamen
723 2449 874 2479 servavit.

295 2491 468 2531 73s1me7·i
497 2492 643 2531 (tyranni,
672 2492 699 2521 si
724 2490 837 2529 fimus
865 2490 950 2519 illud

244 2533 331 2573 ficit,
345 2535 587 2564 sceleratissime
596 2534 646 2573 μ]
665 2534 716 2563 Sic
731 2543 805 2562 euni
823 2532 947 2562 Faerno

251 2582 285 2606 et
300 2577 370 2606 aliis
386 2577 542 2607 edidimus
556 2587 572 2605 e
584 2575 646 2605 Ms.
668 2575 742 2606 Vat.
758 2573 843 2613 quod
862 2574 945 2603 Gru-

250 2625 340 2649 terus
355 2619 421 2659 ipse
444 2619 615 2658 probabat,
632 2618 657 2646 si
683 2628 722 2647 ex
739 2616 802 2646 ·illo
828 2615 945 2646 Codice

250 2665 335 2690 esset
357 2671 376 2690 a
403 2660 528 2690 Faerno
553 2666 586 2689 et
612 2659 743 2689 Murem
765 2659 944 2697 prolatum.

248 2704 493 2733 sceleratissime
512 2708 560 2733 est
575 2701 673 2732 etiam
691 2704 724 2730 in
741 2700 811 2731 edd.
838 2709 883 2740 pr.
911 2704 944 2729 et

248 2744 314 2775 Ms.
337 2745 380 2775 H.
431 2745 468 2774 In
492 2745 603 2783 vulgg.
622 2742 717 2774 hodie
736 2748 784 2773 est
807 2742 943 2780 tyranni

245 2787 335 2817 illius
360 2787 610 2817 sceleratissimi.

246 2829 356 2859 ticana
382 2828 468 2860 haud
492 2828 602 2868 paullo
628 2827 744 2857 melior
768 2832 828 2857 est.
881 2826 940 2856 Su-

245 2879 304 2911 pra
329 2870 481 2903 similiter
505 2870 587 2901 dixit
612 2870 809 2910 insepultam
835 2869 942 2908 sepul.

993 2364 1071 2393 Mss.
1096 2364 1158 2393 Gu.
1188 2363 1227 2394 L.
1251 2365 1294 2394 H.
1325 2370 1357 2393 et
1385 2364 1456 2395 edd.
1484 2375 1530 2405 pr.
1559 2364 1681 2396 babent

990 2415 1075 2441 vero,
1091 2405 1176 2445 quod
1194 2406 1408 2436 restituimus.

1032 2450 1072 2481 75
1098 2447 1248 2487 patebat]
1289 2448 1360 2477 Hoc
1387 2449 1529 2487 primum
1559 2459 1576 2477 e
1603 2449 1680 2479 Vat.

990 2488 1115 2518 editum
1130 2494 1180 2519 est
1196 2499 1253 2528 pro
1269 2489 1357 2527 vulg.
1373 2491 1513 2530 petebat.
1558 2490 1682 2521 Patere

990 2531 1035 2560 sic
1060 2537 1108 2561 est
1131 2536 1164 2560 et
1192 2541 1248 2570 pro
1274 2531 1369 2561 Rosc.
1395 2534 1488 2564 Com.
1513 2535 1542 2564 2.
1570 2533 1622 2563 Sic
1645 2538 1681 2564 et

991 2574 1055 2603 ΜΞ.
1072 2572 1180 2603 Guelf.
1197 2574 1274 2603 item
1292 2573 1329 2603 L.
1350 2573 1391 2603 ΙΙ.
1408 2585 1452 2605 ni.
1468 2584 1493 2604 5.

1030 2616 1071 2647 76
1093 2615 1203 2644 debere
1215 2614 1336 2654 desisti]
1366 2616 1436 2646 Hoc
1452 2615 1567 2646 melius
1582 2626 1681 2655 quam

988 2657 1158 2696 vulgatum
1181 2658 1312 2687 desiisti.
1357 2659 1409 2687 Sic
1427 2658 1490 2688 Ms.
1515 2658 1553 2690 L.
1571 2658 1679 2688 Guelf.

988 2700 1040 2728 Sic
1053 2706 1086 2729 et
1101 2699 1199 2728 tacite
1215 2699 1313 2729 edidit
1330 2700 1488 2730 Graevius.

1029 2744 1067 2774 77
1106 2740 1194 2770 Sunt
1221 2751 1260 2770 ea
1286 2741 1428 2781 quidem]
1469 2743 1550 2773 Haec
1577 2751 1679 2780 usque

663 2784 725 2814 Sed
754 2784 850 2814 lectio
878 2783 942 2814 Va-
985 2782 1026 2812 ad
1048 2783 1149 2815 finem
1173 2783 1287 2824 capitis
1308 2783 1428 2815 absunt
1452 2795 1471 2818 a
1492 2785 1556 2816 ΜΕ.
1572 2784 1680 2815 Guelf.

987 2824 1031 2857 H.
1046 2824 1084 2856 L.
