1769 3174
0 156 2 213 l
34 202 105 244 die
123 205 161 237 87
177 203 336 258 aliquid
359 202 516 245 defecti
539 201 767 243 afferebat:
801 202 870 243 ille
890 201 1110 243 hominem
1128 202 1235 244 mihi
1258 204 1466 245 amicissi-

0 249 2 272 l
36 267 168 311 inum,
194 260 276 302 Cn.
303 260 571 324 Pompeium,
602 260 820 310 monebat,
842 268 890 300 ut
922 272 1060 299 meam
1091 259 1268 300 domum
1303 272 1465 302 metue-

0 340 1 356 1
34 326 111 366 ret,
134 327 262 372 atque
283 333 308 358 a
329 332 397 358 me
428 317 521 373 ipso
544 325 738 358 caveret:
771 316 840 357 ille
875 330 918 356 se
953 316 1014 356 sic
1036 329 1134 357 cum
1167 317 1342 357 inimico
1366 332 1462 359 meo

0 378 1 383 ’
33 375 269 428 copulamrit
303 384 350 415 ut
382 373 500 415 illum
533 388 641 415 meae
684 372 1024 429 proscriptionis,
1058 387 1186 427 quam
1224 374 1463 437 adjuvabat

0 460 1 471 i
33 430 135 471 Sex.
160 431 351 482 Clodius,
374 431 535 472 homo
527 431 577 471 lis
600 430 891 486 dignissimus,
913 430 1171 485 quibuscum
1196 430 1315 480 vivit,
1339 432 1462 471 tabu-

32 487 114 528 lam
136 502 241 538 esse,
264 503 307 530 se
329 488 580 545 scriptorem
599 487 784 529 dicerzet
818 487 886 528 ille
908 501 1017 528 unus
1035 486 1196 528 ordinis
1221 487 1353 527 nostri
1375 488 1462 528 dis-

30 558 151 585 cessu
177 559 286 596 meo,
310 545 426 587 luctu
449 555 604 595 vestre,
628 559 669 600 p
657 544 708 586 11
699 559 766 585 tm
789 544 1035 585 exsultavit.
1058 544 1110 584 de
1132 558 1217 599 quo
1241 558 1337 600 ego,
1360 559 1459 585 cum

0 614 1 683 J
30 602 222 666 quotidie
264 611 417 654 rueret,
453 603 628 644 verbum
669 601 766 651 feci,
802 602 988 657 judiceS‚
1027 615 1287 665 numquam:
1322 615 1460 664 neque

30 659 194 714 putavi,
216 674 314 701 cum
345 660 545 701 omnibus
578 659 787 701 machinis
823 673 872 699 ac
905 658 1144 722 tormentis,
1167 658 1223 709 vi,
1248 660 1457 709 exercitu,

0 716 169 772 copiis
192 731 479 773 oppugnarem
501 719 540 749 88
553 716 606 757 de
631 731 715 757 uno
737 716 960 771 sagittario
984 730 1050 756 me
1071 715 1189 770 queri
1211 730 1322 756 conv
1326 716 1456 756 enirc.

31 771 144 814 Acta
165 787 259 815 mea
281 774 361 815 sibi
395 775 454 815 ait
485 773 732 830 displicere:
765 774 860 827 quis
889 772 1054 814 nescit?
1085 773 1158 828 qui
1192 772 1330 828 legem
1361 786 1455 813 eam

32 838 296 881 contemnat,
328 846 425 886 quae
458 830 643 872 dilucide
681 839 811 880 vetat,
850 829 1106 886 gladiatores
1146 829 1334 880 biennio,
1369 845 1455 893 quo

0 905 2 927 >
30 887 125 942 quis
149 888 334 943 petierit,
357 897 430 929 aut
453 888 664 944 petiturus
692 887 760 937 sit,
783 862 909 928 daie?
943 885 993 928 In
1015 901 1101 942 quo
1123 886 1215 951 ejus
1241 887 1455 928 temerita-
1473 891 1544 925 134

0 968 1 988 i
31 953 117 984 tem
140 945 241 986 satis
263 945 420 996 mirari,
436 945 622 1009 Ἣῂυάἰορ5,
642 958 726 985 non
750 958 877 998 queo
895 943 1000 985 facit
1022 944 1289 1000 apertissime
1307 953 1457 985 contra

30 1000 194 1056 legem:
227 1001 361 1043 facit
352 1017 401 1053 1s,
424 1003 497 1066 qui
520 1016 658 1058 neque
679 1001 788 1042 elabi
811 1016 865 1042 ex
881 1001 1051 1057 judicio
1068 1001 1343 1056 jucunditate
1365 1016 1455 1053 sua,

0 1076 1 1085 ¹
31 1072 169 1114 neque
190 1059 328 1099 emitti
360 1061 498 1115 gratia
521 1068 677 1115 potest,
707 1073 846 1113 neque
867 1059 1022 1114 opibus
1052 1068 1096 1099 et
1128 1059 1323 1114 potentia
1343 1059 1459 1114 leges

29 1129 79 1156 ac
104 1115 272 1171 judicia
293 1117 570 1172 perfringere.
632 1117 743 1163 Quae
772 1131 834 1157 res
858 1115 1076 1156 hominem
1106 1115 1302 1170 impellit,
1326 1126 1372 1156 ut
1383 1092 1458 1156 sm

0 1192 1 1198 ¹
31 1181 118 1214 tam
151 1173 465 1229 intemperans?
506 1173 595 1215 lsta
628 1173 760 1215 nimia
791 1172 940 1229 gloriae
974 1173 1213 1228 cupiditate
1251 1172 1459 1213 familiam

0 1269 1 1286 ἒ
29 1229 141 1286 gladi
147 1231 343 1282 ¹1toriam‚
365 1231 506 1282 credo,
528 1240 679 1272 nactus
701 1240 780 1280 est,
803 1231 1055 1287 speciosam,
1075 1230 1277 1281 nobilem,
1301 1229 1460 1286 glorio-

30 1301 134 1328 sam.
165 1296 290 1329 norat
322 1288 462 1330 studia
495 1288 669 1345 populi:
701 1288 875 1329 videbat
907 1287 1113 1329 clamores
1149 1297 1193 1328 et
1227 1302 1460 1329 concursus

0 1347 1 1359 ³
30 1344 212 1386 futuros.
273 1344 370 1387 Hac
400 1346 724 1402 exspectatione
754 1345 888 1386 elatus
918 1345 1062 1395 homo,
1086 1345 1270 1400 flagrans
1293 1345 1461 1402 cupidi-

0 1411 1 1440 }
32 1410 119 1442 tate
138 1402 301 1458 gloriae,
322 1412 463 1444 tenere
485 1417 528 1444 se
550 1418 635 1445 non
656 1402 811 1459 potuit,
833 1403 937 1458 quin
958 1402 1034 1443 hos
1057 1401 1313 1458 gladiatores
1337 1402 1461 1443 indu-

0 1495 1 1503 ,
31 1469 160 1511 ceret,
182 1473 363 1515 quorum
385 1470 496 1501 esset
517 1460 607 1524 ipse
637 1459 962 1516 pulcherrimus.
1023 1459 1068 1500 Si
1091 1461 1147 1500 ob
1172 1473 1263 1499 eam
1288 1474 1460 1500 causam

29 1526 240 1571 peccaret,
262 1526 318 1568 et,
342 1531 419 1573 pro
442 1517 600 1559 recenti
626 1517 770 1573 populi
794 1517 916 1558 Rom·
910 1517 979 1557 1ni
1002 1516 1043 1557 in
1069 1532 1111 1556 se
1136 1516 1359 1566 beneficio,
1385 1531 1461 1572 po-

27 1574 163 1629 pulari
187 1574 328 1615 studio
350 1574 510 1627 elatus;
542 1583 685 1616 tamen
714 1575 957 1631 ignosceret
980 1588 1130 1614 nemo:
1163 1588 1260 1614 cum
1286 1589 1384 1614 vero
1408 1588 1461 1614 ne

27 1630 80 1671 de
103 1631 321 1672 venalibus
343 1632 516 1687 quidem
540 1609 756 1673 homine?
756 1632 930 1682 electos,
953 1631 1025 1672 scd
1048 1645 1102 1671 ex
1125 1630 1348 1686 ergastulis
1372 1645 1461 1671 em-

30 1694 110 1738 tos,
134 1689 380 1730 nominibus
414 1689 679 1745 gladiatoriis
701 1690 878 1740 ornarit,
900 1698 942 1729 et
977 1689 1129 1729 sortito
1152 1689 1256 1728 1lios
1292 1688 1460 1728 Samni-

30 1752 107 1796 tes,
139 1745 242 1786 alios
275 1723 584 1787 Provocatores
618 1746 792 1798 fecerit3
825 1756 943 1787 tanta
964 1746 1107 1786 licenti
1114 1761 1151 1795 a,
1174 1755 1294 1785 tanta
1315 1745 1460 1800 legum

29 1804 281 1854 contemtio,
309 1806 488 1859 89quem
520 1803 720 1845 habitura
748 1805 804 1845 sit
835 1804 1016 1853 exitum,
1045 1817 1131 1843 non
1168 1802 1459 1858 pertimescit?

31 1858 115 1900 Sed
148 1859 278 1902 habet
309 1860 577 1902 defensiones
604 1861 733 1902 duas:
767 1861 968 1917 primum,
1001 1859 1086 1910 Do,
1113 1859 1268 1914 inquit,
1302 1860 1546 1907 bestia-135

27 1915 137 1958 rios:
170 1917 239 1958 lex
261 1927 325 1958 est
347 1918 506 1974 scripta
526 1919 579 1959 de
601 1918 924 1974 gladiatoribus.
976 1921 1017 1952 90
1032 1917 1215 1957 Festive.
1257 1916 1459 1972 Accipite

25 1971 187 2028 aliquid
209 1975 337 2015 etiam
361 1976 541 2017 acutius.
564 1975 670 2017 dicit
701 1990 744 2016 se
765 1979 800 2010 9¹
819 1990 902 2016 non
935 1974 1206 2031 gladiawoies,
1230 1974 1302 2014 sed
1325 1988 1458 2015 unum

28 1989 308 2086 gleiiliatorem
330 2032 444 2084 dare,
467 2043 509 2074 et
532 2042 665 2073 totam
689 2032 938 2074 aedilitatem
970 2032 1011 2073 in
1042 2047 1195 2072 munus
1220 2031 1302 2072 hoc
1325 2040 1460 2072 trans-

29 2087 188 2129 tulisse.
260 2089 472 2130 Praeclara
510 2089 705 2131 aedilitas.
747 2105 854 2130 unus
896 2089 987 2130 leo:
1036 2089 1209 2131 ducenti
1256 2089 1458 2129 bestiarii.

30 2143 189 2186 Verum
211 2155 354 2187 utatur
377 2146 455 2187 hac
477 2147 747 2189 defensione:
780 2147 909 2203 cupio
931 2161 1028 2187 eum
1053 2161 1138 2187 suae
1161 2160 1301 2187 causae
1324 2145 1460 2186 confi-

27 2201 140 2243 dere.
200 2203 318 2244 Solet
340 2204 452 2245 enim
478 2206 670 2245 tribunos
697 2204 830 2260 plebis
861 2204 1088 2260 apnellzue,
1111 2213 1153 2244 et
1178 2204 1217 2243 vi
1242 2203 1460 2257 judicium

28 2258 281 2314 disturbare,
320 2276 418 2302 curn
460 2261 632 2303 diffidit
675 2276 802 2317 quem
845 2276 931 2302 non
975 2270 1060 2302 tam
1103 2261 1304 2312 admiror,
1345 2259 1463 2316 quod

528 100 644 138 PRO
672 100 716 137 P.
741 99 970 137 SEXTIO.
1364 104 1437 140 101

68 2388 104 2420 87
122 2387 250 2427 aliquid
261 2385 376 2427 defecti
390 2385 465 2427 affl]
482 2386 614 2427 Dqs'eeti
627 2388 722 2417 vitio-
766 2391 854 2418 recte
876 2387 964 2417 dedit
979 2387 1150 2424 Gruterus,
1167 2397 1225 2428 pro
1242 2387 1376 2426 vulgato
1390 2397 1464 2419 non.

27 2437 100 2459 sum
129 2439 208 2466 esse,
237 2419 332 2459 facile
369 2439 481 2460 omnes
519 2428 723 2470 intelligunt.
766 2429 828 2460 Sed
852 2430 884 2459 in
910 2430 976 2459 fine
997 2429 1068 2460 dedi
1094 2440 1156 2460 non
1178 2430 1404 2469 pertimescit?
1426 2440 1466 2460 ex

28 2469 162 2510 Optima
176 2472 335 2501 correctio
349 2477 399 2502 est
423 2472 457 2501 P.
474 2471 630 2507 Manum,
651 2481 723 2510 pro·
766 2472 837 2502 edd.
855 2482 903 2511 pr.

28 2511 104 2543 bata
133 2513 315 2545 lambino:
350 2515 477 2554 aliquid
503 2514 541 2544 de
571 2524 621 2544 me
647 2515 724 2555 ficti
809 2517 850 2547 90
874 2512 1012 2552 Festive]
1039 2513 1139 2552 Quasi
1167 2523 1233 2543 non
1258 2517 1293 2543 et
1320 2513 1465 2543 bestiarii

29 2553 90 2595 qff'
766 2556 833 2585 sint
849 2556 1055 2595 gladiatores

69 2599 108 2628 88
131 2597 170 2628 de
192 2606 256 2627 uno
277 2599 421 2635 sagittam
423 2597 466 2636 ιο]
492 2597 544 2628 Sic
568 2608 624 2637 per
646 2607 723 2628 con·
808 2602 843 2631 91
867 2609 928 2628 non
942 2598 1155 2636 gladiatores,
1172 2597 1227 2626 secl
1238 2607 1343 2627 unum
1354 2596 1462 2636 glad]

29 2641 170 2669 temtum
193 2639 336 2679 appellat
351 2640 534 2670 Vatinium.
579 2640 724 2679 Sagitta·
772 2639 881 2670 Unum
907 2640 1140 2678 gladiatorem,
1167 2639 1290 2669 dictum
1318 2649 1376 2679 pro
1399 2649 1465 2670 uno

29 2680 68 2710 rii
81 2686 158 2711 sunt
174 2681 206 2711 in
223 2681 282 2711 levi
298 2688 476 2712 armatura.
767 2691 901 2712 munere
918 2681 1111 2719 gladiatorio
1127 2681 1254 2710 videtur
1268 2691 1324 2720 per
1339 2680 1463 2711 calum-

70 2724 110 2756 89
135 2733 228 2762 quem
251 2725 323 2753 hab.
346 2734 371 2753 s.
394 2724 437 2762 e.]
466 2723 581 2754 Delevi
608 2734 723 2761 nomae,
769 2725 876 2754 niani:
900 2725 975 2762 quia
999 2723 1163 2753 interdum
1177 2725 1276 2752 ctiam
1292 2723 1346 2761 qui
1372 2723 1467 2762 plura

28 2764 113 2804 quod
141 2765 267 2795 induxit
294 2766 453 2795 Gruterus
481 2777 498 2796 e
526 2767 606 2797 Mss.
643 2767 722 2797 suis.
768 2776 905 2796 munera
920 2765 1089 2799 dederant,
1107 2764 1184 2794 dicti
1202 2764 1397 2803 gladiatores
1412 2765 1467 2795 de-

30 2813 104 2836 nam
120 2817 223 2837 nonne
238 2807 366 2845 quidem
390 2808 500 2838 locum
524 2817 589 2838 non
612 2809 722 2839 habet.
767 2807 861 2838 disse.
906 2806 997 2838 Nihil
1017 2806 1133 2836 melius
1147 2807 1233 2837 scio:
1257 2810 1292 2837 et
1305 2807 1350 2837 sic
1364 2806 1467 2837 etiam

27 2847 82 2878 sed
104 2848 139 2878 in
163 2848 236 2879 edd.
259 2848 324 2881 illis
349 2859 442 2891 quem
464 2859 531 2880 non
553 2854 615 2887 est,
639 2850 725 2889 quod
767 2849 942 2880 Abramius
956 2848 1115 2889 capiebat.
