1769 3174
428 110 503 148 DE
529 106 830 148 PROVINCIIS
858 106 1277 146 CONSULARIBUS.
1475 109 1573 146 1085

131 211 329 270 terpeller
350 229 374 254 a
395 213 610 255 nonnullis
641 220 716 254 aut
746 213 975 253 tacitorum
999 211 1322 252 existimatione
1348 211 1578 267 reprehen-

131 271 223 321 dar,
255 271 472 327 explicare
503 271 701 320 breviter,
724 283 821 324 quae
854 268 960 309 mihi
995 269 1050 309 sit
1084 269 1207 318 ratio,
1241 277 1284 307 et
1316 283 1444 309 causa
1476 282 1577 310 cum

131 327 320 369 Caesare.
380 327 446 370 Ac
469 328 653 384 primum
678 326 779 368 illud
804 334 972 381 teinpus
1005 324 1308 366 familiaritatis
1331 334 1373 364 ct
1394 340 1575 366 consue-

131 384 309 436 tudinis,
332 400 429 439 quae
452 386 557 426 milii
581 400 679 426 cum
702 383 788 434 illo,
813 398 909 437 quae
933 382 1053 423 fratri
1087 397 1195 433 meo,
1219 396 1315 436 quae
1342 381 1392 421 C‘.
1418 383 1574 423 Varro-

129 441 191 492 ni,
211 443 470 484 consobrino
488 442 714 494 nostro,ab
735 440 928 481 omnium
953 439 1147 481 nostrum
1167 438 1455 480 adolescentia
1477 439 1574 491 fuit,

130 500 434 554 praetermitto.
496 500 782 555 Posteaquam
807 512 901 538 sum
925 498 1094 553 penitus
1119 496 1161 537 in
1179 496 1486 551 rempublicam
1511 496 1575 535 in-

131 569 320 610 gressus,
355 557 415 597 ita
445 557 624 598 dissensi
658 557 712 597 ab
742 555 829 605 illo,
854 564 914 606 ut,
939 555 982 595 in
1013 554 1304 609 disjunctione
1334 554 1576 603 sententiae,

130 614 356 668 conjuncti
381 622 524 655 tamen
553 614 744 655 amicitia
774 626 1057 652 maneremus,
1119 610 1281 652 Consul
1304 609 1373 651 ille
1394 612 1485 665 egit
1506 624 1574 650 eas
1587 617 1635 649 41

130 682 214 721 res,
237 685 417 725 quarum
441 686 508 712 mc
531 671 784 727 participem
806 683 897 710 esse
921 668 1079 710 voluit:
1102 668 1259 723 quibus
1277 682 1359 722 ego
1383 667 1416 707 si
1437 667 1578 707 minus

133 728 413 779 assentiebar,
433 738 574 769 tamen
595 727 705 769 illius
726 725 1058 782 mihijudicium
1078 735 1247 781 gratum
1266 739 1357 765 esse
1376 724 1577 765 debebat.

131 796 203 824 me
236 785 318 836 ille,
350 795 398 825 ut
418 789 459 819 70
473 785 850 840 quinqueviratum
870 783 1135 839 acciperem,
1164 782 1356 838 rogavit:
1390 796 1458 822 me
1479 784 1515 815 7¹
1535 782 1579 822 in

133 841 272 882 tribus
293 842 373 883 sibi
393 841 760 897 conjunctissimis
782 840 1076 882 consularibus
1095 855 1186 880 esse
1210 839 1367 880 voluit:
1395 838 1501 879 mihi
1522 838 1580 878 le-

133 899 370 953 gationem,
393 914 521 955 quam
546 899 709 950 vellem,
726 907 889 953 quanto
913 912 1012 939 cum
1034 898 1195 938 honore
1219 896 1385 946 vellem,
1409 895 1578 937 detulit.

131 969 231 1009 quae
250 970 333 1012 ego
351 956 496 996 omnia
514 971 599 997 non
624 957 793 1011 ingrato
813 956 972 1006 animo,
987 955 1058 996 sed
1079 954 1372 995 obstinatione
1393 953 1579 1008 quadam

132 1013 359 1054 sententiae
394 1013 630 1069 repudiavi.
662 1028 788 1069 quam
825 1013 1053 1068 sapienter,
1084 1027 1169 1052 non
1203 1011 1401 1067 disputo:
1436 1009 1581 1050 multis

128 1069 248 1110 enim
269 1085 355 1111 non
379 1071 600 1126 probabo:
624 1079 870 1112 constanter
889 1069 1061 1125 quidem
1085 1079 1127 1110 et
1151 1069 1320 1109 fortiter
1342 1077 1482 1109 certe:
1506 1066 1579 1122 qui

134 1141 234 1168 cum
258 1141 325 1168 me
347 1127 603 1168 firmissimis
626 1129 781 1184 opibus
803 1136 955 1168 contra
976 1126 1110 1167 scelus
1134 1126 1407 1167 inimicorum
1439 1124 1581 1164 muni-

132 1197 194 1236 re,
215 1194 260 1225 et
280 1185 507 1241 populares
530 1186 715 1242 impetus
749 1185 945 1241 populari
979 1184 1181 1239 praesidio
1214 1183 1460 1238 propulsare
1484 1196 1582 1238 pos-

134 1255 240 1293 sem,
274 1243 470 1297 quamvis
504 1244 704 1298 excipere
738 1244 970 1292 fortunam,
1005 1241 1148 1282 subire
1180 1240 1266 1281 vim
1297 1249 1426 1294 atque
1468 1238 1583 1293 inju-
1620 1293 1623 1296 Ι

133 1299 242 1339 riam
264 1300 411 1351 malui,
433 1315 562 1355 quam
586 1309 659 1341 aut
681 1315 705 1340 a
727 1299 877 1341 vestris
910 1297 1189 1339 sanctissimis
1213 1297 1430 1338 mentibus
1455 1295 1580 1336 dissi-

131 1355 248 1407 dere,
271 1366 345 1397 aut
366 1357 419 1398 de
441 1372 537 1398 meo
560 1367 672 1398 statu
695 1356 922 1398 declinare.
984 1356 1069 1397 Sed
1099 1370 1186 1396 non
1208 1355 1242 1395 is
1274 1354 1411 1395 solum
1435 1362 1582 1409 gratus

131 1412 264 1454 debet
284 1428 389 1465 esse,
412 1414 485 1469 qui
509 1415 676 1470 accepit
699 1414 972 1463 beneficium,
1001 1427 1148 1453 verum
1179 1413 1309 1453 etiam
1334 1412 1384 1461 is,
1409 1411 1478 1452 cui
1502 1425 1581 1466 po-

133 1478 267 1511 testas
290 1472 531 1527 accipiendi
562 1472 659 1512 fuit.
721 1471 817 1527 Ego
851 1471 923 1511 illa
951 1478 1215 1520 ornamenta,
1238 1469 1394 1524 quibus
1422 1468 1489 1508 ille
1513 1481 1580 1508 me

132 1529 331 1579 ornabat,
353 1529 502 1570 decere
532 1543 616 1580 me,
638 1538 681 1570 et
710 1528 940 1570 convenire
973 1528 1023 1568 iis
1053 1528 1194 1578 rebus,
1218 1541 1321 1582 quas
1349 1540 1580 1582 gesseram,

134 1597 224 1625 non
247 1586 468 1641 putabam.
530 1587 657 1627 Illum
686 1586 861 1641 quidem
889 1585 1028 1626 amico
1060 1584 1205 1625 animo
1235 1598 1304 1624 me
1327 1583 1485 1624 habere
1506 1597 1578 1623 eo·
1592 1602 1624 1632 p.
1641 1595 1691 1626 78.

134 1641 233 1682 dem
263 1642 375 1693 loco,
406 1657 491 1699 quo
522 1646 563 1678 72
576 1644 817 1700 principem
849 1642 1004 1693 civem,
1038 1656 1162 1682 suum
1196 1655 1417 1696 generum,
1448 1639 1621 1680 senti-a·

133 1698 272 1740 eham.
334 1698 549 1741 Traduxit
580 1701 633 1742 ad
668 1701 836 1757 plebem
870 1699 1093 1740 inimicum
1126 1713 1294 1740 meum:
1327 1699 1416 1738 sive
1446 1698 1578 1738 iratus
1592 1697 1642 1731 42

133 1756 258 1808 mihi,
279 1757 396 1812 quod
428 1772 497 1798 me
527 1772 672 1799 secum
704 1773 758 1798 ne
795 1756 1011 1798 beneficiis
1041 1756 1215 1812 quidem
1250 1756 1422 1796 videbat
1456 1768 1580 1810 posse

133 1814 343 1871 conjungi
361 1831 380 1866 :⁴
404 1815 493 1856 sive
525 1825 742 1856 exoratus,
802 1818 842 1849 73
859 1815 927 1855 Ne
960 1813 1054 1855 haec
1087 1813 1261 1868 quidem
1291 1814 1374 1853 fuit
1407 1811 1580 1867 injuria.

133 1871 176 1903 74
189 1885 288 1912 nam
313 1882 462 1928 postea
492 1887 573 1924 me,
593 1880 643 1913 ut
675 1872 757 1913 sibi
790 1885 926 1913 essem
957 1871 1139 1927 legatUS,
1163 1885 1248 1911 non
1272 1870 1410 1911 solum
1432 1869 1580 1919 suasit,

135 1940 284 1969 verum
306 1929 437 1970 etiam
459 1930 642 1986 rogavit.
705 1929 774 1971 Ne
795 1929 838 1971 id
861 1929 1035 1984 quidem
1058 1928 1230 1983 accepi:
1263 1942 1349 1968 non
1369 1941 1455 1982 quo
1479 1926 1580 1966 alie-

134 1998 240 2026 num
273 2000 368 2027 mea
398 1987 610 2043 dignitate
634 1987 877 2038 arbitrarer,
899 1986 972 2027 sed
998 1985 1114 2041 quod
1138 1993 1305 2025 tantum
1327 1983 1578 2039 reipublicae

131 2042 302 2084 sceleris
336 2043 582 2100 impendere
613 2059 639 2085 a
668 2043 916 2085 consulibus
949 2042 1158 2099 proximis
1193 2056 1279 2082 non
1313 2041 1576 2097 suspicabar.

134 2097 253 2155 Ergo
285 2100 426 2141 adhuc
457 2102 594 2157 magis
624 2111 689 2142 est
719 2101 825 2142 mihi
849 2101 1096 2150 verendum,
1118 2113 1172 2140 ne
1195 2113 1289 2139 mea
1311 2099 1510 2154 superbia
1532 2099 1575 2138 in
1595 2094 1660 2145 18

129 2156 243 2200 illius
267 2157 536 2210 liberalitate,
558 2173 688 2214 quam
719 2172 772 2199 ne
803 2158 914 2199 illius
947 2157 1106 2213 injuria
1135 2157 1180 2197 in
1206 2165 1354 2198 nostra
1385 2154 1578 2197 amicitia

881 2308 953 2339 edd.
969 2308 1008 2340 R.
1022 2308 1074 2339 W.
1089 2310 1178 2339 1430.
1191 2307 1279 2339 Med.
1295 2306 1367 2338 Ald.
1385 2307 1442 2337 &c.
1457 2305 1583 2337 habent

175 2312 218 2345 70
238 2310 526 2350 quinqueviratum
540 2308 732 2350 acciperem]
756 2308 838 2340 Ter-

880 2353 1012 2382 cz'vz’um.
1064 2350 1170 2380 Civem
1195 2351 1318 2390 primus
1348 2349 1436 2380 dedit
1461 2349 1582 2388 dunta,

133 2352 342 2393 giversantur
367 2351 428 2382 viri
454 2352 542 2382 docti
571 2353 604 2382 in
628 2352 660 2383 h.
684 2352 707 2383 1.
752 2351 837 2382 Cum

133 2394 253 2432 sciant,
276 2395 437 2426 Caesarem
459 2395 535 2425 XX.
558 2395 643 2424 viros
668 2394 838 2434 Campano

135 2446 215 2476 agro
229 2436 401 2467 dividendo
413 2446 550 2474 creasse,
560 2441 725 2476 quaerunt,
741 2445 783 2466 an
798 2447 838 2466 ex

135 2478 206 2510 istis
221 2479 426 2519 quinqueviri
447 2479 572 2510 fuerint
586 2479 663 2510 lecti
680 2479 720 2509 ad
735 2488 835 2517 agen-

135 2521 213 2552 dum
229 2521 352 2561 aliquid
374 2522 409 2551 in
425 2521 488 2551 isto
505 2522 638 2561 negotio
653 2520 810 2561 praecipui
823 2531 833 2551 ι

133 2563 190 2595 ned
202 2563 288 2594 clare
300 2564 359 2593 sibi
372 2564 485 2594 Cicero
500 2565 579 2604 ipse,
589 2568 623 2594 et
636 2563 691 2594 alii
703 2564 835 2603 viginti—

135 2605 276 2636 viratum
303 2605 452 2637 Ciceroni
475 2607 638 2641 oblatum,
656 2615 723 2635 non
743 2616 836 2635 acce-

133 2651 230 2688 ptum
243 2648 394 2685 tradunt,
408 2648 455 2678 nil
469 2648 569 2679 aliud.
583 2657 660 2687 ergo
674 2648 719 2679 sic
734 2648 835 2678 corri-

136 2689 293 2730 gendum.

177 2734 214 2765 71
240 2732 275 2761 in
288 2732 391 2762 tribus
404 2732 463 2763 sibi
477 2731 747 2771 conjunctissimis
762 2742 835 2763 con-

129 2773 314 2813 sularibus]
350 2774 398 2804 Ut
421 2784 496 2804 cum
520 2775 636 2804 Pisone
661 2784 773 2805 socero
788 2779 836 2816 ,εἰ

137 2815 292 2855 Pompeio
309 2825 428 2855 genero
441 2816 508 2856 ipse.
522 2817 640 2846 tertius
654 2822 749 2847 esset.

177 2861 218 2893 72
227 2858 410 2897 principem
426 2858 542 2898 civem]
560 2858 640 2890 Mss.
655 2858 786 2898 quidam
802 2861 836 2888 et

195 2911 304 2942 vot..
329 2913 385 2943 11.
419 2914 459 2942 1³.
485 2914 540 2943 11.

881 2399 955 2434 post
989 2395 1025 2424 P.
1053 2393 1229 2428 Victorius,
1259 2393 1295 2423 P.
1321 2391 1493 2422 Manutius
1522 2392 1581 2421 ἃς.

881 2437 965 2475 quod
989 2442 1023 2467 et
1047 2435 1164 2465 melius
1188 2439 1251 2466 est.
1295 2435 1442 2464 Graevius
1467 2438 1582 2463 tamen

879 2480 999 2508 civium
1016 2477 1177 2518 pra‘tulit.

920 2523 960 2554 73
985 2521 1040 2551 Ne
1056 2521 1123 2549 Izoec
1136 2517 1253 2559 q.suit
1270 2517 1411 2559 injuria]
1438 2517 1491 2546 Sic
1514 2514 1579 2545 MS.

879 2561 947 2592 Erf.
961 2563 1011 2593 ed.
1022 2563 1074 2592 W.
1089 2562 1173 2592 male
1191 2561 1263 2591 aliae
1279 2562 1354 2590 hoe:
1378 2558 1463 2598 quod
1478 2558 1580 2587 etiam

878 2605 947 2635 sine
965 2605 1055 2635 libris
1071 2604 1189 2642 corrigi
1205 2603 1354 2632 debebat.

918 2649 959 2680 74
972 2657 1051 2677 nam
1061 2650 1172 2685 postea
1186 2655 1247 2681 nte,
1258 2644 1332 2682 &c.]
1351 2653 1402 2674 me
1420 2652 1486 2671 non
1502 2651 1581 2671 con-

878 2690 968 2718 venit
987 2689 1133 2729 proximo
1145 2688 1269 2717 suasit.-
1284 2687 1342 2715 sed
1357 2684 1467 2714 referri
1483 2683 1580 2713 debet

879 2731 918 2760 ad
948 2731 1098 2769 rogavit:
1122 2730 1183 2759 nisi
1213 2732 1297 2758 esset
1324 2731 1492 2756 structura
1523 2725 1581 2756 illa

879 2773 975 2811 plane
990 2772 1216 2806 Ciceroniana,
1232 2771 1320 2800 inter
1341 2777 1522 2807 pronomen
1545 2771 1582 2798 et

878 2817 1014 2844 verbum
1031 2815 1240 2854 interponere
1253 2810 1388 2850 aliquid,
1404 2809 1578 2840 delendum

879 2862 1046 2895 putarem.

818 2906 908 2943 413
