1785 3185
280 111 384 148 1³34-
853 104 1097 150 ORATlo

275 214 316 243 ³3
329 227 425 267 quae
447 211 562 252 enim
585 212 729 254 Caesar
757 212 861 270 eoit,
882 228 932 255 ea
954 223 1045 256 rata
1070 229 1160 257 esse
1184 231 1267 257 non
1290 223 1435 260 curat:
1465 216 1517 259 de
1537 217 1693 274 quibus

277 269 580 311 confirmandis
598 279 641 311 et
663 245 900 312 sanciendis
921 272 1059 328 legem
1078 274 1264 314 comitiis
1281 274 1527 315 centuiiatis
1547 290 1600 316 ex
1618 290 1692 315 au-

230 327 477 390 90t01itate
510 335 657 367 nostra
688 327 846 368 laturus
879 337 956 369 est.
1019 329 1230 371 Desinant
1266 331 1409 385 igitur,
1441 333 1586 380 antii,
1618 332 1691 386 qui

278 399 365 424 non
399 384 566 434 timent,
595 384 806 434 simulare,
828 398 871 423 se
899 384 1061 448 timere,
1084 400 1126 427 se
1151 388 1389 442 prospicere
1422 388 1694 443 reipublicae3

278 451 352 481 aut
375 440 419 492 ii,
439 441 512 496 qui
533 442 678 482 omnia
707 450 917 491 v··,eientu1
940 441 1118 483 nimium
1140 457 1230 483 esse
1252 443 1411 495 timidi3
1442 459 1495 485 ne
1527 444 1694 485 illorum

219 504 265 539 ls
279 497 508 562 simulatio,
531 497 682 538 ho1um
713 497 861 537 obsit
853 498 1038 552 ignavia.
1112 499 1223 545 Que
1262 499 1437 552 (malum
1455 501 1484 551 Ι)
1515 510 1580 541 est
1612 501 1695 541 ista

275 555 399 606 ratio,
421 569 587 610 semper
607 554 782 609 optimis
804 554 941 595 causis
964 564 1259 596 vetelwanolum
1282 570 1435 597 nomen
1450 556 1694 619 opponere?

271 626 454 666 qumum
486 611 652 652 etiamsi
681 609 969 665 amplecter-ei
991 611 1208 663 virtutem,
1233 620 1279 652 ut
1301 612 1438 654 facio.
1471 623 1627 664 tamen,
1658 628 1692 653 st

269 677 412 710 essent
433 677 695 731 arrogantes,
714 681 800 708 non
824 681 991 722 possem
1014 666 1121 709 ferre
1143 669 1376 709 fastidium.
1435 668 1503 710 An
1526 685 1603 711 nos
1620 685 1693 710 co-

270 734 419 767 nantes
442 724 657 765 seivitutis
681 723 851 765 vinculi
878 738 1086 780 rumpere,
1111 725 1328 781 impediet,
1353 726 1386 766 si
1411 727 1505 781 quis
1530 737 1690 767 vetera-

268 796 346 823 nos
369 782 411 823 id
433 781 544 822 nolle
565 781 748 822 dixerit
743 784 754 812 Ρ
783 795 868 822 non
899 791 998 822 sunt
1031 783 1160 832 enim,
1181 783 1324 833 medo,
1348 782 1691 833 innumeiabileS,

267 840 340 894 qui
373 853 450 894 pro
473 838 691 888 communi
727 837 923 879 libertate
958 852 1075 879 arma
1095 840 1281 895 capiant.
1304 854 1430 880 nemo
1452 850 1515 880 est
1538 849 1692 896 ριᾘωῐρι

268 905 490 936 veteranos
508 885 679 945 milites,
698 895 806 950 qui
794 894 846 935 ·ι(1
869 894 1115 937 servitutem
1146 896 1508 952 propulsandam
1500 911 1687 952 ingenuo

267 953 413 993 dolore
435 953 662 993 excitetur.
724 951 903 992 Potest
894 952 1026 1008 igitur
1047 962 1157 994 stare
1180 953 1401 1009 respublic
1394 930 1691 1003 1‚freta⁰vete-

267 1010 394 1059 ranis,
419 1009 507 1049 sine
525 1022 684 1063 magno
715 1008 904 1049 subsidio
920 1009 1185 1064 juventutis?
1216 1025 1323 1065 quos
1351 1010 1523 1065 quidem
1547 1025 1621 1051 vos
1641 1010 1691 1051 li-

267 1065 444 1107 bertatis
466 1064 681 1119 adjutoies
697 1065 926 1120 complecti
948 1065 1137 1108 debetis:
1170 1067 1385 1107 servitutis
1404 1077 1598 1108 auctoles
1618 1082 1683 1108 se-

208 1135 339 1178 19qu1
363 1137 448 1163 non
470 1122 649 1163 debetis.
711 1121 935 1164 Postremo
956 1127 1171 1179 (erumpat
1192 1125 1302 1165 enim
1338 1123 1565 1179 aliquando
1589 1138 1686 1165 vera

221 1183 309 1221 b·et
329 1193 397 1221 me
417 1179 549 1235 digna
571 1180 675 1229 vox)
706 1180 740 1220 si
764 1189 1061 1221 veteranorum
1095 1190 1201 1222 nutu
1237 1190 1400 1221 mentes
1424 1180 1549 1236 hujus
1571 1182 1687 1223 ordi-

264 1237 329 1278 nis
352 1237 717 1293 gubernabuntur,
741 1236 970 1292 omniaque
1003 1238 1056 1279 ad
1085 1252 1230 1279 eorum
1257 1237 1518 1279 voluntatem
1555 1240 1686 1279 34no-

263 1305 351 1335 stra
368 1294 498 1345 dicta,
520 1293 635 1334 facta
653 1293 913 1335 r··:efe1entu1
945 1295 1134 1350 optanda
1165 1309 1278 1336 mors
1300 1303 1379 1345 est,
1401 1309 1497 1350 quae
1519 1294 1687 1336 civibus

264 1351 473 1392 Romanis
496 1364 662 1406 semper
693 1350 776 1392 fuit
799 1350 1002 1392 servitute
1032 1353 1189 1417 potior.
1250 1351 1402 1393 Omnis
1434 1361 1499 1392 est
1532 1353 1689 1393 misera

262 1409 467 1450 servitus:
492 1408 562 1449 sed
585 1407 714 1448 fuerit
731 1408 928 1463 quaedam
951 1410 1209 1451 necessaria:
1229 1411 1269 1440 35
1282 1409 1548 1463 ecquodnam
1568 1410 1684 1465 prin-

260 1466 423 1530 cipium
446 1465 606 1521 putatis
629 1464 837 1506 libertatis
856 1466 1157 1521 capessendae?
1188 1480 1256 1516 an,
1286 1480 1383 1507 cum
1406 1465 1446 1497 36
1461 1465 1577 1507 illum
1611 1481 1684 1508 ne-

260 1523 491 1564 cessarium
513 1531 556 1563 et
577 1521 747 1563 fatalem
772 1536 895 1578 paene
916 1538 951 1564 c
942 1537 1060 1564 {sum
1081 1538 1165 1564 non
1188 1523 1421 1573 tulerimus,
1441 1522 1555 1564 hunc
1578 1521 1686 1565 feie-

261 1593 356 1621 mus
376 1579 691 1621 voluntarium?
721 1578 832 1620 Tota
863 1578 987 1620 Italia
1018 1580 1227 1621 desiderio
1257 1580 1463 1621 libertatis
1496 1581 1680 1624 exarsit:

262 1637 418 1678 servire
441 1636 601 1678 diutius
637 1650 722 1677 non
746 1645 888 1692 potest
917 1637 1096 1679 civitas:
1129 1638 1260 1678 serius
1288 1636 1446 1694 populo
1482 1636 1680 1680 Romano

258 1692 376 1735 hunc
397 1693 600 1735 vestitum
637 1702 765 1748 atque
798 1708 916 1734 arma
951 1694 1160 1746 dedimus,
1180 1709 1308 1749 quam
1339 1695 1392 1735 ab
1416 1708 1466 1734 eo
1495 1694 1679 1751 flagitati

178 1750 248 1799 10
261 1765 418 1792 sumus
479 1749 647 1806 Magna
673 1765 750 1791 nos
772 1751 943 1806 quidem
968 1766 1056 1808 spe,
1075 1761 1118 1792 et
1140 1765 1271 1807 prope
1292 1750 1530 1807 explorata,
1552 1752 1680 1793 liber-

194 1822 247 1857 ¹20
260 1809 358 1850 tatis
380 1822 551 1850 causam
570 1808 848 1864 suscepimus.
887 1808 986 1858 Sed,
1011 1818 1056 1849 ut
1076 1809 1308 1850 concedam
1332 1809 1515 1849 incertos
1537 1809 1680 1850 exitus

256 1880 347 1907 esse
373 1865 488 1917 belli,
512 1864 789 1921 Martemque
822 1879 1118 1907 communem:
1152 1874 1293 1907 tamen
1329 1868 1368 1899 37
1383 1880 1496 1922 pro
1485 1865 1682 1907 libeitate.

294 2008 334 2037 33
357 2015 427 2046 quoe
449 2006 534 2036 enim
557 2004 677 2045 Coesar]
703 2003 754 2036 De
768 2005 948 2036 Octaviano
991 2006 1032 2036 do
1059 2005 1191 2037 tandem
1221 2006 1343 2044 putatis
1371 2004 1502 2035 initium
1531 2005 1600 2036 fieri
1626 2005 1681 2037 de·

254 2049 414 2088 intellige.
991 2048 1065 2078 bere
1080 2048 1262 2087 repetendae
1278 2047 1461 2078 libertatis?

295 2093 336 2121 34
358 2058 469 2121 ''g-zosim
485 2088 692 2129 dictasacta]
717 2089 769 2120 Sic
790 2090 868 2120 Vat.
884 2089 947 2119 Gu.

252 2133 351 2172 Vulg.

254 2177 435 2216 omniaque,
440 2174 604 2214 factaque
619 2174 715 2204 nimis
730 2175 846 2205 xicina.
885 2174 944 2203 Ce-

253 2222 362 2248 terum
387 2217 660 2256 gubernabuntur
696 2220 731 2247 et
759 2215 945 2256 reymerum

253 2259 338 2293 dedi,
361 2265 399 2290 ut
425 2264 474 2290 est
499 2260 533 2289 in
550 2259 629 2289 Mss.
656 2258 815 2298 pluribus,
843 2258 943 2289 etiam

253 2301 359 2332 Guelf.
389 2311 464 2332 nam
491 2302 590 2332 etiam
620 2302 785 2331 sententia
815 2301 862 2331 ita
887 2311 943 2340 po-

250 2343 364 2374 stulat.
389 2353 456 2373 non
480 2344 567 2373 enim
592 2343 683 2378 dicit,
718 2343 750 2373 id
776 2343 858 2378 fieri,
887 2342 942 2372 sed

250 2386 275 2415 si
301 2386 332 2416 id
352 2386 422 2416 fieri
446 2385 574 2421 debeat,
597 2391 637 2415 ut
649 2385 798 2415 nonnulli
814 2385 942 2415 videan-

249 2431 306 2458 tur
321 2428 423 2459 velle:
448 2428 481 2458 id
506 2437 579 2458 vero
601 2431 650 2457 est
668 2428 695 2456 si
711 2428 941 2466 gubernabun-

248 2471 542 2512 tur—reserentur.
601 2469 748 2500 Primum
770 2479 827 2510 per
853 2478 942 2498 com-

247 2513 403 2552 pendium
429 2516 544 2542 natum
571 2515 621 2542 est
635 2512 876 2549 gubernantur,
892 2511 938 2541 ei-

246 2564 308 2593 que
323 2554 607 2586 accommodatum
622 2557 671 2583 est
686 2553 838 2584 alterum.

289 2600 329 2627 35
363 2596 825 2637 ecquodnam—capessendae]
855 2596 937 2626 Tor-

246 2644 348 2677 quent
370 2649 402 2669 se
418 2639 451 2669 in
472 2638 534 2669 hoc
556 2639 628 2669 loco
644 2637 786 2669 Faernus
801 2643 834 2668 et
849 2638 939 2668 Grae-

244 2681 329 2718 vius,
366 2681 418 2721 qui
446 2682 547 2711 etiam
584 2689 643 2720 pro
679 2682 805 2720 putatis
847 2680 935 2710 dedit

232 2723 359 2763 fuerit,
387 2722 472 2762 quod
499 2723 534 2753 in
559 2723 626 2762 ejus
661 2721 744 2753 libro
772 2726 892 2753 temere
918 2733 935 2753 e

244 2765 499 2805 praecedentibus
529 2764 704 2804 repetitum
729 2769 763 2795 et
791 2765 934 2795 deletum

243 2813 325 2838 erat.
370 2808 440 2846 Ego
468 2807 550 2837 nihil
577 2807 629 2836 hic
664 2806 863 2838 difficultatis
892 2807 938 2836 vi-

243 2849 323 2881 deo:
347 2859 406 2881 nec
422 2849 549 2882 videbat
560 2849 594 2880 P.
611 2849 794 2881 Manutius.
825 2849 937 2889 Quan-

1032 2091 1072 2121 :36
1094 2090 1359 2129 illum—casum]
1386 2089 1519 2120 Cladein
1541 2099 1560 2120 a
1583 2091 1679 2122 Pom-

378 2134 478 2169 dicta,
490 2131 653 2172 factaque
678 2137 801 2168 nostra,
830 2141 947 2171 nempe
990 2143 1028 2172 p<
1031 2143 1062 2162 10
1078 2136 1244 2172 acceptam
1266 2136 1298 2162 et
1322 2131 1395 2162 inde
1413 2142 1451 2162 na
1446 2136 1524 2163 .tam
1542 2133 1680 2164 servitu-

986 2181 1067 2210 tem,
1086 2178 1123 2204 ut
1140 2175 1266 2214 opinor.

1028 2220 1066 2250 37
1090 2226 1152 2256 pro
1179 2217 1327 2246 libertate
1352 2216 1582 2247 decertandum
1611 2217 1672 2257 esc]

987 2258 1069 2289 Edd.
1093 2269 1142 2298 pr.
1165 2258 1411 2295 decernendum,
1436 2259 1521 2297 quod
1543 2263 1578 2288 et
1601 2259 1676 2289 Mu-

987 2305 1075 2331 retus
1098 2301 1249 2334 servavit,
1274 2299 1442 2340 placetque
1465 2301 1605 2338 Groevio,
1621 2301 1676 2339 qui

984 2343 1214 2373 decertandum
1230 2346 1325 2382 putat
1340 2351 1407 2372 esse
1422 2342 1574 2381 glossam.
1607 2342 1675 2374 De-

984 2395 1114 2416 cernere
1139 2385 1296 2424 exquisite
1322 2383 1441 2414 dicitur
1465 2384 1503 2414 de
1540 2385 1674 2424 proeliis,

984 2427 1070 2467 quod
1093 2425 1219 2459 exitum
1242 2427 1382 2457 afferunt
1403 2426 1502 2463 bello,
1526 2428 1586 2458 διο.
1608 2436 1676 2459 non

984 2476 1096 2500 autem
1124 2479 1199 2500 cum
1227 2469 1374 2499 universe
1405 2468 1443 2498 de
1478 2468 1567 2499 bello
1592 2470 1672 2500 totis

979 2512 1099 2542 viribus
1126 2510 1279 2551 gerendo,
1307 2509 1442 2548 alicujus
1472 2510 1550 2540 mali
1579 2521 1670 2541 aver.

979 2554 1068 2583 tendi
1085 2559 1141 2583 aut
1156 2553 1233 2583 boni
1248 2552 1462 2590 consequendi
1481 2562 1589 2589 causa,
1605 2562 1671 2583 ser-

980 2606 1034 2625 mo
1047 2600 1109 2631 est,
1124 2601 1162 2625 ut
1177 2595 1239 2625 hic.
1263 2593 1302 2624 de
1323 2593 1382 2623 Or.
1398 2594 1444 2631 11,
1459 2595 1511 2625 64.
1556 2595 1669 2626 Cicero

980 2637 1109 2676 quidem
1124 2637 1204 2668 dicit
1228 2647 1261 2667 se
1276 2645 1338 2676 pro
1349 2635 1455 2675 fama
1477 2637 1536 2667 &c.
1563 2637 1671 2667 decer-

977 2689 1071 2709 nere.-
1096 2679 1151 2709 sed
1169 2679 1201 2709 id
1226 2683 1288 2714 est,
1304 2678 1338 2707 in
1361 2678 1420 2708 illa
1432 2679 1560 2709 actione
1581 2680 1671 2719 posi-

977 2726 1047 2751 tam
1080 2730 1147 2751 esse
1174 2722 1295 2751 famam
1322 2729 1435 2757 suam3
1471 2730 1536 2760 quo
1570 2730 1667 2752 sensu

978 2763 1144 2803 eleganter
1163 2763 1300 2794 dicitur:
1327 2762 1383 2794 sed
1405 2762 1459 2793 ine
1480 2771 1591 2794 sensus
1615 2768 1666 2795 est

978 2806 1019 2837 ab
1033 2806 1066 2837 h.
1082 2806 1105 2837 l.
1121 2805 1256 2837 alienus.
