1769 3174
267 131 345 168 960
859 123 1106 164 ORATIO

224 229 373 270 ulium
396 228 517 280 mihi,
548 228 620 270 sed
641 243 709 270 me
741 228 904 270 auxilio
933 228 1132 270 defuisse.
1195 225 1290 283 Ego
1312 241 1411 269 vero
1434 226 1570 270 fateor
1601 240 1691 270 mea

268 285 452 337 hercule,
483 287 597 342 quod
632 286 808 327 viderim
844 285 948 326 mihi
979 286 1188 327 auxilium
1221 299 1306 325 non
1335 285 1493 335 deesse,
1527 285 1690 326 idcirco

265 357 334 383 me
356 342 415 383 illi
437 342 598 384 auxilio
628 344 882 399 pepercisse.
904 343 977 397 qui
999 343 1113 383 enim
1136 352 1284 391 statuS,
1306 341 1421 396 quod
1446 341 1691 392 discrimen,

266 414 363 454 quae
387 399 577 440 fueritin
602 400 820 456 republica
853 409 1082 454 tempestas
1115 398 1199 448 illa,
1228 398 1322 453 quis
1343 398 1505 440 nescit?
1535 397 1692 439 Tribu-

265 456 404 498 nicius
426 471 494 497 me
517 466 664 507 terror,
687 471 738 496 an
762 456 994 497 consularis
1017 455 1134 495 furor
1155 455 1317 495 movit?
1348 455 1563 496 decertare
1584 454 1692 495 mihi

267 513 379 554 ferro
402 528 606 569 magnum
630 512 711 553 fuit
734 527 831 553 cum
863 512 1049 566 reliquiis
1069 525 1232 561 eorum,
1253 525 1359 565 quos
1382 526 1463 568 ego
1491 512 1692 552 florentes

266 579 395 626 atque
418 571 607 626 integros
630 570 718 609 sinc
743 569 853 610 ferro
876 569 1089 609 viceram?
1121 568 1328 608 Consules
1351 577 1449 624 post
1466 567 1692 609 hominurn

265 627 518 668 memoriam
555 626 775 667 taetcrrimi
808 635 936 680 atque
961 625 1210 681 turpissimi,
1232 625 1343 665 sicut
1364 633 1408 665 et
1428 624 1498 665 illa
1533 624 1693 680 princi-

268 684 353 740 pia,
375 693 418 724 et
440 683 483 724 hi
509 692 695 724 recentes
716 697 853 723 rerum
885 682 1027 723 exitus
1061 681 1350 722 declararunt:
1383 696 1564 736 quorum
1587 681 1693 722 alter

267 741 506 782 exercitum
538 740 738 796 perdidit,
769 738 874 780 alter
908 738 1113 789 vendidit,
1144 739 1269 779 emtis
1301 738 1549 794 provinciis,
1580 753 1605 779 a
1628 751 1693 778 se-

267 807 386 847 natu,
410 813 434 837 a
455 796 687 853 republica,
710 812 735 837 a
756 796 878 837 bonis
901 796 1100 836 omnibus
1123 795 1391 836 defecerant:
1422 798 1462 829 73
1476 795 1549 851 qui
1571 808 1693 836 exer·

268 854 442 905 citibus,
475 854 547 908 qui
582 853 724 903 armis,
751 853 823 907 qui
860 852 1014 908 opibus
1053 852 1282 907 plurimum
1325 861 1537 908 poterant,
1578 866 1694 904 cum,

269 911 373 966 quid
397 911 616 961 sentirent,
649 910 897 960 nesciretur,
931 908 1093 950 furialis
1118 909 1186 949 illa
1208 924 1293 950 vox
1324 909 1496 950 nefariis
1519 909 1692 965 stupris,

270 967 480 1023 religiosis
517 967 719 1008 altaribus
752 965 1027 1016 effaeminata,
1062 980 1206 1007 secum
1240 975 1282 1006 et
1313 966 1406 1007 illos
1427 976 1471 1006 et
1497 965 1692 1006 consules

269 1025 425 1075 facere,
466 1026 504 1057 74
518 1024 791 1065 acerbissime
832 1024 1103 1079 personabat.
1145 1032 1320 1078 egentes
1361 1023 1403 1063 in
1445 1022 1694 1078 locupletes,

210 1081 428 1137 37pcrditi
460 1081 503 1121 in
539 1083 689 1130 bonos,
722 1080 830 1121 servi
862 1080 904 1120 in
942 1080 1139 1121 dominos
1173 1081 1463 1121 armabantur.
1533 1080 1696 1120 Aderat

271 1153 439 1179 meeum
463 1146 648 1189 senatus,
669 1147 712 1178 et
732 1136 906 1192 quidem
928 1146 1045 1178 veste
1066 1147 1254 1178 mutata:
1286 1137 1401 1192 quod
1424 1151 1499 1193 pro
1519 1151 1586 1178 me
1608 1150 1696 1179 uno.

272 1205 371 1251 post
400 1195 624 1236 hominum
657 1194 907 1235 memoriam
937 1193 1108 1250 publico
1141 1192 1320 1235 consilio
1348 1204 1593 1250 susceptum
1615 1202 1697 1235 est.

274 1252 359 1293 sed
395 1252 631 1303 recordare,
661 1251 735 1307 qui
758 1260 850 1293 tum
881 1250 1040 1292 fuerint
1061 1251 1284 1292 consulum
1313 1251 1486 1292 nomine
1526 1250 1697 1303 hoste83

272 1312 311 1342 75
327 1309 397 1364 qui
422 1308 499 1349 soli
520 1309 562 1349 in
587 1308 665 1350 hac
687 1309 792 1349 urbe
814 1317 1007 1349 senatum
1030 1308 1194 1348 senatui
1218 1322 1362 1363 parere
1383 1323 1469 1353 non
1493 1308 1698 1358 siverunt,

272 1366 501 1421 edictoque
532 1380 608 1407 suo
640 1380 726 1406 non
750 1365 913 1406 luctum
945 1365 1137 1421 patribus
1168 1365 1438 1421 conscriptis,
1461 1365 1534 1406 sed
1554 1364 1695 1406 luctus

274 1422 433 1463 indicia
454 1423 719 1463 ademerunt.
777 1421 940 1475 Aderat
961 1436 1128 1462 mecum
1150 1431 1330 1464 cunctus
1352 1432 1546 1478 equester
1567 1421 1697 1463 ordo:

274 1494 401 1535 quem
421 1479 593 1534 quidem
618 1479 660 1520 in
683 1479 964 1520 concionibus
986 1479 1212 1520 76saltator
1241 1479 1310 1520 ille
1332 1479 1574 1534 [Catilinae]
1593 1493 1697 1520 con-

273 1537 351 1588 sul,
375 1536 700 1593 proscriptionis
716 1536 1041 1577 denuntiatione
1061 1537 1260 1578 terrebat,
1279 1545 1322 1577 at
1341 1545 1433 1578 tota
1451 1536 1577 1578 Italia
1593 1550 1698 1577 con-

273 1602 471 1635 venerat:
503 1595 572 1635 cui
595 1593 769 1648 quidem
803 1592 899 1634 belli
932 1593 1123 1634 intestini
1155 1602 1198 1633 et
1230 1594 1440 1635 vastitatis
1471 1603 1611 1635 metus
1632 1593 1697 1634 in—

190 1645 261 1701 36
275 1649 503 1691 ferebatur.
566 1650 700 1691 Hisce
734 1665 815 1706 ego
849 1649 1021 1691 auxiliis
1055 1650 1325 1691 studentibus
1356 1660 1485 1706 atque
1507 1650 1697 1692 incitatis

273 1708 336 1748 uti
368 1722 451 1758 me,
483 1707 737 1758 Laterensis,
772 1707 960 1762 potuisse
993 1707 1227 1749 confiteor:
1259 1708 1330 1748 sed
1363 1717 1454 1749 erat
1475 1723 1561 1749 non
1584 1707 1699 1762 jure,

271 1779 359 1806 non
381 1764 562 1820 legibus,
586 1779 672 1805 non
695 1764 974 1820 disceptando
996 1764 1326 1807 decertandum:
1357 1779 1456 1806 nam
1487 1765 1701 1821 profecto,

272 1822 510 1877 praesertim
534 1830 619 1862 tam
645 1821 756 1862 bona
777 1821 820 1861 in
842 1835 983 1872 causa,
1003 1835 1250 1876 numquam,
1272 1824 1311 1854 77
1325 1836 1411 1876 quo
1432 1822 1563 1863 ceteri
1586 1835 1701 1878 saepe

274 1879 561 1929 abundarunt,
583 1878 626 1918 id
650 1878 755 1918 mihi
788 1878 869 1933 ipsi
901 1878 1109 1919 auxilium
1139 1892 1282 1919 meum
1311 1877 1540 1921 defuisset:
1573 1879 1702 1921 armis
1754 1880 1755 1885 ’

142 1935 372 1988 pereffluit,
394 1935 536 1986 armis,
559 1936 748 1990 inquam,
780 1934 862 1975 fuit
883 1935 1201 1977 dimicandum:
1233 1935 1388 1990 quibus
1417 1951 1443 1976 a
1471 1937 1602 1978 servis
1635 1946 1702 1977 at-

229 2001 355 2047 ³·que
374 2007 397 2032 a
419 2007 637 2033 servorum
669 1991 851 2032 ducibus
879 1993 1041 2033 caedem
1072 1992 1163 2032 fieri
1198 2002 1366 2033 senatus
1397 2003 1440 2034 et
1471 1994 1698 2044 bonorum,

210 2053 259 2087 88
273 2049 521 2105 reipublicae
543 2048 776 2090 exitiosum
800 2048 962 2090 fuisset.
1022 2049 1149 2090 Vinci
1173 2059 1316 2090 autem
1338 2050 1557 2106 improbos
1577 2066 1602 2091 a
1624 2052 1699 2092 bo-
1768 2094 1769 2100 ,

272 2107 353 2157 nis,
371 2105 507 2147 fateor
530 2105 659 2147 fuisse
682 2105 949 2161 praeclarum,
964 2106 997 2146 si
1016 2105 1143 2147 finem
1157 2121 1254 2147 eum
1274 2107 1469 2148 vincendi
1487 2108 1698 2149 viderem:
1724 2136 1727 2140 ·

269 2177 397 2218 quem
437 2163 631 2218 profecto
673 2177 758 2203 non
802 2162 1015 2204 videbam.
1075 2163 1161 2204 Ubi
1199 2164 1314 2204 enirn
1353 2174 1510 2219 praesto
1548 2165 1699 2206 fuisset

269 2220 376 2260 mihi
411 2229 485 2260 aut
514 2229 601 2260 tam
636 2218 758 2259 fortis
792 2219 956 2271 consul,
989 2234 1117 2275 quam
1155 2220 1202 2261 L.
1226 2219 1454 2276 Opimius?
1485 2237 1612 2276 quam
1645 2221 1697 2263 C.

269 2275 466 2318 Marius?
498 2290 627 2331 quam
652 2275 700 2316 L.
723 2276 928 2318 Flaccus?
959 2278 1115 2332 quibus
1137 2277 1319 2318 ducibus
1342 2278 1562 2335 improbos
1581 2279 1697 2321 cives

310 2392 350 2423 73
382 2391 436 2429 qui
465 2388 862 2428 exercitibus-poterant]
892 2388 964 2419 Cae-
1005 2393 1040 2420 et
1062 2390 1096 2420 in
1115 2390 1172 2421 Or.
1196 2391 1229 2420 in
1253 2392 1329 2422 Sen.
1354 2402 1386 2431 p.
1409 2392 1449 2423 R.
1465 2403 1493 2423 c.
1508 2392 1539 2424 6.
1562 2392 1700 2422 calami.

268 2441 386 2471 sarem,
422 2432 627 2472 Pompeium,
658 2432 810 2462 Crassum
841 2431 964 2461 inteni-
1004 2436 1131 2462 seratus
1142 2433 1282 2463 saltator
1295 2434 1425 2464 dicitur.
1471 2435 1532 2465 Sed
1552 2435 1700 2467 Catilina

267 2474 327 2515 git.
1006 2483 1073 2504 non
1103 2474 1182 2505 bene
1209 2476 1380 2506 convenit:
1410 2477 1582 2507 saltatores
1607 2477 1701 2507 abso-

309 2518 350 2550 74
372 2516 575 2546 acerbissime
590 2514 801 2555 personabat]
827 2514 963 2546 Verissi-
1005 2515 1075 2546 lute
1097 2516 1263 2547 dicuntur.
1285 2523 1416 2549 ammon·
1435 2519 1582 2549 Catilium
1595 2523 1629 2549 et
1647 2520 1699 2549 vir

266 2566 319 2589 mc
335 2557 515 2588 Lambinus
530 2557 698 2586 acerrime.
1005 2558 1082 2593 fuit,
1111 2563 1148 2588 ut
1183 2560 1216 2589 in
1246 2560 1359 2590 cadem
1387 2562 1535 2591 oratione
1560 2561 1697 2592 dicitur:

308 2602 349 2633 75
378 2602 433 2639 qui
467 2601 630 2630 soli-non
657 2598 964 2630 siverint—ademe-
1004 2601 1144 2629 saltator
1168 2601 1249 2631 nihil
1271 2601 1310 2631 :ul
1334 2603 1514 2633 Catilinam
1536 2603 1697 2643 pertinett

266 2641 350 2680 rint]
377 2641 590 2671 scribendum
613 2646 676 2677 est,
700 2641 963 2671 sz‘verzmc—mle-
1004 2643 1145 2672 saltator
1165 2646 1276 2673 consul
1293 2649 1403 2674 autem
1426 2645 1630 2676 acerbissime
1651 2644 1697 2674 di-

267 2688 410 2714 merant.
456 2683 532 2713 Non
555 2683 642 2712 enim
666 2682 809 2722 pendent
831 2682 900 2713 haec
922 2683 963 2713 ab
1006 2684 1103 2714 citur.
1149 2684 1264 2724 Itaque
1284 2686 1432 2717 Catilinae
1446 2686 1619 2717 delendum
1634 2691 1697 2716 est.
1752 2702 1756 2724 l

266 2726 456 2757 recordare,·
480 2725 535 2755 sed
551 2724 585 2754 in
608 2725 647 2754 iis
666 2730 715 2755 est
731 2724 893 2764 judiciuin
910 2726 963 2756 Ci-
1048 2729 1087 2758 77
1104 2736 1164 2765 quo
1178 2728 1275 2758 cele-ri
1291 2728 1338 2767 m]
1357 2729 1503 2759 Graevius
1517 2739 1534 2759 e
1551 2729 1614 2759 Ms.
1629 2728 1703 2759 Erf..
1750 2728 1756 2774 j

268 2768 408 2801 coronis.
432 2767 537 2805 Atque
551 2766 599 2796 ita
614 2767 687 2796 feci.
1006 2766 1131 2798 addidit
1162 2779 1252 2810 sape.
1290 2770 1382 2802 bene.
1409 2771 1590 2812 opponitur
1615 2780 1700 2802 uun·
1750 2785 1756 2812 f

309 2810 348 2842 76
371 2811 510 2839 saltator
526 2810 580 2838 ille
599 2808 747 2839 Catilina?
763 2808 886 2848 consul]
913 2808 965 2839 De
1006 2819 1117 2850 quam.
1751 2823 1755 2853 fl

267 2850 407 2885 Gabinio
424 2850 677 2891 intelligendum
696 2852 766 2883 siue
781 2851 892 2889 dubio,
908 2851 964 2892 qui
