1769 3174
248 84 324 123 912

251 188 397 230 tarint.

460 187 516 230 Et
547 189 855 245 conquirimus,
884 190 944 232 dii
977 189 1237 232 immortales

843 85 1093 124 ORATIO

1268 205 1366 246 quae
1405 189 1499 231 loca
1531 189 1700 231 deside-

250 254 362 296 rent,
383 245 486 301 quid
519 246 778 303 significent,
804 248 856 288 de
887 262 972 302 quo
1004 248 1260 302 loquantur?
1292 247 1346 288 A.
1380 247 1481 287 Sex.
1514 246 1696 288 Serrano

256 303 526 344 sanctissima
548 304 701 346 sacella
718 306 760 336 64
775 304 969 355 suffossa,
992 305 1266 356 inaedificata,
1288 318 1507 360 oppressa,
1531 318 1698 344 summa

193 359 242 394 33
256 359 439 416 denique
471 362 737 417 turpitudine
767 376 857 403 esse
890 361 1056 403 foedata
1086 363 1325 404 nescimus?
1356 360 1421 401 Tu
1452 375 1591 401 meam
1621 360 1699 401 do-

255 431 372 458 mum
395 417 634 473 religiosam
669 418 806 459 facere
837 418 1040 474 potuisti?
1075 418 1223 474 Ecqua
1242 421 1411 459 mente?
1442 432 1569 472 quam
1589 417 1696 458 ami-

253 488 380 515 seras.
394 479 642 530 quamanu?
661 491 745 530 qua
766 476 1040 516 disturbaras.
1063 490 1147 530 qua
1167 479 1297 517 voce?
1320 490 1404 530 qua
1418 474 1585 515 incendi
1602 473 1698 528 jus-

253 545 379 571 seraS.
403 547 486 587 qua
508 532 627 588 lege?
650 547 777 586 quam
798 547 849 572 ne
882 532 924 572 in
948 532 1018 572 illa
1033 533 1205 586 quidem
1225 533 1481 588 impunitate
1501 542 1575 571 tua
1593 530 1698 571 scri-

252 601 410 644 pseraS.
434 604 519 643 quo
543 589 781 644 pulvinari?
813 589 927 643 quod
952 598 1181 644 stupratas.
1203 603 1288 643 quo
1309 588 1559 629 simulacro?
1581 587 1698 642 quod

253 655 444 701 ereptum
467 660 520 686 ex
543 647 774 686 meretricis
795 645 989 701 sepulcro
1011 646 1050 675 65
1067 646 1107 685 in
1133 646 1399 701 imperatoris
1415 653 1698 685 monumento

254 702 501 743 collocaras.

562 703 679 749 Quid
721 703 852 743 habet
888 715 984 742 mea
1023 701 1175 742 domus
1217 702 1420 759 religiosi,
1458 701 1541 742 nisi
1580 701 1698 756 quod

211 772 242 803 b.
256 759 411 814 impuri
432 770 474 800 et
497 760 689 815 sacrilegi
710 760 914 815 parietem
938 759 1104 814 tangit?
1129 759 1295 814 Itaque,
1317 773 1370 800 ne
1389 759 1484 814 quis
1502 772 1696 799 meorum

256 816 501 871 imprudens
542 817 821 872 introspicere
861 816 996 871 possit
1037 826 1153 856 tuam
1195 817 1387 866 domum,
1417 830 1467 856 ac
1506 825 1548 855 te
1578 829 1698 855 sacra

254 872 326 913 illa
361 883 434 914 tua
462 873 692 915 facientem
722 874 892 924 videre3
925 872 1070 913 tollam
1101 873 1226 914 altius
1258 882 1446 914 tectum:
1477 872 1518 903 66
1532 886 1619 913 non
1649 880 1700 912 ut

253 944 335 985 ego
366 939 407 971 te
439 931 688 986 despiciam,
720 931 792 972 sed
827 944 881 971 ne
910 938 956 970 tu
998 930 1210 986 adspicias
1240 931 1389 972 urbem
1427 943 1536 981 eam,
1567 943 1697 984 quam

253 987 392 1028 delere
414 988 602 1028 voluisti.

174 1039 242 1093 16
312 1045 394 1085 Sed
419 1045 512 1100 jam
556 1045 830 1101 haruspicum
871 1043 1036 1099 reliqua
1064 1058 1268 1100 responsa
1299 1044 1533 1085 videamus.
1577 1055 1698 1084 ORA-

189 1114 408 1150 34TORES
435 1115 632 1143 CONTRA
649 1117 731 1145 Jus
759 1115 946 1153 FASQUE
973 1114 1334 1143 1NTERFECTOS.
1367 1101 1485 1149 Quid
1500 1100 1691 1142 esthoc?

251 1158 304 1199 de
326 1159 630 1200 Alexandrinis
652 1160 691 1193 67
702 1174 793 1201 esse
825 1159 949 1200 video
972 1173 1236 1200 sermonem:
1268 1173 1395 1214 quem
1417 1173 1499 1215 ego
1522 1172 1607 1199 non
1631 1171 1697 1198 re-

248 1214 358 1257 futo.
380 1216 440 1258 sic
461 1217 576 1257 enim
595 1217 748 1267 sentio,
764 1217 838 1271 jus
855 1216 1111 1271 legatorum,
1133 1231 1230 1257 cum
1251 1216 1475 1257 hominum
1494 1214 1697 1271 praesidio

246 1273 461 1314 munitum
500 1274 568 1324 sit,
600 1283 691 1314 tum
724 1275 853 1314 ctiam
890 1274 1037 1314 divino
1073 1272 1173 1328 jure
1213 1288 1303 1314 esse
1332 1272 1551 1315 vallatum.
1611 1271 1697 1312 Sed

246 1345 393 1385 quaero
416 1331 470 1371 ab
493 1330 578 1380 illo,
600 1332 639 1362 68
653 1332 725 1386 qui
749 1344 896 1371 omnes
919 1330 1081 1371 indices
1111 1330 1307 1371 tribunus
1329 1345 1352 1371 e
1373 1343 1542 1371 carcere
1564 1329 1608 1369 in
1631 1328 1697 1370 fo-

245 1402 337 1428 rum
362 1387 528 1438 effudit,
547 1387 671 1443 cujus
703 1388 882 1429 arbitrio
922 1387 1022 1428 sicae
1054 1401 1202 1428 ornnes
1240 1402 1354 1428 nunc
1390 1397 1519 1442 atque
1549 1385 1697 1427 omnia

247 1459 411 1486 venena
435 1454 685 1495 tractantur,
707 1446 748 1480 69
761 1445 834 1500 qui
866 1458 965 1486 cum
1007 1443 1255 1485 Hermacho
1285 1444 1399 1486 Chio
1427 1442 1694 1499 syngraphas

248 1501 373 1543 fecit:
405 1502 559 1557 ecquid
594 1503 715 1553 sciat,
739 1517 871 1543 unum
902 1501 1155 1542 acerrimum
1187 1501 1475 1543 adversarium
1509 1499 1697 1542 Herma-

248 1558 334 1610 chi,
376 1558 684 1610 Theodosium,
717 1559 909 1615 legatum
947 1557 1001 1598 ad
1044 1567 1238 1599 senatum
1279 1574 1305 1600 a
1344 1558 1521 1600 civitate
1560 1557 1696 1598 libera

248 1615 440 1667 missum,
464 1617 551 1658 sica
573 1619 848 1672 percussum?
879 1615 995 1671 quod
1026 1630 1113 1656 non
1143 1616 1299 1667 minus,
1322 1630 1451 1671 quam
1482 1615 1535 1656 de
1561 1613 1694 1656 Alex-

247 1673 452 1724 anth-inis,
475 1674 700 1730 indignum
722 1673 804 1714 diis
826 1671 1141 1714 immortalibus
1163 1686 1254 1714 esse
1271 1673 1425 1724 visum,
1448 1680 1566 1713 certo
1586 1672 1691 1713 scio.

186 1740 233 1774 35
250 1730 343 1771 Nec
364 1730 540 1772 confero
563 1745 676 1772 nunc
699 1731 742 1771 in
767 1740 809 1770 te
830 1744 962 1770 unum
985 1730 1144 1771 omnia.
1170 1744 1266 1786 spes
1286 1729 1426 1784 major
1447 1739 1559 1770 esset
1580 1727 1692 1770 salu-

246 1788 314 1838 tis,
349 1788 398 1838 si,
433 1798 588 1843 praeter
618 1798 674 1838 te,
715 1802 842 1828 nemo
883 1795 993 1827 esset
1032 1787 1240 1843 impurus.
1284 1786 1426 1844 plures
1467 1795 1581 1827 sunt.
1607 1785 1691 1826 hoc

243 1854 285 1885 et
319 1855 364 1885 tu
398 1845 477 1886 tibi
508 1845 689 1887 confidis
720 1845 873 1900 magis,
905 1847 946 1877 70
960 1851 1002 1883 et
1036 1858 1115 1885 nos
1147 1858 1281 1900 prope
1307 1844 1407 1899 jure
1440 1843 1692 1884 diffidimus.

240 1963 294 1989 tus
322 1960 390 1989 istis
420 1960 517 1990 sacris
550 1959 651 1989 locus.
708 1958 869 1989 Gmterus
907 1958 940 1988 in

241 2003 387 2041 margine
424 2003 487 2032 Ms.
517 2003 637 2041 reperit
659 1999 757 2040 foco:
796 2000 852 2030 sed
879 2000 940 2030 hoc

240 2054 368 2082 quoque
383 2053 630 2084 supervacuum.
653 2047 797 2073 statutus
818 2043 883 2072 dics
906 2043 940 2072 in

239 2086 360 2115 talibus
383 2088 480 2117 sacris
497 2090 711 2116 memoratur.
767 2085 873 2122 Atque
891 2089 940 2114 et-

241 2128 305 2157 iam
320 2128 392 2159 edd.
409 2128 557 2168 qua-dam
572 2132 708 2163 vetereS,
723 2131 762 2156 ut
776 2127 872 2157 Junt.
884 2126 941 2156 ha-

241 2169 319 2200 bent
333 2175 428 2207 stato,
443 2170 528 2211 quod
545 2169 660 2200 melius
675 2173 736 2199 est.
750 2170 940 2198 anniversa-

238 2213 283 2241 rii
298 2223 336 2243 ex
359 2213 431 2243 edd.
456 2224 504 2253 pr.
527 2217 559 2242 et
586 2212 663 2242 Mss.
691 2211 837 2241 restituit
859 2211 940 2241 bene

239 2263 298 2293 pro
321 2255 560 2285 anniversaria.
606 2254 738 2284 Dicitur
761 2258 795 2283 et
816 2252 854 2283 de
881 2252 940 2282 ho-

239 2296 394 2334 minibus,
410 2302 448 2326 ut
461 2297 680 2327 anniversarii
701 2297 802 2325 hostes
818 2305 871 2334 ap.
886 2294 941 2324 Li-

239 2339 339 2368 vium.
396 2339 530 2369 Mediol.
566 2338 665 2368 habet
701 2341 824 2367 statuto
860 2338 941 2367 (mni

241 2385 393 2420 tempore:
417 2382 502 2420 quod
523 2381 549 2411 si
572 2391 589 2410 e
613 2380 677 2410 MS.
693 2381 779 2409 bono
802 2378 939 2409 ductum

237 2427 300 2459 est,
317 2424 530 2463 praetulerim,
545 2423 748 2461 scribamque
762 2425 847 2451 stato
861 2422 941 2451 mmz'

984 1966 1029 1987 sc.
1047 1957 1146 1987 altius
1162 1957 1311 1988 sublato:
1328 1956 1448 1987 dicitnr
1462 1961 1575 1987 tamen
1590 1956 1693 1986 etiam

983 2000 1081 2029 simul
1098 2001 1131 2030 in
1145 2004 1350 2029 contemtum
1364 2011 1373 2029 z
1391 1999 1446 2029 sed
1460 2008 1500 2029 ne
1508 1998 1568 2028 tibi
1580 2003 1695 2038 pateat

983 2049 1173 2081 prospectus
1190 2043 1223 2072 in
1239 2041 1364 2072 urbem.

1024 2084 1063 2117 67
1087 2093 1151 2113 esse
1173 2085 1262 2114 video
1282 2082 1395 2122 serm]
1429 2082 1534 2113 Audio
1558 2081 1622 2112 hoc
1645 2081 1691 2112 sic

983 2126 1082 2165 vulgo
1095 2126 1211 2165 accipi,
1227 2130 1265 2156 ut
1288 2126 1329 2156 ad
1351 2125 1588 2156 Alexandrinos
1604 2123 1692 2164 lega-

984 2172 1036 2197 tos
1051 2168 1215 2207 pertinere
1230 2167 1369 2198 dicatur.

1026 2210 1065 2240 68
1079 2211 1133 2250 qm
1147 2209 1390 2251 omnes-judices
1405 2219 1422 2239 e
1435 2219 1461 2239 c.
1478 2209 1500 2238 i.
1504 2207 1542 2249 f
1555 2206 1690 2249 eff'udir]

982 2251 1118 2283 Iudices
1129 2252 1258 2291 quidem
1281 2257 1359 2282 sunt
1381 2251 1490 2282 alieni.
1533 2251 1620 2281 Nam
1637 2251 1692 2290 qui

983 2305 1010 2324 c.
1026 2299 1180 2333 sequente
1193 2299 1283 2331 sunt,
1299 2294 1444 2334 corrupti
1461 2293 1610 2333 pecunia,
1626 2292 1691 2323 hue

984 2345 1050 2366 non
1063 2337 1243 2376 pertinent,
1255 2345 1321 2365 non
1338 2336 1384 2366 illi
1400 2336 1432 2366 in
1446 2344 1574 2366 carcere
1585 2335 1690 2372 fuere,

984 2388 1044 2409 nec
1066 2379 1101 2408 in
1123 2387 1237 2408 eorum
1259 2378 1460 2418 paucitatem
1475 2375 1594 2418 effudit
1613 2384 1691 2406 con-

985 2421 1075 2451 venit
1090 2420 1148 2450 &c.
1174 2420 1250 2450 Non
1273 2419 1419 2450 dubitavi
1441 2420 1562 2450 indices
1582 2418 1690 2456 cdere,

238 2470 380 2506 tempore
391 2478 399 2494 :
432 2466 538 2496 Locus
561 2469 649 2495 certe
671 2470 721 2494 est
734 2464 767 2493 in
783 2463 873 2493 libris
886 2463 936 2493 in
977 2467 1017 2492 ut
1030 2467 1081 2492 est
1097 2462 1186 2492 Mur.
1205 2464 1258 2492 94.
1275 2462 1331 2492 ubi
1347 2462 1410 2492 vid.

239 2507 432 2547 terpolatus.

280 2552 321 2581 (54
342 2549 411 2590 sifi

239 2590 347 2623 locum
365 2601 431 2622 non
445 2593 557 2629 habet,
572 2592 725 2630 abestque
741 2602 759 2621 a
776 2590 853 2619 Mss.
869 2589 938 2620 Erf.

239 2636 290 2666 Fr.
304 2636 417 2674 ltaque
434 2635 548 2671 delevi,
558 2640 595 2664 ut
607 2634 775 2664 videbatur
784 2632 914 2662 Graevio
927 2643 936 2662 :

237 2688 311 2708 cum
327 2683 360 2708 et
377 2678 417 2707 ab
432 2677 503 2706 edd.
519 2678 613 2706 Rom.
630 2676 685 2705 .
704 2676 797 2706 absit.

276 2721 317 2750 65
338 2719 373 2749 in
398 2720 603 2758 imperatoris
629 2716 846 2755 momumento]
884 2716 936 2745 ln-

235 2762 355 2800 telligit
372 2761 528 2792 Catulum
546 2767 579 2791 et
593 2762 660 2797 ejus
676 2762 853 2799 porticum,
868 2768 938 2787 mo-

234 2810 430 2834 numentum
447 2814 463 2833 c
479 2803 639 2833 manubiis
655 2803 788 2833 factum.

339 2856 399 2876 non
418 2851 451 2875 ut
468 2856 525 2885 ego
539 2850 570 2876 te
583 2845 771 2885 despiciam]
798 2843 825 2873 E
847 2848 937 2874 tecto

1021 2504 1061 2538 69
1083 2505 1138 2543 qui
1165 2514 1240 2534 cum
1269 2504 1458 2534 Her-macho
1490 2503 1522 2534 C.
1546 2513 1688 2542 syngra-

413 2549 420 2579 '.
447 2549 591 2589 incensa]
626 2549 698 2579 Hoc
726 2548 856 2588 quidem
883 2547 937 2577 hic
974 2545 1173 2586 phasfecit]
1221 2546 1306 2576 Item
1335 2545 1586 2585 intelligendum
1613 2546 1688 2582 hoc,

981 2593 1018 2618 ut
1035 2598 1144 2628 supra,
1160 2589 1215 2627 qui
1238 2589 1279 2618 ab
1303 2588 1490 2618 Hermarcho
1513 2588 1689 2627 pecuniam

982 2637 1097 2670 pactus
1124 2634 1186 2667 est,
1216 2631 1309 2668 cujus
1338 2631 1472 2660 nomine
1499 2631 1527 2659 ei
1562 2629 1687 2665 literas,

981 2673 1194 2713 syngraphas,
1210 2671 1311 2708 dedit,
1325 2682 1400 2701 cum
1424 2681 1596 2702 numerare
1620 2681 1687 2701 non

980 2720 1100 2756 posset.
1115 2724 1173 2754 pro
1195 2724 1258 2753 qua
1274 2715 1411 2753 pecunia
1432 2714 1565 2744 Clodius
1578 2713 1687 2744 Theo

981 2758 1108 2788 dosium
1122 2756 1303 2786 tollendum
1320 2756 1457 2785 curavit.

1023 2802 1064 2834 70
1086 2803 1117 2828 et
1131 2808 1186 2828 nos
1195 2797 1382 2838 propejure
1395 2797 1588 2837 dgffi'dimus]
1612 2797 1642 2827 H
1647 2807 1687 2827 oc

983 2852 1050 2874 uon
1063 2841 1141 2873 satis
1157 2840 1318 2880 intelligo.
1343 2841 1404 2872 Cui
1417 2839 1552 2872 diffidit?
1568 2850 1684 2879 nempe

1763 728 1767 734 .
1763 686 1766 701 -
1763 655 1769 676 -.
1745 411 1769 645 nnc-snam,
1752 232 1769 399 aa-xm.
1755 200 1769 222 ..

1758 2655 1768 2892 l

1757 2917 1762 2973 l

1753 2979 1769 3174 h
