1812 3147
641 62 758 101 PRO
789 62 832 101 P.
866 63 1070 104 SULLA„
1504 67 1582 107 779

142 169 270 212 xisse.
292 165 357 207 sin
382 178 550 217 verum;
579 178 667 206 non
689 179 781 206 esse
802 164 884 206 hoc
905 180 1098 222 regnare,
1121 181 1220 208 cum
1243 181 1387 209 verum
1407 168 1581 223 juratus

141 226 275 276 dicas,
309 223 502 279 probare.
565 221 634 263 De
670 222 800 278 hujus
830 236 906 278 spe
935 233 1104 263 tantum
1142 224 1255 274 dico,
1284 225 1418 266 nullas
1453 242 1478 266 a
1509 241 1578 267 me

140 296 244 338 opes
278 279 329 322 Ρ.
362 278 540 329 Sullam,
569 279 729 321 nullam
763 280 1018 336 potentiam,
1053 280 1159 321 nihil
1191 280 1390 344 denique,
1421 297 1482 337 pr
1473 294 1578 325 ctcr

139 339 269 382 fidem
299 335 577 387 defensionis,
600 348 865 401 exspectare.
927 336 1023 377 Nisi
1052 346 1112 387 tu,
1137 338 1485 391 inquit,causu1n
1512 355 1636 390 re-Qss

139 396 338 452 cepisses,
360 408 597 448 numquam
621 395 726 435 1111111
755 394 995 444 restitisset,
1017 394 1104 444 sed,
1128 394 1291 435 indicta
1312 410 1454 445 causa,
1478 411 1575 451 pro-

139 453 334 516 fugisset.
395 450 550 506 Sijam
574 451 655 493 hoc
679 452 758 493 tibi
781 451 1030 502 concedam,
1051 452 1108 497 Q.
1134 451 1431 502 Hortensium,
1456 463 1576 495 tanta

137 509 351 574 gravitate
372 508 841 560 hominem‚19si‚hos
865 509 968 549 tales
989 509 1100 549 viros
1121 523 1206 549 non
1230 523 1307 549 suo
1330 520 1440 550 stare
1455 509 1574 564 judi-

137 582 222 618 cio,
245 567 320 607 sed
343 579 466 607 meo:
498 565 532 606 si
556 565 639 607 1106
666 540 744 607 tibi
775 567 888 616 dem,
910 566 1024 620 quod
1049 566 1164 607 credi
1194 580 1276 607 non
1314 577 1469 621 potest,
1495 568 1574 609 nisi

138 638 222 681 ego
245 623 348 664 huic
378 623 585 688 adessem,
607 623 686 664 hos
717 623 941 664 adf·utu10s
967 638 1052 664 non
1084 623 1242 665 fuisse:
1277 635 1370 664 uter
1402 625 1575 666 tandem

137 696 215 723 rex
245 689 325 731 est,
350 680 455 731 isne,
485 680 554 722 cui
585 681 836 722 innocentes
857 680 1052 721 homines
1084 695 1170 722 non
1193 681 1410 731 resistunt,
1439 696 1490 722 an
1525 682 1574 731 is,

139 739 214 795 qui
234 737 508 780 calamitosos
538 752 627 780 non
648 739 832 780 deserit?
882 736 943 778 At
965 738 1035 778 1116
1056 739 1201 788 ctiam,
1232 739 1326 779 ‘lOid
1350 738 1464 793 quod
1494 739 1573 780 tibi

139 809 312 838 11666556
332 794 509 836 11111111116
530 794 628 846 fuit,
651 794 814 836 facetus
836 809 926 836 esse
950 795 1138 845 voluisti,
1156 810 1253 836 cum
1276 794 1572 850 Tarquinium,

139 863 184 895 et
209 853 428 903 Numam,
434 861 478 892 et
506 867 575 893 me
606 853 781 894 tertium
808 853 1081 909 peregrinum
1105 867 1265 908 regem,
1286 866 1350 893 655
1346 867 1378 893 e
1406 853 1572 894 dixisti.

140 909 278 952 Mitto
299 909 394 965 jam
417 909 469 950 de
497 924 598 966 rege
628 925 842 965 quaerere:
874 910 976 950 illud
1008 925 1170 965 quaero,
1197 910 1468 965 peregrinum
1498 925 1573 951 cur

134 982 206 1009 me
235 981 326 1008 esse
355 967 530 1008 dixeris.
561 982 676 1018 nam,
707 970 743 999 ‘21
760 968 794 1008 si
820 967 881 1008 ita
911 982 1019 1031 sum,
1042 982 1128 1007 non
1159 976 1246 1007 tam
1270 978 1334 1007 est
1358 967 1572 1008 admiran-

137 1025 255 1076 dum,
277 1039 422 1080 regem
444 1038 535 1065 esse
556 1039 639 1075 me,
660 1024 775 1080 quia,
799 1034 846 1066 ut
869 1034 914 1066 tu
937 1025 1014 1076 vis,
1037 1025 1167 1065 etiam
1199 1025 1428 1080 peregrini,
1452 1039 1571 1081 160165

139 1081 294 1123 Romae
326 1082 512 1133 f·ue1unt,
533 1097 661 1137 quam
691 1083 910 1123 consulem
943 1082 1097 1123 Romae
1121 1082 1251 1122 1111556
1283 1082 1570 1137 peieorinum.

139 1138 241 1182 Hoc
271 1139 385 1191 dico,
413 1139 568 1194 inquit,
594 1149 635 1180 te
666 1154 756 1181 esse
785 1154 841 1181 ex
874 1139 1126 1204 municipio.
1187 1139 1355 1189 Fateor,
1387 1150 1429 1179 et
1459 1140 1631 1186 addo⁶23

138 1197 285 1263 etiam,
306 1211 361 1238 ex
388 1211 441 1238 eo
471 1196 725 1253 municipio,
755 1197 866 1239 unde
898 1197 1050 1238 iterum
1077 1211 1170 1251 Jam
1202 1197 1311 1237 salus
1343 1171 1443 1238 111116
1477 1198 1570 1238 urbi

136 1254 403 1311 imperioque
430 1269 560 1295 missa
589 1265 668 1295 est.
728 1255 812 1296 Sed
836 1255 945 1296 scire
974 1269 1028 1295 ex
1055 1264 1096 1294 te
1120 1269 1219 1309 perv
1224 1254 1338 1305 elim,
1361 1256 1574 1309 quamob-

138 1326 245 1364 rem,
262 1327 337 1367 qui
369 1326 424 1353 ex
446 1312 696 1368 municipiis
737 1313 925 1363 veniant,
948 1312 1159 1367 peremini
1186 1312 1263 1353 tibi
1285 1326 1375 1352 esse
1398 1312 1572 1352 videau-

136 1379 220 1411 tur.
251 1384 379 1410 nemo
401 1383 517 1410 6111111
541 1370 651 1410 istuc
675 1369 742 1411 M.
765 1370 825 1411 illi
847 1369 1005 1411 Catoni
1026 1369 1130 1419 seni,
1150 1384 1248 1410 cum
1268 1369 1474 1424 plurimos
1496 1370 1572 1410 ha-

139 1427 261 1468 beret
291 1427 504 1477 inimicos,
536 1442 664 1467 nemo
694 1427 745 1468 Τ.
784 1426 1236 1476 Coruncanio,2nemo
1269 1426 1417 1477 Curio,
1444 1441 1572 1467 nemo

134 1483 237 1525 huic
259 1484 340 1540 ipsi
362 1494 509 1525 nostro
532 1483 584 1524 C.
609 1483 769 1535 Mario,
791 1499 890 1525 cum
916 1484 955 1524 ei
979 1484 1102 1524 multi
1130 1484 1384 1534 inviderent,
1407 1484 1571 1538 obiecit

135 1555 354 1596 umquam.
414 1540 626 1596 Equidem
661 1542 933 1582 vehementer
971 1541 1109 1591 laetor,
1149 1555 1248 1581 eum
1281 1555 1371 1581 esse
1411 1555 1492 1592 me,
1524 1542 1569 1583 in

133 1612 261 1654 quem
293 1608 354 1650 tu,
385 1613 484 1640 cum
515 1613 707 1655 cuperes,
734 1599 897 1640 nullam
936 1597 1242 1640 contumeliam
1265 1598 1411 1654 jacere
1443 1607 1570 1655 potu-

134 1670 232 1707 eris,
249 1670 346 1711 quae
366 1670 451 1697 non
471 1656 524 1696 ad
547 1671 780 1697 maxnnam
802 1667 980 1721 partem
986 1657 1146 1697 civium
1169 1656 1432 1696 conveniret
1484 1656 1565 1697 Sed
1583 1652 1615 1701 8

135 1723 280 1756 tamen
313 1724 354 1754 te
384 1728 409 1754 a
445 1727 526 1764 me,
558 1728 636 1777 pro
667 1729 834 1770 magnis
867 1713 1005 1755 causis
1037 1723 1195 1755 nostrae
1226 1713 1569 1764 necessitudinis,

134 1770 397 1812 monendum
416 1785 506 1811 esse
525 1771 654 1811 etiam
677 1748 805 1826 atqoue
823 1771 954 1812 etiam
973 1779 1095 1828 puto.
1157 1770 1258 1811 Non
1277 1780 1455 1826 possunt
1478 1786 1570 1811 orn-

135 1841 210 1870 nes
247 1842 338 1868 esse
376 1828 560 1883 patricii.
598 1829 631 1868 si
666 1843 812 1870 verum
843 1829 1016 1884 quaeris,
1045 1830 1153 1869 92116
1184 1837 1336 1869 curant
1372 1828 1568 1892 quidem:

134 1899 214 1926 nec
236 1899 280 1925 se
302 1885 486 1940 aequales
508 1885 583 1936 tui,
603 1895 778 1942 propter
797 1886 924 1927 istam
946 1900 1134 1936 causam,
1153 1886 1228 1926 abs
1251 1896 1292 1926 te
1316 1886 1468 1926 anteiri
1492 1901 1571 1942 pu-

138 1950 245 1984 tant.
304 1942 384 1993 Ac,
416 1944 449 1983 si
481 1943 559 1983 tibi
589 1958 667 1983 nos
699 1944 914 2000 peregrini
949 1943 1157 1993 videmur,
1191 1958 1373 1997 quorum
1400 1943 1494 1998 jam
1527 1953 1631 1998 eto4

135 2014 291 2040 nomen
314 2009 357 2040 et
379 1999 515 2040 honos
540 2001 795 2042 inveteravit
819 2012 864 2042 et
883 2001 984 2042 huic
1006 2001 1101 2042 urbi
1123 2010 1166 2041 et
1195 2000 1419 2041 hominum
1443 2000 1616 2045 famaeb

135 2071 186 2098 ac
208 2058 498 2099 sermonibus:
531 2073 660 2112 quam
692 2059 771 2100 tibi
796 2059 889 2100 illos
919 2058 1226 2113 competitores
1258 2067 1355 2098 tuos
1384 2059 1572 2114 peregri-

135 2127 212 2155 nos
237 2114 368 2156 videri
393 2129 565 2156 necesse
586 2116 682 2166 erit,
705 2116 778 2170 qui
798 2116 892 2171 jam
924 2119 962 2146 23
977 2130 1031 2156 ex
1055 2124 1148 2156 tota
1172 2114 1296 2156 [talia
1318 2115 1487 2165 delecti,
1512 2124 1572 2156 te-

135 2185 233 2212 cum
255 2172 306 2212 de
337 2171 500 2214 honore
527 2183 570 2213 et
592 2173 644 2213 de
675 2174 792 2214 omni
823 2173 1036 2231 dignitate
1057 2173 1359 2215 contendunt?
1390 2187 1574 2228 quorum

132 2345 270 2386 probare
295 2347 527 2384 necessarium,
557 2351 593 2379 et
621 2357 833 2380 numerosam
876 2348 1037 2388 regrinus.

135 2389 319 2418 orationem
331 2389 442 2419 efficit.
919 2395 958 2421 22
981 2401 1021 2420 ne
1036 2393 1157 2421 curant
1172 2389 1317 2429 quidem]
1345 2390 1484 2431 Nempe,
1500 2392 1576 2431 quia

181 2433 218 2464 19
239 2432 279 2467 sl,
296 2432 350 2460 1105
364 2433 446 2461 tales
459 2431 558 2472 viros]
579 2431 618 2463 Si
634 2436 763 2473 peterat
778 2432 834 2463 ab·
875 2437 950 2464 tum
972 2433 1102 2474 patricii
1125 2432 1208 2462 nihil
1223 2432 1397 2463 admodum
1421 2434 1574 2474 praecipui

131 2481 217 2502 esse:
255 2473 310 2503 sed
338 2483 405 2504 non
433 2479 483 2504 est
509 2475 682 2505 vitiosum:
720 2485 834 2505 verum
870 2477 955 2516 juris
988 2475 1166 2512 habebant,
1196 2485 1271 2505 cum
1306 2475 1446 2505 honores
1473 2476 1575 2507 etiam

130 2519 205 2554 post
229 2515 258 2544 εἰ
285 2516 586 2556 interpungendum
615 2522 678 2554 est,
709 2517 832 2548 intelli·
874 2518 1009 2559 plebeiis
1024 2522 1188 2559 paterent.

128 2556 338 2597 gendumque
352 2560 535 2589 concedam.
917 2563 957 2590 23
981 2571 1020 2590 ew
1042 2565 1111 2590 tota
1134 2560 1238 2590 Italia
1261 2559 1387 2598 delecti]
1413 2559 1501 2599 Quid
1522 2559 1576 2589 hic

169 2600 210 2630 20
232 2600 269 2628 id
280 2600 400 2639 quide.
418 2611 487 2632 nei
478 2611 540 2631 sse
554 2601 712 2642 nonfuit]
731 2602 832 2633 Jocus
875 2602 919 2633 sit
945 2604 1071 2639 delecti,
1101 2611 1168 2632 non
1195 2611 1356 2641 assequor.
1402 2602 1575 2642 Quomodo

125 2641 197 2670 est·
190 2650 224 2671 .n
242 2641 461 2681 Torquatum,
478 2646 569 2683 cuius
592 2645 730 2685 ingenio
747 2645 833 2676 face·
876 2645 1043 2675 candidati
1058 2655 1099 2675 ex
1119 2651 1195 2675 tota
1217 2644 1315 2675 Italia
1336 2644 1453 2674 delecti
1472 2644 1574 2674 sunt²

132 2683 188 2713 ‹iae
204 2692 270 2713 non
285 2686 536 2717 cuturnicbant.
874 2687 1003 2718 Vitium
1040 2687 1093 2717 hic
1127 2696 1288 2726 agnosco.
1326 2687 1576 2722 correctionem,

179 2726 214 2755 21
239 2727 267 2756 si
279 2727 325 2756 ica
340 2738 401 2757 sm
403 2727 428 2766 1]
457 2728 510 2758 Ita
527 2729 688 2760 redundat
701 2729 781 2765 fere,
797 2733 835 2760 ut
877 2740 949 2769 quae
962 2729 1043 2760 mihi
1060 2729 1216 2772 placeret,
1233 2729 1379 2760 nondum
1392 2730 1577 2769 excogitare

133 2765 171 2796 in
184 2767 212 2797 ei
230 2767 279 2799 ita
292 2772 356 2799 est:
379 2770 574 2809 sufficiebat,
587 2773 614 2804 si
628 2782 703 2804 sum
713 2781 759 2803 sc.
780 2782 835 2813 pe-
877 2772 987 2813 potui.
