1785 3185
282 100 381 135 1304
870 98 1100 139 ORATIO

279 200 444 251 tuisset,
482 200 643 242 nullum
682 216 816 259 genus
850 217 946 244 eum
988 201 1251 244 crudelitatis
1293 203 1606 258 praeteriturum
1637 204 1706 248 fu·
1764 219 1785 254 ξι

278 256 388 298 isse?
417 257 579 313 quippe
613 259 686 313 qui
727 260 771 301 in
813 259 995 317 hospitis
1034 260 1158 302 tectis
1200 259 1415 301 Brundisii
1449 261 1703 305 fortissimos
1765 271 1768 285 ¹

276 313 407 375 viros,
439 314 554 355 cives
581 316 782 371 optimos,
805 316 996 373 jugulari
1019 317 1201 372 ⁷jussit:
1233 332 1411 372 quorum
1446 329 1545 360 ante
1577 320 1703 376 pedes

276 383 370 424 ejus
404 372 677 413 morientium
712 376 918 429 sanguine
952 389 999 415 os
1036 374 1183 414 uxoris
1215 388 1449 431 respersum
1482 389 1573 416 esse
1602 391 1706 417 con-

277 427 435 469 stabat.
495 429 593 470 Hac
634 430 702 471 ille
739 430 990 472 crudelitate
1028 429 1233 480 imbutus,
1269 446 1367 472 cum
1405 433 1540 473 multo
1568 433 1704 486 *bonis

278 485 478 527 omnibus
502 488 663 528 veniret
685 487 844 537 iratior,
866 502 992 542 quam
1015 485 1095 527 illis
1128 487 1279 537 fuerat,
1302 502 1407 542 quos
1439 487 1673 530 trucidarat
1693 506 1704 531 ι

278 542 388 582 8cui
431 543 601 584 tandem
644 544 853 594 nostrum,
895 553 969 583 aut
1009 543 1077 584 cui
1119 544 1294 584 omnino
1338 545 1451 585 bono
1493 546 1706 601 pepercis-

240 597 370 640 5set?
431 600 530 646 Qua
563 608 680 655 peste
710 599 1015 655 rempublicam
1049 599 1216 655 privato
1247 600 1424 641 consilio
1457 608 1554 653 (nec
1589 602 1705 644 enim

275 653 367 695 fieri
405 657 546 710 potuit
581 656 719 707 aliter)
755 656 901 698 Caesar
932 656 1141 698 liberavit.
1173 656 1245 711 qui
1280 656 1358 697 nisi
1391 657 1433 698 in
1468 658 1547 700 hac
1581 673 1623 700 re
1659 674 1706 700 u·-

275 711 389 753 blica
421 723 546 753 natus
581 723 705 763 esset,
728 712 1034 770 rempublicam
1069 711 1223 754 scelere
1245 712 1424 754 Antonii
1450 714 1606 756 nullam
1661 731 1706 756 a-

274 769 485 810 beremus.
548 770 619 811 Sic
641 771 753 811 enim
787 771 1013 827 perspicio,
1036 771 1096 811 sic
1118 770 1286 823 judico,
1310 771 1388 811 nisi
1424 785 1532 812 unus
1563 772 1706 814 adole·

274 839 394 866 scens
415 826 524 867 illius
547 826 726 868 furentis
746 837 945 883 impetuS,
966 827 1365 881 crudelissimosque
1384 839 1562 868 conatus
1584 828 1705 870 cohi-

273 882 450 934 buisset,
473 884 782 939 rempublicam
806 885 997 925 funditus
1021 885 1286 925 interituram
1310 884 1454 925 fuisse.
1503 884 1584 926 Cui
1609 885 1705 940 qui-

270 938 370 980 dem
389 940 597 981 hodierno
619 941 702 991 die,
723 951 861 997 patres
882 941 1130 997 conscripti,
1148 945 1282 993 (nunc
1304 942 1416 982 enim
1437 942 1618 999 primum
1643 942 1706 984 ita

272 998 567 1047 convenimus,
588 1008 635 1038 ut
664 997 774 1039 illius
806 998 1015 1039 beneficio
1049 1012 1282 1053 possemus,
1304 1014 1401 1053 quae
1435 999 1706 1050 sentiremus,

272 1052 406 1095 libere
428 1054 602 1104 dicere,)
623 1055 848 1096 tribuenda
866 1065 930 1096 est
951 1055 1197 1104 auctoritas,
1216 1065 1262 1095 ut
1286 1056 1592 1112 rempublicam
1616 1071 1703 1097 non

228 1110 261 1142 b.
275 1110 403 1152 modo
424 1126 449 1152 a
471 1125 514 1151 se
533 1120 789 1168 susceptam,
811 1113 882 1153 sed
899 1113 1028 1153 etiam
1048 1127 1072 1152 a
1093 1112 1217 1153 nobis
1240 1113 1580 1153 commendatam
1608 1128 1706 1169 pos-

224 1159 261 1207 3
276 1166 331 1207 sit
352 1167 594 1210 defendere.
656 1169 748 1211 Nec
773 1184 871 1210 vero
887 1170 939 1210 de
958 1169 1127 1225 legione
1152 1168 1311 1209 Martia
1329 1171 1549 1223 (quoniam
1571 1170 1702 1226 longo

236 1223 500 1266 6intervallo
522 1226 639 1282 loqui
662 1227 786 1268 nobis
809 1226 860 1268 de
877 1227 1096 1282 republica
1118 1226 1236 1274 licet)
1259 1225 1367 1266 sileri
1394 1235 1548 1281 potest.
1592 1227 1702 1274 Quis

271 1280 385 1322 enim
411 1286 430 1315 9
447 1297 553 1323 unus
584 1283 750 1335 fortior,
775 1284 869 1339 quis
902 1284 1080 1324 amicior
1103 1297 1303 1338 umquam
1329 1283 1575 1338 reipublicae
1605 1285 1703 1336 fuit,

268 1352 398 1392 quarn
432 1339 545 1395 legio
571 1340 733 1382 Martia
764 1341 988 1383 universa?
1018 1355 1114 1395 quae
1137 1354 1235 1380 cum
1259 1339 1423 1380 hostem
1446 1340 1591 1396 populi
1617 1340 1704 1382 Ro-

266 1396 384 1436 mani
407 1395 472 1437 M.
492 1396 730 1438 Antonium
747 1397 999 1452 judicasset,
1018 1411 1160 1439 comes
1183 1411 1273 1437 esse
1294 1397 1386 1452 ejus
1403 1398 1602 1439 amentiae
1626 1412 1704 1439 no-

265 1450 346 1493 luit
366 1469 374 1494 :
407 1453 580 1509 reliquit
596 1455 843 1507 consulem3
875 1455 988 1510 quod
1013 1454 1207 1511 profecto
1229 1468 1314 1495 non
1338 1453 1522 1504 fecisset,
1545 1454 1579 1495 si
1602 1469 1702 1496 eum

269 1510 488 1551 consulem
507 1511 791 1565 judicavisset
811 1529 818 1554 ;
843 1526 969 1567 quem
992 1512 1097 1552 nihil
1118 1511 1230 1552 aliud
1255 1525 1396 1566 agere,
1421 1511 1525 1552 nihil
1544 1511 1700 1562 moliri,

268 1566 352 1607 nisi
375 1567 537 1608 caedem
557 1569 732 1620 civium,
747 1579 874 1624 atque
889 1569 1107 1610 interitum
1128 1569 1330 1617 civitatis,
1348 1568 1521 1610 videret.
1554 1567 1700 1624 Atque

268 1636 320 1664 ea
350 1623 464 1680 legio
493 1626 688 1667 consedit
720 1626 860 1668 Albae.
921 1626 1062 1673 Quam
1097 1626 1237 1682 potuit
1264 1626 1410 1666 urbem
1432 1625 1603 1681 eligere,
1625 1634 1701 1667 aut

268 1681 623 1737 opportuniorem
657 1683 709 1724 ad
732 1698 796 1724 res
829 1684 1142 1739 gei·endaS,aut
1176 1683 1422 1733 fideliorem,
1445 1694 1518 1724 aut
1549 1682 1701 1724 fortio-

228 1734 253 1772 7
271 1751 362 1778 rum
385 1738 589 1790 virorum,
612 1750 685 1782 aut
701 1740 951 1781 amiciorum
972 1740 1130 1797 populo
1154 1740 1349 1782 Romano
1369 1739 1556 1781 civium?
1605 1739 1700 1781 Hu-

259 1793 386 1849 jusce
408 1796 589 1852 legionis
612 1798 813 1838 virtutem
837 1797 1005 1838 imitata
1025 1807 1175 1852 quarta
1197 1797 1326 1852 legi0‚
1349 1797 1457 1837 duce
1481 1797 1529 1837 L.
1557 1796 1701 1853 Egna-

265 1851 398 1893 tuleio
412 1864 639 1908 quaestore,
658 1855 752 1896 cive
775 1855 940 1910 optimo
962 1865 1005 1895 et
1024 1854 1272 1903 fortissimo,
1294 1853 1477 1895 Caesaris
1505 1857 1700 1896 10300ῐο-

264 1909 436 1953 ritatem
461 1919 589 1966 atque
612 1913 851 1953 exercitum
874 1921 1096 1967 persecuta
1117 1923 1195 1952 est.
1246 1911 1510 1952 Faciundum
1530 1923 1592 1952 est
1618 1911 1700 1967 igi-

266 1974 335 2007 tur
356 1967 496 2018 nobis,
520 1978 659 2024 patres
678 1969 928 2024 conscripti,
955 1972 986 1999 11
1008 1980 1054 2010 ut
1079 1983 1142 2019 ea,
1169 1983 1265 2024 quae
1286 1983 1360 2009 sua
1381 1979 1532 2024 sponte
1554 1970 1700 2010 claris-

264 2023 397 2065 simus
426 2024 670 2066 adolescens
701 2035 828 2081 atque
861 2026 1053 2067 omnium
1088 2026 1464 2082 praestantissimus
1494 2026 1626 2082 gessit
1654 2037 1698 2066 et

265 2081 377 2136 gerit
397 2113 407 2131 ‚
432 2081 526 2123 haec
545 2083 801 2124 auctoritate
823 2094 967 2124 nostra
989 2084 1346 2139 comprobentur:
1382 2094 1700 2124 veteranorum-

264 2151 363 2191 que,
383 2138 710 2181 fortissimorum
744 2141 946 2190 virorum,
971 2150 1059 2181 tum
1087 2140 1266 2196 legionis
1302 2138 1490 2191 Martiae,
1513 2151 1699 2195 quartae-

265 2208 348 2248 que
367 2195 572 2237 mirabilis
594 2212 825 2238 consensus
842 2198 893 2238 ad
913 2197 1219 2253 rempublicam
1242 2198 1587 2252 recuperandam,
1611 2196 1699 2238 lau-

265 2251 319 2292 de
340 2261 383 2292 et
406 2253 653 2295 testimonio
681 2264 827 2296 nostro
848 2255 1150 2296 confirmetur:
1193 2268 1426 2309 eorumque
1455 2254 1696 2306 commoda,

265 2374 364 2405 verbo
386 2377 586 2406 minabatur.
613 2377 697 2415 quod
721 2377 796 2416 quia
817 2377 960 2409 ricinum
1050 2380 1086 2407 10
1108 2382 1194 2408 auct.
1210 2382 1306 2417 atque
1326 2387 1430 2408 eoeerc.
1443 2383 1612 2416 persecuta
1633 2378 1695 2418 est]

265 2418 383 2457 magis,
395 2419 537 2456 putabat
552 2419 692 2457 practuli.
1004 2420 1163 2449 Gruterus
1180 2421 1211 2449 in
1229 2429 1294 2449 uno
1318 2419 1381 2449 Ma.
1401 2420 1466 2450 Pal.
1485 2419 1602 2459 reperit
1620 2429 1696 2459 pro-

309 2463 325 2492 7
352 2458 469 2499 jussit]
507 2461 651 2490 Graevius
685 2461 773 2490 dedit
800 2458 961 2500 jusserit.-
1002 2466 1112 2491 secum
1127 2467 1184 2492 est.
1210 2461 1428 2492 Usitatissime
1443 2461 1572 2491 dixisset
1585 2466 1697 2492 secuta

265 2501 351 2540 quod
365 2512 526 2540 sequerer,
544 2503 569 2531 si
584 2504 697 2541 quippe
712 2503 836 2532 abesset
850 2514 857 2532 ;
885 2513 960 2533 naui
1004 2509 1062 2538 est,
1079 2510 1115 2533 ut
1131 2515 1158 2534 c.
1176 2509 1347 2543 sequente:
1372 2503 1426 2532 sed
1441 2509 1475 2534 et
1484 2504 1634 2543 persequi
1648 2504 1694 2534 sie

266 2542 313 2573 ita
327 2544 468 2573 eoban-et
483 2545 538 2583 qui
555 2545 657 2582 inagis
671 2555 746 2574 enm
761 2545 937 2585 pnnfitisse.
1002 2545 1131 2575 dicitur.
1154 2556 1182 2576 v.
1206 2546 1337 2576 sim-vm
1363 2546 1396 2575 in
1417 2545 1451 2576 h.
1477 2556 1506 2575 v.
1522 2550 1695 2585 prosecuta

309 2588 326 2616 8
350 2587 402 2615 cui
421 2590 444 2615 t.
462 2587 621 2625 nostrum]
648 2587 700 2616 Sic
723 2586 803 2615 bvrw
829 2598 885 2626 pro
909 2596 959 2616 ve-
1002 2593 1113 2617 minen
1137 2588 1251 2618 melius
1277 2593 1369 2626 puto,
1394 2588 1479 2626 quod
1502 2595 1535 2618 et
1559 2587 1623 2618 MS.
1649 2587 1694 2620 H.

264 2631 372 2656 strum
388 2627 451 2657 ΜΞ.
465 2628 540 2659 Vnt.
556 2633 587 2657 et
603 2639 639 2657 cx
656 2638 693 2657 eo
709 2633 789 2657 orta’
804 2629 874 2658 cdd.
1002 2629 1110 2660 habet.

303 2673 326 2701 ’9
348 2668 585 2709 urzzzsjbreior]
615 2670 701 2700 Libri
730 2670 808 2700 olim
836 2680 896 2700 scr.
926 2676 958 2700 ct
1049 2674 1079 2701 ll
1106 2676 1142 2701 ut
1163 2681 1213 2708 ea,
1229 2671 1419 2711 quae—Jiaee]
1439 2671 1504 2702 Aut
1525 2681 1564 2700 ea
1583 2670 1692 2701 delen-

263 2710 335 2742 edd.
349 2721 505 2750 unquam.
551 2712 625 2742 Vat.
648 2722 744 2747 unus,
767 2713 955 2743 rectissime.
999 2714 1077 2743 dum
1093 2721 1185 2753 puto,
1204 2718 1262 2745 aut
1284 2715 1359 2745 hoec.
1401 2715 1464 2745 Sed
1485 2713 1566 2745 illud
1588 2712 1691 2754 magis

265 2753 438 2792 respondet
462 2754 580 2791 legioni
598 2755 764 2790 mzivenoe,
782 2755 867 2794 quod
890 2766 956 2786 non
1000 2755 1120 2797 placet.

264 2794 408 2827 ridentes
424 2796 458 2827 in
472 2806 617 2837 unquam
634 2802 822 2830 mutarunt.
