1769 3174
197 125 272 161 489
799 116 1049 156 ORATIO

206 225 325 279 sem?
358 221 562 263 Senatum
593 219 802 273 consules,
827 222 970 272 credo,
992 228 1230 272 vocassent,
1251 236 1379 277 quem
1411 228 1549 265 totum
1579 223 1632 264 de

205 281 384 321 civitate
405 279 617 321 delerant:
649 278 690 308 66
702 279 754 319 ad
781 293 899 320 arma
922 289 1159 329 vocassent,
1181 279 1253 333 qui
1286 293 1338 320 ne
1360 280 1515 320 vestitu
1537 280 1632 334 qui-

208 337 306 378 dem
340 335 510 377 defendi
551 335 859 391 rempublicam
895 336 1068 377 sissent:
1100 351 1125 375 a
1157 336 1329 376 tribuno
1363 335 1498 392 plebis
1536 344 1634 392 post

211 394 431 434 interitum
462 407 603 434 meum
635 392 913 441 dissidissent,
936 392 1008 446 qui
1036 392 1213 432 eandem
1242 391 1388 433 horam
1422 406 1530 434 meae
1560 407 1635 448 pe-

130 457 201 505 20
214 451 289 491 stis
311 460 354 491 et
384 464 556 491 suorum
588 449 862 504 praemiorum
884 462 974 488 esse
999 448 1244 490 voluissent.
1302 449 1497 491 &Unum
1518 450 1633 490 enim

150 530 200 562 45
215 508 319 549 mihi
354 508 541 548 restabat
574 506 689 555 illud,
717 506 830 559 quod
865 504 1043 545 forsitan
1073 519 1159 545 non
1193 520 1318 546 nemo
1341 506 1406 546 vir
1438 505 1561 547 fortis
1591 514 1636 546 et

211 565 320 606 acris
370 564 500 605 animi
545 562 774 617 magnique
824 561 1005 602 dixerit:
1059 561 1297 612 restitisses,
1339 576 1635 618 repugnasseS,

210 632 393 663 mortem
435 634 630 676 pugnans
672 618 923 673 oppetisses.
981 618 1020 648 68
1037 617 1102 658 De
1139 633 1225 672 quo
1260 628 1316 669 te,
1351 629 1406 670 te,
1445 620 1633 674 inquam,

211 679 364 734 patria,
388 688 532 727 testor,
555 685 597 716 et
630 690 703 715 vos
738 684 925 730 penates,
953 674 1166 730 patriique
1196 675 1271 725 dii,
1303 690 1370 716 me
1400 685 1636 717 vestrarum

212 736 360 776 sedum
391 733 732 789 templorumque
765 746 905 782 causa,
936 746 1005 771 me
1035 740 1209 787 propter
1233 732 1408 773 salutem
1442 747 1636 773 meorum

211 792 387 842 civium,
409 806 505 845 quae
539 789 643 830 mihi
676 803 841 844 semper
874 787 957 828 fuit
987 802 1080 828 mea
1100 788 1237 828 carior
1268 789 1371 840 vita,
1393 789 1634 830 dimicatio-

211 863 309 890 nem
340 849 586 902 caedemque
619 846 792 901 fugisse.
855 844 1041 895 Etenim,
1075 845 1109 885 si
1142 845 1247 885 mihi
1277 846 1319 886 in
1353 845 1495 900 aliqua
1527 861 1635 886 nave

210 921 308 946 cnm
351 905 455 946 meis
497 903 644 944 amicis
678 902 912 957 naviganti,
952 900 1048 951 1100,
1083 901 1268 955 judieeS,
1309 903 1548 954 accidisset,
1587 912 1635 943 ut

210 962 331 1003 multi
356 977 409 1003 ex
433 961 576 1011 multis
599 959 701 999 loeis
734 959 955 1014 praedones
977 957 1181 999 classibus
1203 974 1294 1000 eain
1318 974 1468 1000 navem
1492 974 1535 1000 se
1558 973 1636 1015 op-

210 1034 428 1074 pressnros
460 1017 772 1066 minitarentur,
797 1015 876 1055 nisi
908 1029 975 1055 me
1005 1029 1136 1056 unum
1168 1016 1249 1056 sibi
1283 1016 1566 1058 dedidissent:
1599 1016 1634 1057 si

211 1076 254 1117 id
271 1086 458 1117 vectores
481 1084 699 1130 negarent,
713 1087 762 1113 ac
783 1086 948 1113 mecum
968 1072 1091 1112 simul
1114 1073 1299 1124 interire,
1313 1087 1441 1128 quam
1460 1087 1528 1114 me
1552 1081 1635 1113 tra·

98 1163 133 1193 p.
153 1133 310 1183 13,dere
332 1133 527 1173 hostibus
549 1130 745 1171 mallent:
771 1129 972 1184 jecissem
1005 1143 1073 1169 me
1104 1130 1194 1184 ipse
1226 1131 1368 1185 potius
1394 1131 1437 1171 in
1461 1129 1637 1185 profun-

170 1205 198 1224 a.
213 1191 328 1240 dum,
350 1200 395 1230 nt
416 1199 578 1230 eeteros
601 1200 910 1235 conservarem,
933 1201 1060 1240 quam
1093 1185 1185 1226 illos
1216 1187 1298 1226 mei
1332 1195 1419 1228 tam
1441 1187 1636 1241 cupidos,

213 1262 298 1288 non
324 1247 452 1287 modo
475 1245 527 1286 ad
550 1254 708 1285 certam
742 1254 937 1293 mortem,
961 1243 1032 1284 sed
1065 1243 1107 1283 in
1139 1257 1342 1297 magnum
1365 1243 1465 1284 vitae
1487 1243 1636 1285 discri-

150 1327 201 1359 46
216 1319 311 1345 men
343 1304 612 1346 adducerem.
674 1300 786 1342 Cum
820 1315 917 1340 vero
957 1300 998 1339 in
1033 1299 1142 1340 hanc
1184 1296 1430 1356 reipublieae
1468 1315 1636 1351 navem,

213 1361 368 1417 ereptis
392 1359 554 1401 senatui
579 1356 892 1414 gubernaculis,
915 1357 1155 1397 fluitantem
1189 1356 1230 1398 in
1261 1357 1347 1398 alto
1371 1357 1637 1413 tempestati-

212 1419 291 1459 bus
314 1418 572 1459 seditionum
603 1430 653 1456 ac
679 1414 1003 1463 discordiarum,
1025 1413 1065 1447 69
1079 1424 1252 1455 armatae
1277 1423 1342 1455 tot
1362 1414 1530 1465 classes,
1553 1414 1634 1455 nisi

209 1490 291 1532 ego
326 1490 432 1516 unus
463 1474 630 1514 deditus
662 1486 811 1521 essem,
846 1471 1076 1511 incursurae
1108 1471 1374 1512 viderentur:
1407 1486 1504 1512 cum
1537 1485 1635 1528 pro-

207 1533 400 1588 scriptio,
422 1531 575 1580 caules,
607 1529 791 1584 direptio
823 1527 1198 1570 denuntiarentur:
1231 1543 1329 1569 011111
1360 1527 1430 1570 alii
1464 1542 1532 1569 me
1565 1543 1635 1569 su-

208 1590 400 1645 spicione
422 1587 596 1645 periculi
621 1587 683 1627 sui
709 1600 792 1626 non
816 1584 1106 1634 defenderent,
1129 1584 1199 1625 alii
1220 1595 1361 1626 vetere
1380 1584 1480 1626 odio
1501 1586 1636 1626 bono-

208 1662 299 1688 rum
324 1647 617 1694 incitarentur,
640 1643 709 1683 alii
734 1641 986 1692 inviderent,
1018 1641 1087 1682 alii
1112 1643 1281 1683 obstare
1312 1642 1392 1683 sibi
1425 1656 1493 1682 me
1523 1642 1636 1683 arbi-

207 1713 434 1754 trarentur,
468 1702 538 1742 alii
573 1700 718 1741 ulcisci
753 1698 942 1739 dolorem
978 1712 1100 1739 suum
1139 1699 1323 1754 aliquem
1358 1697 1528 1749 vellent,
1561 1698 1633 1739 alii

207 1776 297 1802 rem
328 1761 464 1816 ipsam
496 1758 728 1815 publicam,
750 1766 878 1811 atque
911 1755 1024 1796 1111110
1047 1756 1258 1797 bonorum
1295 1764 1453 1796 statum
1475 1757 1635 1797 otium-

207 1833 290 1874 que
319 1818 524 1867 odissent,
552 1823 595 1856 et
627 1815 683 1855 ob
717 1814 842 1854 hasce
874 1827 1036 1865 causas,
1069 1821 1147 1862 tot,
1176 1822 1348 1867 tamque
1380 1813 1532 1864 varias,
1565 1827 1634 1853 me

207 1890 341 1916 unum
372 1875 675 1930 deposcerent:
707 1871 997 1926 depugnarem
1032 1870 1174 1926 potius
1206 1885 1304 1910 cum
1335 1883 1517 1921 summo,
1546 1884 1634 1911 non

209 1933 349 1973 dicam
372 1931 522 1981 exitio,
546 1930 618 1970 sed
641 1927 828 1984 periculo
848 1937 962 1968 certe
981 1936 1121 1967 vestro
1141 1926 1455 1982 liberorumque
1474 1935 1636 1968 vestro-

210 2004 318 2039 rum,
350 2003 476 2044 quam
510 2002 595 2028 non
627 1986 684 2035 id,
715 1985 829 2040 quod
863 1983 1062 2025 omnibus
1096 1984 1385 2039 impendebat,
1415 1998 1524 2025 unus
1557 1999 1635 2040 pro

129 2048 193 2095 21
212 2047 410 2087 omnibus
433 2045 689 2100 susciperem
712 2059 761 2083 ac
784 2041 998 2083 subirem?
1029 2041 1143 2081 Victi
1166 2050 1306 2081 essent
1329 2041 1530 2096 improbi.
1574 2041 1636 2081 At

148 2120 199 2157 47⁴
212 2104 341 2154 cives,
363 2107 403 2136 70
416 2112 460 2143 at
480 2103 533 2142 ab
556 2116 606 2142 eo
630 2100 811 2156 privato,
834 2098 905 2153 qui
930 2099 1020 2138 sine
1048 2098 1174 2138 armis
1197 2098 1325 2138 etiam
1347 2097 1493 2138 consul
1526 2112 1636 2138 rem-

212 2161 427 2217 publicam
451 2166 735 2200 conservarat.
768 2157 830 2196 sin
856 2155 956 2195 victi
979 2164 1119 2195 essent
1150 2155 1276 2196 boni:
1309 2154 1409 2210 quid
1444 2169 1636 2210 superes-

211 2220 298 2259 set?
329 2232 413 2258 non
437 2216 487 2257 ad
513 2229 654 2255 servos
678 2214 831 2253 videtis
863 2227 948 2252 rem
973 2222 1194 2252 venturam
1227 2211 1383 2254 fuisse?
1428 2211 1498 2252 An
1529 2211 1636 2252 mihi

210 2275 306 2331 ipsi,
331 2284 377 2314 ut
398 2273 570 2329 quidam
600 2280 767 2327 putant,
791 2269 873 2310 fnit
902 2283 1016 2309 mors
1048 2284 1172 2323 aequo
1195 2269 1339 2308 animo
1361 2269 1636 2324 oppetenda?

208 2332 339 2388 quid?
372 2340 462 2371 tum
497 2340 734 2369 mortemne
774 2326 1021 2381 fugiebam?
1059 2340 1112 2366 an
1151 2335 1240 2366 erat
1275 2340 1339 2366 res
1372 2325 1470 2376 ulla,
1505 2340 1636 2380 quam

206 2389 313 2430 mihi
338 2388 472 2444 magis
496 2386 727 2442 optandam
751 2385 974 2440 putarem?
1005 2392 1080 2423 aut
1099 2397 1180 2438 ego
1203 2382 1294 2424 illas
1326 2397 1389 2423 res
1413 2391 1567 2434 tantas,
1590 2383 1635 2424 in

245 2513 286 2544 66
309 2513 353 2542 ad
366 2521 464 2543 arma
480 2509 655 2548 vocassent]
680 2507 788 2546 Vulgo
803 2517 897 2537 roca·
939 2508 1046 2537 tentia
1062 2507 1166 2537 dicere
1180 2518 1188 2535 ι
1216 2506 1257 2536 In
1270 2516 1330 2546 quo
1345 2511 1385 2537 te.

204 2561 289 2591 rent,
305 2556 431 2590 vitiose,
448 2563 521 2583 011111
548 2553 580 2583 in
604 2551 718 2581 ceteris
745 2550 896 2580 omnibus
982 2551 1022 2583 69
1045 2553 1185 2579 armam
1204 2553 1250 2578 tot
1272 2548 1401 2588 classes]
1427 2548 1565 2579 Mallem
1589 2553 1636 2580 tot

205 2600 246 2629 sit
263 2596 631 2637 plusquamperfectum.
941 2593 1057 2622 classes
1072 2596 1221 2621 armate.

247 2642 285 2672 67
314 2639 423 2669 Unum
446 2637 546 2675 enim]
573 2635 676 2667 Enim
701 2644 766 2665 non
790 2638 838 2663 est
865 2634 898 2663 in
985 2636 1024 2666 70
1053 2638 1090 2663 αε
1117 2634 1158 2662 ab
1180 2643 1213 2663 eo
1233 2631 1378 2672 privato]
1412 2632 1591 2663 Lambinus
1617 2643 1636 2663 e

205 2683 256 2713 ed.
273 2683 325 2712 w.
341 2682 418 2711 item
435 2680 514 2710 Mss.
532 2680 591 2709 Dr.
609 2678 658 2707 Fr.
682 2678 792 2716 itaque
809 2677 898 2705 Grae-
942 2675 1005 2705 Ms.
1029 2681 1136 2705 vetere
1160 2675 1283 2705 addidit
1305 2679 1453 2706 armato,-
1477 2674 1563 2713 quod
1588 2684 1638 2704 re-

203 2726 274 2755 vius
301 2723 431 2754 delevit.
475 2722 560 2762 Quia
585 2722 670 2750 em'm
697 2723 805 2759 potest
830 2727 897 2747 0550
940 2717 1113 2757 sponderet
1132 2718 1201 2746 sim.»
1221 2717 1336 2753 armis,
1356 2722 1393 2745 ut
1411 2717 1543 2755 privato
1564 2727 1638 2746 con-

202 2768 336 2803 scilicet,
352 2772 386 2796 et
401 2765 518 2795 babere
533 2764 598 2793 vini
614 2762 818 2800 objectionis,
832 2769 897 2790 ser·
938 2761 1000 2789 sul.
1027 2769 1104 2789 sane
1126 2761 1285 2789 concinne
1299 2770 1304 2787 :
1334 2758 1388 2788 sed
1412 2764 1542 2789 armato
1559 2760 1635 2798 pri-

204 2809 286 2838 vavi,
939 2807 1013 2832 rato
1028 2811 1094 2831 non
1109 2801 1190 2831 bene
1206 2807 1301 2830 sonat
1316 2813 1322 2830 :
1347 2807 1380 2831 et
1397 2801 1438 2829 ab
1452 2811 1486 2830 eo
1501 2810 1632 2841 respon*

245 2851 284 2881 68
302 2850 355 2881 De
368 2859 427 2890 quo
442 2848 485 2887 te]
504 2847 594 2878 Solet
608 2846 687 2877 alias
702 2846 735 2876 in
750 2843 809 2875 tali
824 2854 896 2875 sen·
938 2844 993 2875 det
1008 2844 1078 2875 istis
1091 2844 1159 2874 sine
1173 2845 1276 2874 armis
1289 2847 1507 2874 conservarat.
