<?xml version="1.0" encoding="UTF-8"?>
<!DOCTYPE html PUBLIC "-//W3C//DTD XHTML 1.0 Transitional//EN"
    "http://www.w3.org/TR/xhtml1/DTD/xhtml1-transitional.dtd">
<html xmlns="http://www.w3.org/1999/xhtml" xml:lang="en" lang="en">
 <head>
  <title>
</title>
<meta http-equiv="Content-Type" content="text/html;charset=utf-8" />
  <meta name='ocr-system' content='tesseract 3.04.00' />
  <meta name='ocr-capabilities' content='ocr_page ocr_carea ocr_par ocr_line ocrx_word'/>
</head>
<body>
  <div class='ocr_page' id='page_1' title='image "./p2operaomnia02ciceuoft_0395.png"; bbox 0 0 1817 3169; ppageno 0'>
   <div class='ocr_carea' id='block_1_1' title="bbox 491 101 1587 142">
    <p class='ocr_par' dir='ltr' id='par_1_1' title="bbox 491 101 1587 142">
     <span class='ocr_line' id='line_1_1' title="bbox 491 101 1587 142; baseline 0.002 -2"><span class='ocrx_word' id='word_1_1' title='bbox 491 103 609 140; x_wconf 89' lang='lat' dir='ltr'>PRO</span> <span class='ocrx_word' id='word_1_2' title='bbox 641 101 686 139; x_wconf 94' lang='lat' dir='ltr'>L.</span> <span class='ocrx_word' id='word_1_3' title='bbox 714 101 1024 138; x_wconf 86' lang='lat' dir='ltr'>CORNELIO</span> <span class='ocrx_word' id='word_1_4' title='bbox 1052 102 1263 140; x_wconf 86' lang='lat' dir='ltr'>BALBO.</span> <span class='ocrx_word' id='word_1_5' title='bbox 1491 109 1587 142; x_wconf 86' lang='lat'>1111</span> 
     </span>
    </p>
   </div>
   <div class='ocr_carea' id='block_1_2' title="bbox 162 203 1716 1991">
    <p class='ocr_par' dir='ltr' id='par_1_2' title="bbox 162 203 1600 999">
     <span class='ocr_line' id='line_1_2' title="bbox 162 203 1594 262; baseline 0.003 -17"><span class='ocrx_word' id='word_1_6' title='bbox 162 204 366 246; x_wconf 86' lang='lat' dir='ltr'>mertinos</span> <span class='ocrx_word' id='word_1_7' title='bbox 397 205 562 254; x_wconf 91' lang='lat' dir='ltr'>obvios,</span> <span class='ocrx_word' id='word_1_8' title='bbox 585 214 628 244; x_wconf 91' lang='lat' dir='ltr'>et</span> <span class='ocrx_word' id='word_1_9' title='bbox 659 203 867 258; x_wconf 86' lang='lat' dir='ltr'>quosdam</span> <span class='ocrx_word' id='word_1_10' title='bbox 899 203 1138 254; x_wconf 83' lang='lat' dir='ltr'>Uticenses,</span> <span class='ocrx_word' id='word_1_11' title='bbox 1160 214 1203 246; x_wconf 89' lang='lat' dir='ltr'>et</span> <span class='ocrx_word' id='word_1_12' title='bbox 1237 206 1499 262; x_wconf 86' lang='lat' dir='ltr'>Saguntinos</span> <span class='ocrx_word' id='word_1_13' title='bbox 1531 208 1594 249; x_wconf 86' lang='lat' dir='ltr'>fa-</span> 
     </span>
     <span class='ocr_line' id='line_1_3' title="bbox 164 259 1593 321; baseline 0.004 -20"><span class='ocrx_word' id='word_1_14' title='bbox 164 262 276 311; x_wconf 89' lang='lat' dir='ltr'>bros,</span> <span class='ocrx_word' id='word_1_15' title='bbox 297 262 472 302; x_wconf 88' lang='lat' dir='ltr'>civitate</span> <span class='ocrx_word' id='word_1_16' title='bbox 499 261 691 301; x_wconf 78' lang='lat' dir='ltr'>donavit.</span> <span class='ocrx_word' id='word_1_17' title='bbox 753 259 938 311; x_wconf 85' lang='lat' dir='ltr'>Etenim,</span> <span class='ocrx_word' id='word_1_18' title='bbox 961 275 1057 301; x_wconf 89' lang='lat' dir='ltr'>cum</span> <span class='ocrx_word' id='word_1_19' title='bbox 1080 263 1231 302; x_wconf 80' lang='lat' dir='ltr'>ceteris</span> <span class='ocrx_word' id='word_1_20' title='bbox 1266 266 1451 318; x_wconf 70' lang='lat' dir='ltr'>praemiis</span> <span class='ocrx_word' id='word_1_21' title='bbox 1472 266 1593 321; x_wconf 83' lang='lat' dir='ltr'>digni</span> 
     </span>
     <span class='ocr_line' id='line_1_4' title="bbox 162 316 1595 374; baseline 0.005 -17"><span class='ocrx_word' id='word_1_22' title='bbox 162 327 276 368; x_wconf 89' lang='lat' dir='ltr'>sunt,</span> <span class='ocrx_word' id='word_1_23' title='bbox 298 319 370 373; x_wconf 87' lang='lat' dir='ltr'>qui</span> <span class='ocrx_word' id='word_1_24' title='bbox 401 333 477 359; x_wconf 94' lang='lat' dir='ltr'>suo</span> <span class='ocrx_word' id='word_1_25' title='bbox 500 318 642 358; x_wconf 86' lang='lat' dir='ltr'>labore</span> <span class='ocrx_word' id='word_1_26' title='bbox 664 328 706 357; x_wconf 91' lang='lat' dir='ltr'>et</span> <span class='ocrx_word' id='word_1_27' title='bbox 730 316 916 373; x_wconf 85' lang='lat' dir='ltr'>periculo</span> <span class='ocrx_word' id='word_1_28' title='bbox 940 328 1126 358; x_wconf 85' lang='lat' dir='ltr'>nostram</span> <span class='ocrx_word' id='word_1_29' title='bbox 1161 321 1465 374; x_wconf 74' lang='lat' dir='ltr'>rempublicam</span> <span class='ocrx_word' id='word_1_30' title='bbox 1489 324 1595 364; x_wconf 88' lang='lat' dir='ltr'>9de-</span> 
     </span>
     <span class='ocr_line' id='line_1_5' title="bbox 165 373 1596 429; baseline 0.005 -15"><span class='ocrx_word' id='word_1_31' title='bbox 165 373 415 416; x_wconf 83' lang='lat' dir='ltr'>fenderunt:</span> <span class='ocrx_word' id='word_1_32' title='bbox 450 386 540 415; x_wconf 87' lang='lat' dir='ltr'>tum</span> <span class='ocrx_word' id='word_1_33' title='bbox 570 384 684 415; x_wconf 85' lang='lat' dir='ltr'>certe</span> <span class='ocrx_word' id='word_1_34' title='bbox 717 374 957 429; x_wconf 82' lang='lat' dir='ltr'>dignissimi</span> <span class='ocrx_word' id='word_1_35' title='bbox 990 387 1102 424; x_wconf 85' lang='lat' dir='ltr'>sunt,</span> <span class='ocrx_word' id='word_1_36' title='bbox 1135 375 1208 429; x_wconf 87' lang='lat' dir='ltr'>qui</span> <span class='ocrx_word' id='word_1_37' title='bbox 1238 376 1414 418; x_wconf 71' lang='lat' dir='ltr'>civitate</span> <span class='ocrx_word' id='word_1_38' title='bbox 1445 395 1493 419; x_wconf 72' lang='lat' dir='ltr'>ca</span> <span class='ocrx_word' id='word_1_39' title='bbox 1519 381 1596 420; x_wconf 91' lang='lat' dir='ltr'>do-</span> 
     </span>
     <span class='ocr_line' id='line_1_6' title="bbox 164 431 1597 487; baseline 0.004 -17"><span class='ocrx_word' id='word_1_40' title='bbox 164 441 333 480; x_wconf 88' lang='lat' dir='ltr'>nentur,</span> <span class='ocrx_word' id='word_1_41' title='bbox 359 447 431 487; x_wconf 86' lang='lat' dir='ltr'>pro</span> <span class='ocrx_word' id='word_1_42' title='bbox 454 447 538 487; x_wconf 83' lang='lat' dir='ltr'>qua</span> <span class='ocrx_word' id='word_1_43' title='bbox 563 432 748 487; x_wconf 87' lang='lat' dir='ltr'>pericula</span> <span class='ocrx_word' id='word_1_44' title='bbox 778 446 826 471; x_wconf 82' lang='lat' dir='ltr'>ac</span> <span class='ocrx_word' id='word_1_45' title='bbox 850 431 932 471; x_wconf 89' lang='lat' dir='ltr'>tela</span> <span class='ocrx_word' id='word_1_46' title='bbox 955 432 1190 472; x_wconf 81' lang='lat' dir='ltr'>subierunt.</span> <span class='ocrx_word' id='word_1_47' title='bbox 1249 431 1394 487; x_wconf 79' lang='lat' dir='ltr'>Atque</span> <span class='ocrx_word' id='word_1_48' title='bbox 1418 436 1597 485; x_wconf 85' lang='lat' dir='ltr'>utinam,</span> 
     </span>
     <span class='ocr_line' id='line_1_7' title="bbox 165 488 1596 545; baseline 0.004 -18"><span class='ocrx_word' id='word_1_49' title='bbox 165 489 239 542; x_wconf 90' lang='lat' dir='ltr'>qui</span> <span class='ocrx_word' id='word_1_50' title='bbox 272 489 430 543; x_wconf 89' lang='lat' dir='ltr'>ubique</span> <span class='ocrx_word' id='word_1_51' title='bbox 463 498 560 529; x_wconf 88' lang='lat' dir='ltr'>suut</span> <span class='ocrx_word' id='word_1_52' title='bbox 596 498 934 544; x_wconf 79' lang='lat' dir='ltr'>propugnatores</span> <span class='ocrx_word' id='word_1_53' title='bbox 971 488 1096 542; x_wconf 80' lang='lat' dir='ltr'>hujus</span> <span class='ocrx_word' id='word_1_54' title='bbox 1130 488 1314 543; x_wconf 91' lang='lat' dir='ltr'>imperii,</span> <span class='ocrx_word' id='word_1_55' title='bbox 1348 503 1521 545; x_wconf 76' lang='lat' dir='ltr'><strong>possent</strong></span> <span class='ocrx_word' id='word_1_56' title='bbox 1553 493 1596 533; x_wconf 91' lang='lat' dir='ltr'>in</span> 
     </span>
     <span class='ocr_line' id='line_1_8' title="bbox 166 544 1597 602; baseline 0.004 -18"><span class='ocrx_word' id='word_1_57' title='bbox 166 544 277 585; x_wconf 76' lang='lat' dir='ltr'>lianc</span> <span class='ocrx_word' id='word_1_58' title='bbox 299 545 518 586; x_wconf 71' lang='lat' dir='ltr'>civitatem</span> <span class='ocrx_word' id='word_1_59' title='bbox 555 546 711 595; x_wconf 85' lang='lat' dir='ltr'>venire,</span> <span class='ocrx_word' id='word_1_60' title='bbox 741 555 785 585; x_wconf 81' lang='lat' dir='ltr'>et</span> <span class='ocrx_word' id='word_1_61' title='bbox 806 555 969 595; x_wconf 85' lang='lat' dir='ltr'>contra,</span> <span class='ocrx_word' id='word_1_62' title='bbox 995 557 1316 601; x_wconf 76' lang='lat' dir='ltr'>oppugnatores</span> <span class='ocrx_word' id='word_1_63' title='bbox 1350 547 1597 602; x_wconf 87' lang='lat' dir='ltr'>reipublicae</span> 
     </span>
     <span class='ocr_line' id='line_1_9' title="bbox 165 601 1598 660; baseline 0.003 -19"><span class='ocrx_word' id='word_1_64' title='bbox 165 602 219 642; x_wconf 87' lang='lat' dir='ltr'>de</span> <span class='ocrx_word' id='word_1_65' title='bbox 251 602 426 643; x_wconf 84' lang='lat' dir='ltr'>civitate</span> <span class='ocrx_word' id='word_1_66' title='bbox 458 602 756 643; x_wconf 78' lang='lat' dir='ltr'>exterminari!</span> <span class='ocrx_word' id='word_1_67' title='bbox 800 601 951 656; x_wconf 86' lang='lat' dir='ltr'><strong>Neque</strong></span> <span class='ocrx_word' id='word_1_68' title='bbox 984 603 1097 642; x_wconf 88' lang='lat' dir='ltr'>enim</span> <span class='ocrx_word' id='word_1_69' title='bbox 1138 602 1206 642; x_wconf 91' lang='lat' dir='ltr'>ille</span> <span class='ocrx_word' id='word_1_70' title='bbox 1241 606 1441 644; x_wconf 84' lang='lat' dir='ltr'>summus</span> <span class='ocrx_word' id='word_1_71' title='bbox 1468 606 1598 660; x_wconf 79' lang='lat' dir='ltr'>po&#39;eta</span> 
     </span>
     <span class='ocr_line' id='line_1_10' title="bbox 164 658 1599 715; baseline 0.003 -17"><span class='ocrx_word' id='word_1_72' title='bbox 164 668 324 710; x_wconf 89' lang='lat' dir='ltr'>noster,</span> <span class='ocrx_word' id='word_1_73' title='bbox 349 659 605 700; x_wconf 81' lang='lat' dir='ltr'>Hannibalis</span> <span class='ocrx_word' id='word_1_74' title='bbox 638 658 749 699; x_wconf 88' lang='lat' dir='ltr'>illam</span> <span class='ocrx_word' id='word_1_75' title='bbox 782 660 919 714; x_wconf 84' lang='lat' dir='ltr'>magis</span> <span class='ocrx_word' id='word_1_76' title='bbox 948 659 1309 710; x_wconf 83' lang='lat' dir='ltr'>cohortationem,</span> <span class='ocrx_word' id='word_1_77' title='bbox 1331 675 1458 715; x_wconf 81' lang='lat' dir='ltr'>quam</span> <span class='ocrx_word' id='word_1_78' title='bbox 1481 677 1599 703; x_wconf 90' lang='lat' dir='ltr'>com-</span> 
     </span>
     <span class='ocr_line' id='line_1_11' title="bbox 167 715 1599 773; baseline 0.004 -19"><span class='ocrx_word' id='word_1_79' title='bbox 167 729 339 757; x_wconf 88' lang='lat' dir='ltr'>munem</span> <span class='ocrx_word' id='word_1_80' title='bbox 365 717 683 772; x_wconf 82' lang='lat' dir='ltr'>imperatorum,</span> <span class='ocrx_word' id='word_1_81' title='bbox 701 715 834 756; x_wconf 87' lang='lat' dir='ltr'>voluit</span> <span class='ocrx_word' id='word_1_82' title='bbox 852 730 957 765; x_wconf 85' lang='lat' dir='ltr'>esse,</span> <span class='ocrx_word' id='word_1_83' title='bbox 982 719 1056 745; x_wconf 87' lang='lat'>¹⁰“</span> <span class='ocrx_word' id='word_1_84' title='bbox 1078 715 1242 756; x_wconf 70' lang='lat' dir='ltr'>Hostem</span> <span class='ocrx_word' id='word_1_85' title='bbox 1264 716 1485 773; x_wconf 77' lang='lat' dir='ltr'>quiferiet,</span> <span class='ocrx_word' id='word_1_86' title='bbox 1509 719 1599 769; x_wconf 77' lang='lat' dir='ltr'>erit,</span> 
     </span>
     <span class='ocr_line' id='line_1_12' title="bbox 165 771 1600 830; baseline 0.003 -18"><span class='ocrx_word' id='word_1_87' title='bbox 165 776 191 794; x_wconf 82' lang='lat'>‘⁴</span> <span class='ocrx_word' id='word_1_88' title='bbox 217 773 371 828; x_wconf 90' lang='lat' dir='ltr'>inquit,</span> <span class='ocrx_word' id='word_1_89' title='bbox 392 773 493 814; x_wconf 77' lang='lat' dir='ltr'>milti</span> <span class='ocrx_word' id='word_1_90' title='bbox 516 772 888 828; x_wconf 75' lang='lat' dir='ltr'>Karthaginiensis,</span> <span class='ocrx_word' id='word_1_91' title='bbox 915 771 1091 827; x_wconf 78' lang='lat' dir='ltr'>Quisque</span> <span class='ocrx_word' id='word_1_92' title='bbox 1112 773 1202 824; x_wconf 74' lang='lat' dir='ltr'>erit,</span> <span class='ocrx_word' id='word_1_93' title='bbox 1225 774 1416 830; x_wconf 78' lang='lat' dir='ltr'>cujacis;&#39;&#39;</span> <span class='ocrx_word' id='word_1_94' title='bbox 1447 777 1524 816; x_wconf 81' lang='lat' dir='ltr'>etsi</span> <span class='ocrx_word' id='word_1_95' title='bbox 1558 777 1600 817; x_wconf 90' lang='lat' dir='ltr'>id</span> 
     </span>
     <span class='ocr_line' id='line_1_13' title="bbox 165 828 1599 885; baseline 0.003 -16"><span class='ocrx_word' id='word_1_96' title='bbox 165 828 325 870; x_wconf 83' lang='lat' dir='ltr'>habent</span> <span class='ocrx_word' id='word_1_97' title='bbox 348 830 429 870; x_wconf 88' lang='lat' dir='ltr'>hoc</span> <span class='ocrx_word' id='word_1_98' title='bbox 452 830 556 881; x_wconf 83' lang='lat' dir='ltr'>leve,</span> <span class='ocrx_word' id='word_1_99' title='bbox 577 838 622 870; x_wconf 90' lang='lat' dir='ltr'>et</span> <span class='ocrx_word' id='word_1_100' title='bbox 643 843 809 885; x_wconf 85' lang='lat' dir='ltr'>semper</span> <span class='ocrx_word' id='word_1_101' title='bbox 829 830 1084 870; x_wconf 83' lang='lat' dir='ltr'>habuerunt.</span> <span class='ocrx_word' id='word_1_102' title='bbox 1144 829 1296 885; x_wconf 83' lang='lat' dir='ltr'>Itaque</span> <span class='ocrx_word' id='word_1_103' title='bbox 1318 841 1361 872; x_wconf 90' lang='lat' dir='ltr'>et</span> <span class='ocrx_word' id='word_1_104' title='bbox 1382 833 1498 873; x_wconf 85' lang='lat' dir='ltr'>cives</span> <span class='ocrx_word' id='word_1_105' title='bbox 1521 848 1599 873; x_wconf 89' lang='lat' dir='ltr'>un-</span> 
     </span>
     <span class='ocr_line' id='line_1_14' title="bbox 166 886 1600 943; baseline 0.003 -17"><span class='ocrx_word' id='word_1_106' title='bbox 166 886 295 941; x_wconf 89' lang='lat' dir='ltr'>dique</span> <span class='ocrx_word' id='word_1_107' title='bbox 317 886 448 928; x_wconf 90' lang='lat' dir='ltr'>fortes</span> <span class='ocrx_word' id='word_1_108' title='bbox 472 887 582 928; x_wconf 87' lang='lat' dir='ltr'>viros</span> <span class='ocrx_word' id='word_1_109' title='bbox 605 886 891 936; x_wconf 81' lang='lat' dir='ltr'>adsciverunt,</span> <span class='ocrx_word' id='word_1_110' title='bbox 912 896 956 926; x_wconf 89' lang='lat' dir='ltr'>et</span> <span class='ocrx_word' id='word_1_111' title='bbox 983 886 1205 928; x_wconf 87' lang='lat' dir='ltr'>hominum</span> <span class='ocrx_word' id='word_1_112' title='bbox 1235 888 1492 943; x_wconf 86' lang='lat' dir='ltr'>ignobilium</span> <span class='ocrx_word' id='word_1_113' title='bbox 1517 891 1600 931; x_wconf 81' lang='lat' dir='ltr'>vir-</span> 
     </span>
     <span class='ocr_line' id='line_1_15' title="bbox 167 943 1275 999; baseline 0.002 -16"><span class='ocrx_word' id='word_1_114' title='bbox 167 953 302 983; x_wconf 86' lang='lat' dir='ltr'>tutem</span> <span class='ocrx_word' id='word_1_115' title='bbox 323 958 514 999; x_wconf 88' lang='lat' dir='ltr'>persaepe</span> <span class='ocrx_word' id='word_1_116' title='bbox 536 943 772 984; x_wconf 87' lang='lat' dir='ltr'>nobilitatis</span> <span class='ocrx_word' id='word_1_117' title='bbox 795 943 958 984; x_wconf 84' lang='lat' dir='ltr'>inertiae</span> <span class='ocrx_word' id='word_1_118' title='bbox 983 943 1275 999; x_wconf 87' lang='lat' dir='ltr'>praetulerunt.</span> 
     </span>
    </p>

    <p class='ocr_par' dir='ltr' id='par_1_3' title="bbox 165 999 1716 1991">
     <span class='ocr_line' id='line_1_16' title="bbox 225 999 1681 1057; baseline 0.005 -17"><span class='ocrx_word' id='word_1_119' title='bbox 225 999 408 1042; x_wconf 83' lang='lat' dir='ltr'>Habetis</span> <span class='ocrx_word' id='word_1_120' title='bbox 446 1002 751 1056; x_wconf 87' lang='lat' dir='ltr'>imperatorum</span> <span class='ocrx_word' id='word_1_121' title='bbox 789 1014 1069 1050; x_wconf 88' lang='lat' dir='ltr'>summorum,</span> <span class='ocrx_word' id='word_1_122' title='bbox 1105 1011 1149 1041; x_wconf 89' lang='lat' dir='ltr'>et</span> <span class='ocrx_word' id='word_1_123' title='bbox 1186 1003 1596 1057; x_wconf 81' lang='lat' dir='ltr'>sapientissimorum</span> <span class='ocrx_word' id='word_1_124' title='bbox 1613 1002 1681 1051; x_wconf 68' lang='grc'>23</span> 
     </span>
     <span class='ocr_line' id='line_1_17' title="bbox 165 1055 1661 1115; baseline 0.004 -18"><span class='ocrx_word' id='word_1_125' title='bbox 165 1055 406 1108; x_wconf 89' lang='lat' dir='ltr'>hominum,</span> <span class='ocrx_word' id='word_1_126' title='bbox 428 1057 758 1099; x_wconf 86' lang='lat' dir='ltr'>clarissimorum</span> <span class='ocrx_word' id='word_1_127' title='bbox 783 1058 984 1107; x_wconf 82' lang='lat' dir='ltr'>virorum,</span> <span class='ocrx_word' id='word_1_128' title='bbox 1003 1057 1399 1114; x_wconf 83' lang='lat' dir='ltr'>interpretationem</span> <span class='ocrx_word' id='word_1_129' title='bbox 1415 1061 1527 1115; x_wconf 86' lang='lat' dir='ltr'>juris</span> <span class='ocrx_word' id='word_1_130' title='bbox 1549 1075 1661 1111; x_wconf 70' lang='lat' dir='ltr'>ac52</span> 
     </span>
     <span class='ocr_line' id='line_1_18' title="bbox 168 1113 1601 1173; baseline 0.004 -20"><span class='ocrx_word' id='word_1_131' title='bbox 168 1113 407 1156; x_wconf 83' lang='lat' dir='ltr'>foederum:</span> <span class='ocrx_word' id='word_1_132' title='bbox 439 1115 551 1156; x_wconf 85' lang='lat' dir='ltr'>dabo</span> <span class='ocrx_word' id='word_1_133' title='bbox 573 1115 702 1156; x_wconf 83' lang='lat' dir='ltr'>etiam</span> <span class='ocrx_word' id='word_1_134' title='bbox 719 1114 932 1169; x_wconf 89' lang='lat' dir='ltr'>judicum,</span> <span class='ocrx_word' id='word_1_135' title='bbox 954 1115 1026 1169; x_wconf 84' lang='lat' dir='ltr'>qui</span> <span class='ocrx_word' id='word_1_136' title='bbox 1049 1115 1149 1155; x_wconf 87' lang='lat' dir='ltr'>huic</span> <span class='ocrx_word' id='word_1_137' title='bbox 1168 1117 1396 1171; x_wconf 86' lang='lat' dir='ltr'>quaestioni</span> <span class='ocrx_word' id='word_1_138' title='bbox 1418 1119 1601 1173; x_wconf 79' lang='lat' dir='ltr'>praefue-</span> 
     </span>
     <span class='ocr_line' id='line_1_19' title="bbox 168 1172 1601 1227; baseline 0.003 -15"><span class='ocrx_word' id='word_1_139' title='bbox 168 1182 292 1223; x_wconf 74' lang='lat' dir='ltr'>runt,</span> <span class='ocrx_word' id='word_1_140' title='bbox 323 1173 434 1212; x_wconf 85' lang='lat' dir='ltr'>dabo</span> <span class='ocrx_word' id='word_1_141' title='bbox 467 1172 651 1212; x_wconf 85' lang='lat' dir='ltr'>universi</span> <span class='ocrx_word' id='word_1_142' title='bbox 690 1172 837 1227; x_wconf 90' lang='lat' dir='ltr'>populi</span> <span class='ocrx_word' id='word_1_143' title='bbox 876 1172 1087 1224; x_wconf 79' lang='lat' dir='ltr'>Romani3</span> <span class='ocrx_word' id='word_1_144' title='bbox 1122 1175 1212 1213; x_wconf 84' lang='lat' dir='ltr'>llet</span> <span class='ocrx_word' id='word_1_145' title='bbox 1241 1174 1353 1214; x_wconf 80' lang='lat' dir='ltr'>dabo</span> <span class='ocrx_word' id='word_1_146' title='bbox 1385 1176 1601 1216; x_wconf 83' lang='lat' dir='ltr'>sanctissi-</span> 
     </span>
     <span class='ocr_line' id='line_1_20' title="bbox 166 1228 1603 1289; baseline 0.004 -21"><span class='ocrx_word' id='word_1_147' title='bbox 166 1242 287 1269; x_wconf 84' lang='lat' dir='ltr'>mum</span> <span class='ocrx_word' id='word_1_148' title='bbox 313 1229 529 1284; x_wconf 83' lang='lat' dir='ltr'>judicium</span> <span class='ocrx_word' id='word_1_149' title='bbox 561 1240 744 1271; x_wconf 80' lang='lat' dir='ltr'>senatus.</span> <span class='ocrx_word' id='word_1_150' title='bbox 803 1228 979 1270; x_wconf 89' lang='lat' dir='ltr'>Judices</span> <span class='ocrx_word' id='word_1_151' title='bbox 1002 1243 1100 1269; x_wconf 88' lang='lat' dir='ltr'>cum</span> <span class='ocrx_word' id='word_1_152' title='bbox 1135 1244 1220 1284; x_wconf 86' lang='lat' dir='ltr'>prae</span> <span class='ocrx_word' id='word_1_153' title='bbox 1250 1245 1294 1271; x_wconf 87' lang='lat' dir='ltr'>se</span> <span class='ocrx_word' id='word_1_154' title='bbox 1326 1231 1499 1284; x_wconf 87' lang='lat' dir='ltr'>ferrent,</span> <span class='ocrx_word' id='word_1_155' title='bbox 1526 1248 1603 1289; x_wconf 87' lang='lat' dir='ltr'>pa-</span> 
     </span>
     <span class='ocr_line' id='line_1_21' title="bbox 167 1284 1603 1342; baseline 0.003 -16"><span class='ocrx_word' id='word_1_156' title='bbox 167 1284 337 1341; x_wconf 84' lang='lat' dir='ltr'>lamque</span> <span class='ocrx_word' id='word_1_157' title='bbox 359 1286 646 1341; x_wconf 84' lang='lat' dir='ltr'>loquerentur,</span> <span class='ocrx_word' id='word_1_158' title='bbox 665 1286 768 1341; x_wconf 91' lang='lat' dir='ltr'>quid</span> <span class='ocrx_word' id='word_1_159' title='bbox 790 1295 929 1327; x_wconf 87' lang='lat' dir='ltr'>essent</span> <span class='ocrx_word' id='word_1_160' title='bbox 954 1285 1097 1342; x_wconf 80' lang='lat' dir='ltr'>12lege</span> <span class='ocrx_word' id='word_1_161' title='bbox 1118 1285 1253 1342; x_wconf 83' lang='lat' dir='ltr'>Papia</span> <span class='ocrx_word' id='word_1_162' title='bbox 1272 1288 1324 1328; x_wconf 88' lang='lat' dir='ltr'>de</span> <span class='ocrx_word' id='word_1_163' title='bbox 1345 1287 1411 1329; x_wconf 88' lang='grc' dir='ltr'>Μ.</span> <span class='ocrx_word' id='word_1_164' title='bbox 1431 1288 1603 1340; x_wconf 83' lang='lat' dir='ltr'>Crasso,</span> 
     </span>
     <span class='ocr_line' id='line_1_22' title="bbox 170 1341 1604 1402; baseline 0.002 -18"><span class='ocrx_word' id='word_1_165' title='bbox 170 1341 446 1384; x_wconf 82' lang='lat' dir='ltr'>Mamertinis</span> <span class='ocrx_word' id='word_1_166' title='bbox 487 1344 795 1400; x_wconf 85' lang='lat' dir='ltr'>repetentibus,</span> <span class='ocrx_word' id='word_1_167' title='bbox 826 1343 1088 1398; x_wconf 85' lang='lat' dir='ltr'>judicaturi:</span> <span class='ocrx_word' id='word_1_168' title='bbox 1133 1343 1401 1396; x_wconf 87' lang='lat' dir='ltr'>Mamertini,</span> <span class='ocrx_word' id='word_1_169' title='bbox 1431 1347 1604 1402; x_wconf 90' lang='lat' dir='ltr'>publice</span> 
     </span>
     <span class='ocr_line' id='line_1_23' title="bbox 170 1399 1605 1459; baseline 0.004 -20"><span class='ocrx_word' id='word_1_170' title='bbox 170 1410 368 1456; x_wconf 86' lang='lat' dir='ltr'>suscepta</span> <span class='ocrx_word' id='word_1_171' title='bbox 389 1415 529 1452; x_wconf 84' lang='lat' dir='ltr'>causa,</span> <span class='ocrx_word' id='word_1_172' title='bbox 551 1401 822 1442; x_wconf 89' lang='lat' dir='ltr'>destiterunt.</span> <span class='ocrx_word' id='word_1_173' title='bbox 883 1399 1016 1441; x_wconf 91' lang='lat' dir='ltr'>Multi</span> <span class='ocrx_word' id='word_1_174' title='bbox 1049 1401 1092 1440; x_wconf 89' lang='lat' dir='ltr'>in</span> <span class='ocrx_word' id='word_1_175' title='bbox 1113 1401 1334 1442; x_wconf 86' lang='lat' dir='ltr'>civitatem</span> <span class='ocrx_word' id='word_1_176' title='bbox 1365 1403 1526 1459; x_wconf 83' lang='lat' dir='ltr'>recepti</span> <span class='ocrx_word' id='word_1_177' title='bbox 1548 1419 1605 1445; x_wconf 80' lang='lat' dir='ltr'>ex</span> 
     </span>
     <span class='ocr_line' id='line_1_24' title="bbox 169 1455 1604 1515; baseline 0.003 -18"><span class='ocrx_word' id='word_1_178' title='bbox 169 1455 313 1498; x_wconf 85' lang='lat' dir='ltr'>liberis</span> <span class='ocrx_word' id='word_1_179' title='bbox 333 1457 639 1513; x_wconf 83' lang='lat' dir='ltr'>foederatisque</span> <span class='ocrx_word' id='word_1_180' title='bbox 661 1457 831 1514; x_wconf 90' lang='lat' dir='ltr'>populis</span> <span class='ocrx_word' id='word_1_181' title='bbox 857 1459 893 1488; x_wconf 86' lang='lat'>13</span> <span class='ocrx_word' id='word_1_182' title='bbox 908 1467 1006 1498; x_wconf 89' lang='lat' dir='ltr'>sunt</span> <span class='ocrx_word' id='word_1_183' title='bbox 1025 1456 1192 1498; x_wconf 85' lang='lat' dir='ltr'>liberati</span> <span class='ocrx_word' id='word_1_184' title='bbox 1210 1475 1219 1499; x_wconf 75' lang='grc' dir='ltr'>ε</span> <span class='ocrx_word' id='word_1_185' title='bbox 1253 1474 1379 1500; x_wconf 84' lang='lat' dir='ltr'>nemo</span> <span class='ocrx_word' id='word_1_186' title='bbox 1400 1475 1604 1515; x_wconf 87' lang='lat' dir='ltr'>umquam</span> 
     </span>
     <span class='ocr_line' id='line_1_25' title="bbox 169 1515 1605 1571; baseline 0.003 -18"><span class='ocrx_word' id='word_1_187' title='bbox 169 1524 234 1554; x_wconf 85' lang='lat' dir='ltr'>est</span> <span class='ocrx_word' id='word_1_188' title='bbox 264 1515 317 1556; x_wconf 89' lang='lat' dir='ltr'>de</span> <span class='ocrx_word' id='word_1_189' title='bbox 349 1515 525 1556; x_wconf 86' lang='lat' dir='ltr'>civitate</span> <span class='ocrx_word' id='word_1_190' title='bbox 557 1525 795 1566; x_wconf 85' lang='lat' dir='ltr'>accusatus,</span> <span class='ocrx_word' id='word_1_191' title='bbox 816 1515 931 1570; x_wconf 93' lang='lat' dir='ltr'>quod</span> <span class='ocrx_word' id='word_1_192' title='bbox 964 1523 1038 1555; x_wconf 87' lang='lat' dir='ltr'>aut</span> <span class='ocrx_word' id='word_1_193' title='bbox 1070 1516 1254 1571; x_wconf 89' lang='lat' dir='ltr'>populns</span> <span class='ocrx_word' id='word_1_194' title='bbox 1284 1515 1441 1557; x_wconf 88' lang='lat' dir='ltr'>fundus</span> <span class='ocrx_word' id='word_1_195' title='bbox 1466 1517 1605 1558; x_wconf 78' lang='lat' dir='ltr'>factus</span> 
     </span>
     <span class='ocr_line' id='line_1_26' title="bbox 167 1571 1604 1630; baseline 0.003 -18"><span class='ocrx_word' id='word_1_196' title='bbox 167 1585 254 1612; x_wconf 90' lang='lat' dir='ltr'>non</span> <span class='ocrx_word' id='word_1_197' title='bbox 277 1581 401 1622; x_wconf 86' lang='lat' dir='ltr'>esset,</span> <span class='ocrx_word' id='word_1_198' title='bbox 424 1581 497 1612; x_wconf 87' lang='lat' dir='ltr'>aut</span> <span class='ocrx_word' id='word_1_199' title='bbox 519 1573 633 1627; x_wconf 92' lang='lat' dir='ltr'>quod</span> <span class='ocrx_word' id='word_1_200' title='bbox 655 1571 819 1614; x_wconf 84' lang='lat' dir='ltr'>foedere</span> <span class='ocrx_word' id='word_1_201' title='bbox 838 1572 1025 1612; x_wconf 82' lang='lat' dir='ltr'>civitatis</span> <span class='ocrx_word' id='word_1_202' title='bbox 1048 1573 1264 1613; x_wconf 70' lang='lat' dir='ltr'>mutandae</span> <span class='ocrx_word' id='word_1_203' title='bbox 1281 1573 1354 1628; x_wconf 81' lang='lat' dir='ltr'>jus</span> <span class='ocrx_word' id='word_1_204' title='bbox 1377 1574 1604 1630; x_wconf 85' lang='lat' dir='ltr'>impedire-</span> 
     </span>
     <span class='ocr_line' id='line_1_27' title="bbox 170 1628 1666 1685; baseline 0.003 -16"><span class='ocrx_word' id='word_1_205' title='bbox 170 1637 252 1669; x_wconf 88' lang='lat' dir='ltr'>tur.</span> <span class='ocrx_word' id='word_1_206' title='bbox 312 1628 494 1670; x_wconf 87' lang='lat' dir='ltr'>Audebo</span> <span class='ocrx_word' id='word_1_207' title='bbox 533 1630 661 1670; x_wconf 83' lang='lat' dir='ltr'>etiam</span> <span class='ocrx_word' id='word_1_208' title='bbox 693 1629 776 1669; x_wconf 89' lang='lat' dir='ltr'>hoc</span> <span class='ocrx_word' id='word_1_209' title='bbox 818 1629 1090 1680; x_wconf 87' lang='lat' dir='ltr'>contendere,</span> <span class='ocrx_word' id='word_1_210' title='bbox 1122 1644 1355 1685; x_wconf 81' lang='lat' dir='ltr'>numquam</span> <span class='ocrx_word' id='word_1_211' title='bbox 1389 1645 1480 1672; x_wconf 83' lang='lat' dir='ltr'>esse</span> <span class='ocrx_word' id='word_1_212' title='bbox 1501 1647 1666 1683; x_wconf 79' lang='lat' dir='ltr'>con-53</span> 
     </span>
     <span class='ocr_line' id='line_1_28' title="bbox 167 1686 1605 1742; baseline 0.003 -16"><span class='ocrx_word' id='word_1_213' title='bbox 167 1686 431 1736; x_wconf 84' lang='lat' dir='ltr'>demnatum,</span> <span class='ocrx_word' id='word_1_214' title='bbox 453 1700 580 1741; x_wconf 88' lang='lat' dir='ltr'>quem</span> <span class='ocrx_word' id='word_1_215' title='bbox 611 1696 840 1736; x_wconf 86' lang='lat' dir='ltr'>constaret,</span> <span class='ocrx_word' id='word_1_216' title='bbox 875 1687 928 1726; x_wconf 82' lang='lat' dir='ltr'>ab</span> <span class='ocrx_word' id='word_1_217' title='bbox 962 1687 1218 1742; x_wconf 82' lang='lat' dir='ltr'>imperatore</span> <span class='ocrx_word' id='word_1_218' title='bbox 1251 1697 1397 1728; x_wconf 92' lang='lat' dir='ltr'>nostro</span> <span class='ocrx_word' id='word_1_219' title='bbox 1427 1689 1605 1730; x_wconf 79' lang='lat' dir='ltr'>civitate</span> 
     </span>
     <span class='ocr_line' id='line_1_29' title="bbox 168 1743 1605 1799; baseline 0.003 -16"><span class='ocrx_word' id='word_1_220' title='bbox 168 1743 391 1784; x_wconf 86' lang='lat' dir='ltr'>donatum.</span> <span class='ocrx_word' id='word_1_221' title='bbox 445 1744 708 1799; x_wconf 81' lang='lat' dir='ltr'>Cognoscite</span> <span class='ocrx_word' id='word_1_222' title='bbox 731 1758 844 1784; x_wconf 87' lang='lat' dir='ltr'>nuno</span> <span class='ocrx_word' id='word_1_223' title='bbox 868 1743 1015 1799; x_wconf 90' lang='lat' dir='ltr'>populi</span> <span class='ocrx_word' id='word_1_224' title='bbox 1045 1743 1225 1784; x_wconf 81' lang='lat' dir='ltr'>Romani</span> <span class='ocrx_word' id='word_1_225' title='bbox 1241 1744 1473 1799; x_wconf 86' lang='lat' dir='ltr'>judicium,</span> <span class='ocrx_word' id='word_1_226' title='bbox 1497 1746 1605 1787; x_wconf 90' lang='lat' dir='ltr'>mul-</span> 
     </span>
     <span class='ocr_line' id='line_1_30' title="bbox 172 1800 1605 1858; baseline 0.003 -18"><span class='ocrx_word' id='word_1_227' title='bbox 172 1800 226 1840; x_wconf 87' lang='lat' dir='ltr'>tis</span> <span class='ocrx_word' id='word_1_228' title='bbox 251 1801 374 1841; x_wconf 88' lang='lat' dir='ltr'>rebus</span> <span class='ocrx_word' id='word_1_229' title='bbox 397 1801 711 1856; x_wconf 87' lang='lat' dir='ltr'>interpositum,</span> <span class='ocrx_word' id='word_1_230' title='bbox 735 1811 863 1855; x_wconf 82' lang='lat' dir='ltr'>atque</span> <span class='ocrx_word' id='word_1_231' title='bbox 893 1801 938 1841; x_wconf 89' lang='lat' dir='ltr'>in</span> <span class='ocrx_word' id='word_1_232' title='bbox 961 1801 1160 1841; x_wconf 77' lang='lat' dir='ltr'>maximis</span> <span class='ocrx_word' id='word_1_233' title='bbox 1183 1802 1321 1841; x_wconf 85' lang='lat' dir='ltr'>causis</span> <span class='ocrx_word' id='word_1_234' title='bbox 1356 1816 1399 1842; x_wconf 87' lang='lat' dir='ltr'>re</span> <span class='ocrx_word' id='word_1_235' title='bbox 1427 1802 1521 1858; x_wconf 89' lang='lat' dir='ltr'>ipsa</span> <span class='ocrx_word' id='word_1_236' title='bbox 1541 1814 1605 1844; x_wconf 82' lang='lat' dir='ltr'>at-</span> 
     </span>
     <span class='ocr_line' id='line_1_31' title="bbox 170 1857 1604 1912; baseline 0.003 -15"><span class='ocrx_word' id='word_1_237' title='bbox 170 1871 254 1911; x_wconf 94' lang='lat' dir='ltr'>que</span> <span class='ocrx_word' id='word_1_238' title='bbox 277 1872 352 1897; x_wconf 88' lang='lat' dir='ltr'>usu</span> <span class='ocrx_word' id='word_1_239' title='bbox 377 1859 720 1912; x_wconf 82' lang='lat' dir='ltr'>comprobatum.</span> <span class='ocrx_word' id='word_1_240' title='bbox 754 1858 865 1898; x_wconf 85' lang='lat' dir='ltr'>Cum</span> <span class='ocrx_word' id='word_1_241' title='bbox 888 1857 1051 1898; x_wconf 84' lang='lat' dir='ltr'>Latinis</span> <span class='ocrx_word' id='word_1_242' title='bbox 1068 1858 1268 1898; x_wconf 89' lang='lat' dir='ltr'>omnibus</span> <span class='ocrx_word' id='word_1_243' title='bbox 1288 1857 1432 1899; x_wconf 82' lang='lat' dir='ltr'>foedus</span> <span class='ocrx_word' id='word_1_244' title='bbox 1454 1860 1604 1910; x_wconf 84' lang='lat' dir='ltr'>ictum,</span> 
     </span>
     <span class='ocr_line' id='line_1_32' title="bbox 171 1913 1716 1991; baseline 0.003 -37"><span class='ocrx_word' id='word_1_245' title='bbox 171 1914 248 1969; x_wconf 83' lang='lat' dir='ltr'>Sp.</span> <span class='ocrx_word' id='word_1_246' title='bbox 273 1913 437 1966; x_wconf 86' lang='lat' dir='ltr'>Cassio,</span> <span class='ocrx_word' id='word_1_247' title='bbox 472 1914 697 1955; x_wconf 86' lang='lat' dir='ltr'>Postumio</span> <span class='ocrx_word' id='word_1_248' title='bbox 736 1914 954 1966; x_wconf 88' lang='lat' dir='ltr'>Cominio,</span> <span class='ocrx_word' id='word_1_249' title='bbox 985 1914 1248 1966; x_wconf 81' lang='lat' dir='ltr'>consulibus,</span> <span class='ocrx_word' id='word_1_250' title='bbox 1280 1916 1375 1971; x_wconf 84' lang='lat' dir='ltr'>quis</span> <span class='ocrx_word' id='word_1_251' title='bbox 1410 1916 1716 1991; x_wconf 52' lang='lat' dir='ltr'>ignoramgffi</span> 
     </span>
    </p>
   </div>
   <div class='ocr_carea' id='block_1_3' title="bbox 169 2043 1610 2463">
    <p class='ocr_par' dir='ltr' id='par_1_4' title="bbox 169 2043 1610 2337">
     <span class='ocr_line' id='line_1_33' title="bbox 214 2043 1606 2087; baseline 0.002 -14"><span class='ocrx_word' id='word_1_252' title='bbox 214 2047 234 2077; x_wconf 84' lang='lat'><strong>9</strong></span> <span class='ocrx_word' id='word_1_253' title='bbox 269 2043 460 2084; x_wconf 83' lang='lat' dir='ltr'>defendunt]</span> <span class='ocrx_word' id='word_1_254' title='bbox 502 2044 604 2074; x_wconf 72' lang='lat' dir='ltr'>Sei-ib.</span> <span class='ocrx_word' id='word_1_255' title='bbox 640 2045 865 2085; x_wconf 76' lang='lat' dir='ltr'>defenderunt.</span> <span class='ocrx_word' id='word_1_256' title='bbox 907 2049 938 2074; x_wconf 82' lang='lat' dir='ltr'>et</span> <span class='ocrx_word' id='word_1_257' title='bbox 952 2045 1132 2084; x_wconf 66' lang='lat' dir='ltr'>sapientis-5.</span> <span class='ocrx_word' id='word_1_258' title='bbox 1147 2056 1175 2076; x_wconf 86' lang='lat' dir='ltr'>e.</span> <span class='ocrx_word' id='word_1_259' title='bbox 1189 2044 1223 2086; x_wconf 85' lang='lat' dir='ltr'>j.</span> <span class='ocrx_word' id='word_1_260' title='bbox 1245 2055 1271 2075; x_wconf 85' lang='lat' dir='ltr'>s.</span> <span class='ocrx_word' id='word_1_261' title='bbox 1315 2045 1460 2076; x_wconf 88' lang='lat' dir='ltr'>Omnino</span> <span class='ocrx_word' id='word_1_262' title='bbox 1480 2046 1606 2087; x_wconf 81' lang='lat' dir='ltr'>epithe-</span> 
     </span>
     <span class='ocr_line' id='line_1_34' title="bbox 172 2085 1608 2129; baseline 0.002 -13"><span class='ocrx_word' id='word_1_263' title='bbox 172 2086 299 2116; x_wconf 83' lang='lat' dir='ltr'>namin</span> <span class='ocrx_word' id='word_1_264' title='bbox 321 2085 448 2116; x_wconf 74' lang='lat' dir='ltr'>altero:</span> <span class='ocrx_word' id='word_1_265' title='bbox 473 2090 543 2115; x_wconf 79' lang='lat' dir='ltr'>tum</span> <span class='ocrx_word' id='word_1_266' title='bbox 558 2091 642 2116; x_wconf 84' lang='lat' dir='ltr'>certe</span> <span class='ocrx_word' id='word_1_267' title='bbox 658 2088 715 2116; x_wconf 82' lang='lat' dir='ltr'>&amp;c.</span> <span class='ocrx_word' id='word_1_268' title='bbox 730 2094 779 2116; x_wconf 89' lang='lat' dir='ltr'>est</span> <span class='ocrx_word' id='word_1_269' title='bbox 793 2088 866 2116; x_wconf 82' lang='lat' dir='ltr'>sub·</span> <span class='ocrx_word' id='word_1_270' title='bbox 907 2092 966 2116; x_wconf 87' lang='lat' dir='ltr'>ton</span> <span class='ocrx_word' id='word_1_271' title='bbox 991 2087 1119 2117; x_wconf 82' lang='lat' dir='ltr'>videtur</span> <span class='ocrx_word' id='word_1_272' title='bbox 1140 2088 1243 2126; x_wconf 82' lang='lat' dir='ltr'>magis</span> <span class='ocrx_word' id='word_1_273' title='bbox 1267 2087 1307 2118; x_wconf 84' lang='lat' dir='ltr'>ad</span> <span class='ocrx_word' id='word_1_274' title='bbox 1330 2096 1482 2118; x_wconf 84' lang='lat' dir='ltr'>senatum</span> <span class='ocrx_word' id='word_1_275' title='bbox 1507 2090 1608 2129; x_wconf 83' lang='lat' dir='ltr'>perti-</span> 
     </span>
     <span class='ocr_line' id='line_1_35' title="bbox 169 2128 1607 2168; baseline 0.002 -11"><span class='ocrx_word' id='word_1_276' title='bbox 169 2129 289 2158; x_wconf 75' lang='lat' dir='ltr'>ierunt.</span> <span class='ocrx_word' id='word_1_277' title='bbox 334 2128 386 2158; x_wconf 80' lang='lat' dir='ltr'>lta</span> <span class='ocrx_word' id='word_1_278' title='bbox 408 2128 483 2164; x_wconf 88' lang='lat' dir='ltr'>erit,</span> <span class='ocrx_word' id='word_1_279' title='bbox 499 2138 572 2158; x_wconf 79' lang='lat' dir='ltr'>eum</span> <span class='ocrx_word' id='word_1_280' title='bbox 591 2129 683 2166; x_wconf 81' lang='lat' dir='ltr'>digni</span> <span class='ocrx_word' id='word_1_281' title='bbox 706 2133 795 2165; x_wconf 80' lang='lat' dir='ltr'>sunt,</span> <span class='ocrx_word' id='word_1_282' title='bbox 811 2130 867 2168; x_wconf 80' lang='lat' dir='ltr'>qui</span> <span class='ocrx_word' id='word_1_283' title='bbox 909 2138 1105 2168; x_wconf 86' lang='lat' dir='ltr'>nere‚quam</span> <span class='ocrx_word' id='word_1_284' title='bbox 1122 2129 1344 2166; x_wconf 77' lang='lat' dir='ltr'>adjudicium.</span> <span class='ocrx_word' id='word_1_285' title='bbox 1361 2139 1451 2167; x_wconf 89' lang='lat' dir='ltr'>nam,</span> <span class='ocrx_word' id='word_1_286' title='bbox 1463 2135 1502 2160; x_wconf 86' lang='lat' dir='ltr'>ut</span> <span class='ocrx_word' id='word_1_287' title='bbox 1516 2137 1607 2168; x_wconf 79' lang='lat' dir='ltr'>ante,</span> 
     </span>
     <span class='ocr_line' id='line_1_36' title="bbox 169 2170 1608 2212; baseline 0.001 -12"><span class='ocrx_word' id='word_1_288' title='bbox 169 2170 447 2211; x_wconf 58' lang='lat' dir='ltr'>—defenderunff</span> <span class='ocrx_word' id='word_1_289' title='bbox 475 2174 546 2200; x_wconf 79' lang='lat' dir='ltr'>eum</span> <span class='ocrx_word' id='word_1_290' title='bbox 572 2171 754 2208; x_wconf 73' lang='lat' dir='ltr'>dignissimi</span> <span class='ocrx_word' id='word_1_291' title='bbox 777 2175 866 2206; x_wconf 80' lang='lat' dir='ltr'>sunt,</span> <span class='ocrx_word' id='word_1_292' title='bbox 904 2171 1030 2210; x_wconf 78' lang='lat' dir='ltr'>Judicio</span> <span class='ocrx_word' id='word_1_293' title='bbox 1056 2173 1289 2202; x_wconf 80' lang='lat' dir='ltr'>auctoritatem</span> <span class='ocrx_word' id='word_1_294' title='bbox 1318 2171 1390 2201; x_wconf 71' lang='lat' dir='ltr'>vult</span> <span class='ocrx_word' id='word_1_295' title='bbox 1417 2172 1608 2212; x_wconf 83' lang='lat' dir='ltr'>adjungere,</span> 
     </span>
     <span class='ocr_line' id='line_1_37' title="bbox 170 2213 1610 2253; baseline 0.002 -11"><span class='ocrx_word' id='word_1_296' title='bbox 170 2213 226 2251; x_wconf 79' lang='lat' dir='ltr'>qui</span> <span class='ocrx_word' id='word_1_297' title='bbox 241 2222 268 2242; x_wconf 83' lang='lat' dir='ltr'>c.</span> <span class='ocrx_word' id='word_1_298' title='bbox 284 2222 311 2242; x_wconf 81' lang='lat' dir='ltr'>e.</span> <span class='ocrx_word' id='word_1_299' title='bbox 326 2213 498 2247; x_wconf 71' lang='lat' dir='ltr'>donentur,</span> <span class='ocrx_word' id='word_1_300' title='bbox 508 2222 569 2251; x_wconf 77' lang='lat' dir='ltr'>pro</span> <span class='ocrx_word' id='word_1_301' title='bbox 581 2213 866 2251; x_wconf 78' lang='lat' dir='ltr'>qua—subierunt.</span> <span class='ocrx_word' id='word_1_302' title='bbox 909 2223 967 2252; x_wconf 80' lang='lat' dir='ltr'>per</span> <span class='ocrx_word' id='word_1_303' title='bbox 980 2213 1175 2252; x_wconf 76' lang='lat' dir='ltr'>sapientiam</span> <span class='ocrx_word' id='word_1_304' title='bbox 1190 2219 1335 2251; x_wconf 83' lang='lat' dir='ltr'>senatus,</span> <span class='ocrx_word' id='word_1_305' title='bbox 1351 2214 1405 2253; x_wconf 85' lang='lat' dir='ltr'>qui</span> <span class='ocrx_word' id='word_1_306' title='bbox 1420 2214 1510 2245; x_wconf 87' lang='lat' dir='ltr'>fecit.</span> <span class='ocrx_word' id='word_1_307' title='bbox 1543 2215 1610 2246; x_wconf 84' lang='lat' dir='ltr'>Ita-</span> 
     </span>
     <span class='ocr_line' id='line_1_38' title="bbox 174 2253 1607 2295; baseline 0.002 -11"><span class='ocrx_word' id='word_1_308' title='bbox 174 2254 288 2294; x_wconf 83' lang='lat' dir='ltr'>Itaque</span> <span class='ocrx_word' id='word_1_309' title='bbox 312 2263 378 2283; x_wconf 83' lang='lat' dir='ltr'>non</span> <span class='ocrx_word' id='word_1_310' title='bbox 394 2253 552 2291; x_wconf 64' lang='lat' dir='ltr'>dubitaui,</span> <span class='ocrx_word' id='word_1_311' title='bbox 567 2255 668 2284; x_wconf 77' lang='lat' dir='ltr'>etiam</span> <span class='ocrx_word' id='word_1_312' title='bbox 693 2263 809 2285; x_wconf 78' lang='lat' dir='ltr'>contra</span> <span class='ocrx_word' id='word_1_313' title='bbox 829 2254 868 2285; x_wconf 90' lang='lat' dir='ltr'>li-</span> <span class='ocrx_word' id='word_1_314' title='bbox 911 2265 972 2293; x_wconf 88' lang='lat' dir='ltr'>que</span> <span class='ocrx_word' id='word_1_315' title='bbox 1005 2255 1118 2285; x_wconf 88' lang='lat' dir='ltr'>malim</span> <span class='ocrx_word' id='word_1_316' title='bbox 1146 2257 1227 2285; x_wconf 80' lang='lat' dir='ltr'>dabo</span> <span class='ocrx_word' id='word_1_317' title='bbox 1253 2257 1482 2295; x_wconf 70' lang='lat' dir='ltr'>sapientissima·</span> <span class='ocrx_word' id='word_1_318' title='bbox 1509 2259 1607 2288; x_wconf 72' lang='lat' dir='ltr'>etiam</span> 
     </span>
     <span class='ocr_line' id='line_1_39' title="bbox 171 2295 1610 2337; baseline 0.003 -12"><span class='ocrx_word' id='word_1_319' title='bbox 171 2295 246 2327; x_wconf 88' lang='lat' dir='ltr'>bros</span> <span class='ocrx_word' id='word_1_320' title='bbox 260 2296 305 2325; x_wconf 84' lang='lat' dir='ltr'>sic</span> <span class='ocrx_word' id='word_1_321' title='bbox 319 2296 425 2326; x_wconf 86' lang='lat' dir='ltr'>edere.</span> <span class='ocrx_word' id='word_1_322' title='bbox 901 2296 1071 2337; x_wconf 76' lang='lat' dir='ltr'>judicium</span> <span class='ocrx_word' id='word_1_323' title='bbox 1099 2302 1251 2328; x_wconf 76' lang='lat' dir='ltr'>senatus.-</span> <span class='ocrx_word' id='word_1_324' title='bbox 1286 2299 1412 2328; x_wconf 85' lang='lat' dir='ltr'>interea</span> <span class='ocrx_word' id='word_1_325' title='bbox 1438 2298 1610 2330; x_wconf 81' lang='lat' dir='ltr'>Erfurteu-</span> 
     </span>
    </p>

    <p class='ocr_par' dir='ltr' id='par_1_5' title="bbox 173 2338 1610 2463">
     <span class='ocr_line' id='line_1_40' title="bbox 219 2338 1610 2379; baseline 0.003 -12"><span class='ocrx_word' id='word_1_326' title='bbox 219 2341 256 2368; x_wconf 88' lang='lat'>10</span> <span class='ocrx_word' id='word_1_327' title='bbox 278 2338 413 2368; x_wconf 80' lang='lat' dir='ltr'>Hostem</span> <span class='ocrx_word' id='word_1_328' title='bbox 443 2339 497 2378; x_wconf 80' lang='grc' dir='ltr'>ιμιὶ</span> <span class='ocrx_word' id='word_1_329' title='bbox 514 2339 619 2379; x_wconf 82' lang='lat' dir='ltr'>feriet</span> <span class='ocrx_word' id='word_1_330' title='bbox 647 2338 722 2378; x_wconf 52' lang='lat' dir='ltr'>Stra]</span> <span class='ocrx_word' id='word_1_331' title='bbox 755 2339 794 2369; x_wconf 89' lang='lat' dir='ltr'>In</span> <span class='ocrx_word' id='word_1_332' title='bbox 819 2338 869 2369; x_wconf 83' lang='lat' dir='ltr'>his</span> <span class='ocrx_word' id='word_1_333' title='bbox 911 2347 980 2369; x_wconf 85' lang='lat' dir='ltr'>sem</span> <span class='ocrx_word' id='word_1_334' title='bbox 1016 2339 1192 2370; x_wconf 83' lang='lat' dir='ltr'>lectionem</span> <span class='ocrx_word' id='word_1_335' title='bbox 1219 2350 1295 2370; x_wconf 88' lang='lat' dir='ltr'>cum</span> <span class='ocrx_word' id='word_1_336' title='bbox 1325 2340 1453 2370; x_wconf 82' lang='lat' dir='ltr'>Graevio</span> <span class='ocrx_word' id='word_1_337' title='bbox 1480 2348 1610 2372; x_wconf 74' lang='lat' dir='ltr'>secutus</span> 
     </span>
     <span class='ocr_line' id='line_1_41' title="bbox 173 2380 995 2419; baseline 0.001 -10"><span class='ocrx_word' id='word_1_338' title='bbox 173 2380 316 2410; x_wconf 75' lang='lat' dir='ltr'>versibus</span> <span class='ocrx_word' id='word_1_339' title='bbox 330 2380 528 2419; x_wconf 76' lang='lat' dir='ltr'>corrigendis</span> <span class='ocrx_word' id='word_1_340' title='bbox 546 2380 592 2410; x_wconf 89' lang='lat' dir='ltr'>nil</span> <span class='ocrx_word' id='word_1_341' title='bbox 610 2382 691 2410; x_wconf 72' lang='lat' dir='ltr'>certi</span> <span class='ocrx_word' id='word_1_342' title='bbox 707 2387 768 2411; x_wconf 77' lang='lat' dir='ltr'>est.</span> <span class='ocrx_word' id='word_1_343' title='bbox 804 2381 871 2411; x_wconf 87' lang='lat' dir='ltr'>Ita·</span> <span class='ocrx_word' id='word_1_344' title='bbox 912 2390 995 2411; x_wconf 86' lang='lat' dir='ltr'>sum.</span> 
     </span>
     <span class='ocr_line' id='line_1_42' title="bbox 175 2422 1610 2463; baseline 0.002 -11"><span class='ocrx_word' id='word_1_345' title='bbox 175 2432 237 2461; x_wconf 81' lang='lat' dir='ltr'>que</span> <span class='ocrx_word' id='word_1_346' title='bbox 266 2424 470 2459; x_wconf 78' lang='lat' dir='ltr'>conjecturas</span> <span class='ocrx_word' id='word_1_347' title='bbox 507 2433 572 2452; x_wconf 89' lang='lat' dir='ltr'>non</span> <span class='ocrx_word' id='word_1_348' title='bbox 602 2424 872 2453; x_wconf 77' lang='lat' dir='ltr'>commemorabi·</span> <span class='ocrx_word' id='word_1_349' title='bbox 961 2426 995 2454; x_wconf 74' lang='lat'>12</span> <span class='ocrx_word' id='word_1_350' title='bbox 1018 2424 1088 2460; x_wconf 78' lang='lat' dir='ltr'>lege</span> <span class='ocrx_word' id='word_1_351' title='bbox 1103 2422 1215 2463; x_wconf 80' lang='lat' dir='ltr'>Papia</span> <span class='ocrx_word' id='word_1_352' title='bbox 1231 2424 1268 2454; x_wconf 79' lang='lat' dir='ltr'>de</span> <span class='ocrx_word' id='word_1_353' title='bbox 1290 2423 1340 2454; x_wconf 88' lang='lat' dir='ltr'>M.</span> <span class='ocrx_word' id='word_1_354' title='bbox 1363 2423 1487 2461; x_wconf 81' lang='lat' dir='ltr'>Crasso,</span> <span class='ocrx_word' id='word_1_355' title='bbox 1503 2425 1610 2456; x_wconf 77' lang='lat' dir='ltr'>Mam.</span> 
     </span>
    </p>
   </div>
   <div class='ocr_carea' id='block_1_4' title="bbox 173 2463 873 2881">
    <p class='ocr_par' dir='ltr' id='par_1_6' title="bbox 173 2463 872 2674">
     <span class='ocr_line' id='line_1_43' title="bbox 175 2463 869 2501; baseline 0.003 -7"><span class='ocrx_word' id='word_1_356' title='bbox 175 2473 257 2494; x_wconf 88' lang='lat' dir='ltr'>mus.</span> <span class='ocrx_word' id='word_1_357' title='bbox 299 2463 448 2494; x_wconf 82' lang='lat' dir='ltr'>Tantum</span> <span class='ocrx_word' id='word_1_358' title='bbox 475 2464 594 2501; x_wconf 86' lang='lat' dir='ltr'>dicam,</span> <span class='ocrx_word' id='word_1_359' title='bbox 618 2465 650 2494; x_wconf 92' lang='lat' dir='ltr'>in</span> <span class='ocrx_word' id='word_1_360' title='bbox 678 2465 740 2495; x_wconf 85' lang='lat' dir='ltr'>Ms.</span> <span class='ocrx_word' id='word_1_361' title='bbox 762 2465 869 2496; x_wconf 82' lang='lat' dir='ltr'>Guelf.</span> 
     </span>
     <span class='ocr_line' id='line_1_44' title="bbox 173 2507 870 2545; baseline 0.003 -10"><span class='ocrx_word' id='word_1_362' title='bbox 173 2515 258 2536; x_wconf 86' lang='lat' dir='ltr'>esse:</span> <span class='ocrx_word' id='word_1_363' title='bbox 297 2507 439 2545; x_wconf 70' lang='lat' dir='ltr'>quisquis</span> <span class='ocrx_word' id='word_1_364' title='bbox 473 2508 534 2537; x_wconf 83' lang='lat' dir='ltr'>erit</span> <span class='ocrx_word' id='word_1_365' title='bbox 569 2507 711 2537; x_wconf 56' lang='lat' dir='ltr'>civitate.</span> <span class='ocrx_word' id='word_1_366' title='bbox 764 2507 870 2537; x_wconf 80' lang='lat' dir='ltr'>Locus</span> 
     </span>
     <span class='ocr_line' id='line_1_45' title="bbox 174 2547 872 2589; baseline 0.003 -12"><span class='ocrx_word' id='word_1_367' title='bbox 174 2552 348 2588; x_wconf 86' lang='lat' dir='ltr'>corruptus</span> <span class='ocrx_word' id='word_1_368' title='bbox 368 2554 417 2578; x_wconf 83' lang='lat' dir='ltr'>est</span> <span class='ocrx_word' id='word_1_369' title='bbox 438 2555 472 2578; x_wconf 89' lang='lat' dir='ltr'>et</span> <span class='ocrx_word' id='word_1_370' title='bbox 496 2547 748 2589; x_wconf 82' lang='lat' dir='ltr'>interpolatione</span> <span class='ocrx_word' id='word_1_371' title='bbox 770 2555 804 2579; x_wconf 85' lang='lat' dir='ltr'>et</span> <span class='ocrx_word' id='word_1_372' title='bbox 826 2550 872 2580; x_wconf 77' lang='lat' dir='ltr'>vi-</span> 
     </span>
     <span class='ocr_line' id='line_1_46' title="bbox 176 2590 872 2631; baseline 0.004 -12"><span class='ocrx_word' id='word_1_373' title='bbox 176 2590 261 2620; x_wconf 86' lang='lat' dir='ltr'>tiosa</span> <span class='ocrx_word' id='word_1_374' title='bbox 274 2590 442 2629; x_wconf 82' lang='lat' dir='ltr'>scriptura.</span> <span class='ocrx_word' id='word_1_375' title='bbox 488 2591 639 2631; x_wconf 87' lang='lat' dir='ltr'>Suspicor</span> <span class='ocrx_word' id='word_1_376' title='bbox 657 2591 728 2621; x_wconf 84' lang='lat' dir='ltr'>sola</span> <span class='ocrx_word' id='word_1_377' title='bbox 741 2600 809 2621; x_wconf 86' lang='lat' dir='ltr'>esse</span> <span class='ocrx_word' id='word_1_378' title='bbox 832 2592 872 2622; x_wconf 87' lang='lat' dir='ltr'>ab</span> 
     </span>
     <span class='ocr_line' id='line_1_47' title="bbox 177 2630 749 2674; baseline 0.005 -14"><span class='ocrx_word' id='word_1_379' title='bbox 177 2630 285 2661; x_wconf 86' lang='lat' dir='ltr'>Ennio</span> <span class='ocrx_word' id='word_1_380' title='bbox 297 2642 305 2660; x_wconf 89' lang='lat'><strong>:</strong></span> <span class='ocrx_word' id='word_1_381' title='bbox 330 2631 663 2674; x_wconf 63' lang='lat' dir='ltr'>Hostem—‚Quisquis</span> <span class='ocrx_word' id='word_1_382' title='bbox 677 2634 749 2663; x_wconf 80' lang='lat' dir='ltr'>erit.</span> 
     </span>
    </p>

    <p class='ocr_par' dir='ltr' id='par_1_7' title="bbox 176 2673 873 2881">
     <span class='ocr_line' id='line_1_48' title="bbox 222 2673 872 2714; baseline 0.003 -12"><span class='ocrx_word' id='word_1_383' title='bbox 222 2675 255 2702; x_wconf 90' lang='lat'>11</span> <span class='ocrx_word' id='word_1_384' title='bbox 273 2673 353 2703; x_wconf 74' lang='lat' dir='ltr'>dabo</span> <span class='ocrx_word' id='word_1_385' title='bbox 365 2676 605 2704; x_wconf 77' lang='lat' dir='ltr'>sanctissimum</span> <span class='ocrx_word' id='word_1_386' title='bbox 619 2674 755 2714; x_wconf 81' lang='lat' dir='ltr'>etiamj.</span> <span class='ocrx_word' id='word_1_387' title='bbox 770 2674 812 2713; x_wconf 85' lang='lat' dir='ltr'>s.]</span> <span class='ocrx_word' id='word_1_388' title='bbox 833 2674 872 2704; x_wconf 90' lang='lat' dir='ltr'>ln</span> 
     </span>
     <span class='ocr_line' id='line_1_49' title="bbox 176 2713 873 2755; baseline 0.004 -12"><span class='ocrx_word' id='word_1_389' title='bbox 176 2713 246 2744; x_wconf 75' lang='lat' dir='ltr'>&#39;Ms.</span> <span class='ocrx_word' id='word_1_390' title='bbox 286 2715 353 2745; x_wconf 81' lang='lat' dir='ltr'>Erf.</span> <span class='ocrx_word' id='word_1_391' title='bbox 387 2722 436 2746; x_wconf 90' lang='lat' dir='ltr'>est</span> <span class='ocrx_word' id='word_1_392' title='bbox 470 2717 757 2755; x_wconf 64' lang='lat' dir='ltr'>suffieutissimum,</span> <span class='ocrx_word' id='word_1_393' title='bbox 786 2716 873 2755; x_wconf 90' lang='lat' dir='ltr'>quod</span> 
     </span>
     <span class='ocr_line' id='line_1_50' title="bbox 179 2755 873 2794; baseline 0.004 -9"><span class='ocrx_word' id='word_1_394' title='bbox 179 2755 325 2794; x_wconf 78' lang='lat' dir='ltr'>praetulit</span> <span class='ocrx_word' id='word_1_395' title='bbox 339 2756 484 2787; x_wconf 75' lang='lat' dir='ltr'>Graevius</span> <span class='ocrx_word' id='word_1_396' title='bbox 495 2769 504 2787; x_wconf 73' lang='grc' dir='ltr'><em>ι</em></span> <span class='ocrx_word' id='word_1_397' title='bbox 530 2767 605 2788; x_wconf 76' lang='lat' dir='ltr'>nam</span> <span class='ocrx_word' id='word_1_398' title='bbox 622 2758 660 2788; x_wconf 86' lang='lat' dir='ltr'>de</span> <span class='ocrx_word' id='word_1_399' title='bbox 675 2764 791 2788; x_wconf 83' lang='lat' dir='ltr'>senatu</span> <span class='ocrx_word' id='word_1_400' title='bbox 806 2768 873 2789; x_wconf 88' lang='lat' dir='ltr'>non</span> 
     </span>
     <span class='ocr_line' id='line_1_51' title="bbox 180 2799 873 2840; baseline 0.006 -14"><span class='ocrx_word' id='word_1_401' title='bbox 180 2803 248 2827; x_wconf 81' lang='lat' dir='ltr'>tam</span> <span class='ocrx_word' id='word_1_402' title='bbox 262 2799 417 2828; x_wconf 85' lang='lat' dir='ltr'>sanctitas</span> <span class='ocrx_word' id='word_1_403' title='bbox 432 2810 530 2838; x_wconf 80' lang='lat' dir='ltr'>quam</span> <span class='ocrx_word' id='word_1_404' title='bbox 545 2800 705 2839; x_wconf 79' lang='lat' dir='ltr'>sapientia</span> <span class='ocrx_word' id='word_1_405' title='bbox 719 2799 873 2840; x_wconf 64' lang='lat' dir='ltr'>praedica-</span> 
     </span>
     <span class='ocr_line' id='line_1_52' title="bbox 179 2840 873 2881; baseline 0.003 -12"><span class='ocrx_word' id='word_1_406' title='bbox 179 2844 243 2869; x_wconf 83' lang='lat' dir='ltr'>tur.</span> <span class='ocrx_word' id='word_1_407' title='bbox 269 2840 374 2870; x_wconf 84' lang='lat' dir='ltr'>Guelf.</span> <span class='ocrx_word' id='word_1_408' title='bbox 397 2841 494 2872; x_wconf 80' lang='lat' dir='ltr'>habet</span> <span class='ocrx_word' id='word_1_409' title='bbox 518 2848 706 2881; x_wconf 83' lang='lat' dir='ltr'>utrumque,</span> <span class='ocrx_word' id='word_1_410' title='bbox 727 2842 873 2872; x_wconf 73' lang='lat' dir='ltr'>sanctiss.</span> 
     </span>
    </p>
   </div>
   <div class='ocr_carea' id='block_1_5' title="bbox 911 2465 1614 2833">
    <p class='ocr_par' dir='ltr' id='par_1_8' title="bbox 911 2465 1614 2833">
     <span class='ocr_line' id='line_1_53' title="bbox 911 2465 1612 2506; baseline 0.004 -12"><span class='ocrx_word' id='word_1_411' title='bbox 911 2465 995 2504; x_wconf 83' lang='lat' dir='ltr'>rep.]</span> <span class='ocrx_word' id='word_1_412' title='bbox 1027 2465 1074 2495; x_wconf 67' lang='lat' dir='ltr'>lis.</span> <span class='ocrx_word' id='word_1_413' title='bbox 1106 2465 1240 2496; x_wconf 69' lang='lat' dir='ltr'>Crassus</span> <span class='ocrx_word' id='word_1_414' title='bbox 1274 2466 1507 2506; x_wconf 86' lang='lat' dir='ltr'>intelligendus</span> <span class='ocrx_word' id='word_1_415' title='bbox 1534 2468 1612 2497; x_wconf 80' lang='lat' dir='ltr'>civis</span> 
     </span>
     <span class='ocr_line' id='line_1_54' title="bbox 914 2507 1611 2548; baseline 0.004 -12"><span class='ocrx_word' id='word_1_416' title='bbox 914 2507 1095 2545; x_wconf 78' lang='lat' dir='ltr'>Romanus,</span> <span class='ocrx_word' id='word_1_417' title='bbox 1111 2518 1131 2538; x_wconf 89' lang='lat' dir='ltr'>a</span> <span class='ocrx_word' id='word_1_418' title='bbox 1152 2508 1200 2538; x_wconf 91' lang='lat' dir='ltr'>M.</span> <span class='ocrx_word' id='word_1_419' title='bbox 1218 2508 1334 2539; x_wconf 73' lang='lat' dir='ltr'>Crasso</span> <span class='ocrx_word' id='word_1_420' title='bbox 1349 2509 1469 2544; x_wconf 86' lang='lat' dir='ltr'>factus,</span> <span class='ocrx_word' id='word_1_421' title='bbox 1485 2509 1540 2548; x_wconf 90' lang='lat' dir='ltr'>qui</span> <span class='ocrx_word' id='word_1_422' title='bbox 1555 2519 1611 2548; x_wconf 74' lang='lat' dir='ltr'>pa-</span> 
     </span>
     <span class='ocr_line' id='line_1_55' title="bbox 914 2549 1612 2590; baseline 0.001 -11"><span class='ocrx_word' id='word_1_423' title='bbox 914 2549 1003 2579; x_wconf 88' lang='lat' dir='ltr'>troni</span> <span class='ocrx_word' id='word_1_424' title='bbox 1017 2558 1138 2580; x_wconf 90' lang='lat' dir='ltr'>nomen</span> <span class='ocrx_word' id='word_1_425' title='bbox 1152 2556 1350 2590; x_wconf 85' lang='lat' dir='ltr'>susceperat,</span> <span class='ocrx_word' id='word_1_426' title='bbox 1365 2550 1404 2580; x_wconf 90' lang='lat' dir='ltr'>de</span> <span class='ocrx_word' id='word_1_427' title='bbox 1419 2560 1520 2580; x_wconf 88' lang='lat' dir='ltr'>more.</span> <span class='ocrx_word' id='word_1_428' title='bbox 1535 2550 1612 2580; x_wconf 76' lang='grc' dir='ltr'>Μα-</span> 
     </span>
     <span class='ocr_line' id='line_1_56' title="bbox 914 2592 1612 2631; baseline 0.004 -11"><span class='ocrx_word' id='word_1_429' title='bbox 914 2592 1062 2621; x_wconf 78' lang='lat' dir='ltr'>mertim&#39;s</span> <span class='ocrx_word' id='word_1_430' title='bbox 1072 2593 1297 2631; x_wconf 71' lang='lat' dir='ltr'>repetentibus,</span> <span class='ocrx_word' id='word_1_431' title='bbox 1307 2601 1403 2622; x_wconf 86' lang='lat' dir='ltr'>suum</span> <span class='ocrx_word' id='word_1_432' title='bbox 1416 2592 1532 2628; x_wconf 79' lang='lat' dir='ltr'>civem,</span> <span class='ocrx_word' id='word_1_433' title='bbox 1544 2602 1612 2623; x_wconf 84' lang='lat' dir='ltr'>non</span> 
     </span>
     <span class='ocr_line' id='line_1_57' title="bbox 914 2633 1613 2673; baseline 0.001 -10"><span class='ocrx_word' id='word_1_434' title='bbox 914 2633 1101 2664; x_wconf 79' lang='lat' dir='ltr'>Romanum</span> <span class='ocrx_word' id='word_1_435' title='bbox 1125 2643 1193 2664; x_wconf 84' lang='lat' dir='ltr'>esse</span> <span class='ocrx_word' id='word_1_436' title='bbox 1215 2634 1415 2669; x_wconf 76' lang='lat' dir='ltr'>volentibus,</span> <span class='ocrx_word' id='word_1_437' title='bbox 1430 2640 1463 2663; x_wconf 83' lang='lat' dir='ltr'>et</span> <span class='ocrx_word' id='word_1_438' title='bbox 1486 2635 1613 2673; x_wconf 84' lang='lat' dir='ltr'>agenti-</span> 
     </span>
     <span class='ocr_line' id='line_1_58' title="bbox 914 2675 1612 2712; baseline 0.004 -8"><span class='ocrx_word' id='word_1_439' title='bbox 914 2675 973 2704; x_wconf 91' lang='lat' dir='ltr'>bus</span> <span class='ocrx_word' id='word_1_440' title='bbox 999 2675 1073 2712; x_wconf 87' lang='lat' dir='ltr'>hoc,</span> <span class='ocrx_word' id='word_1_441' title='bbox 1097 2681 1134 2706; x_wconf 84' lang='lat' dir='ltr'>ut</span> <span class='ocrx_word' id='word_1_442' title='bbox 1159 2686 1177 2706; x_wconf 90' lang='lat' dir='ltr'>e</span> <span class='ocrx_word' id='word_1_443' title='bbox 1202 2676 1323 2706; x_wconf 79' lang='lat' dir='ltr'>civium</span> <span class='ocrx_word' id='word_1_444' title='bbox 1353 2675 1447 2705; x_wconf 79' lang='lat' dir='ltr'>Rom.</span> <span class='ocrx_word' id='word_1_445' title='bbox 1475 2686 1612 2707; x_wconf 85' lang='lat' dir='ltr'>numero</span> 
     </span>
     <span class='ocr_line' id='line_1_59' title="bbox 914 2717 1572 2757; baseline 0.003 -11"><span class='ocrx_word' id='word_1_446' title='bbox 914 2719 1050 2757; x_wconf 74' lang='lat' dir='ltr'>ejectuS,</span> <span class='ocrx_word' id='word_1_447' title='bbox 1065 2723 1140 2757; x_wconf 88' lang='lat' dir='ltr'>post</span> <span class='ocrx_word' id='word_1_448' title='bbox 1153 2717 1371 2748; x_wconf 79' lang='lat' dir='ltr'>Mamertinus</span> <span class='ocrx_word' id='word_1_449' title='bbox 1386 2717 1463 2746; x_wconf 83' lang='lat' dir='ltr'>civis</span> <span class='ocrx_word' id='word_1_450' title='bbox 1477 2723 1572 2748; x_wconf 87' lang='lat' dir='ltr'>esset.</span> 
     </span>
     <span class='ocr_line' id='line_1_60' title="bbox 962 2758 1614 2798; baseline 0.003 -9"><span class='ocrx_word' id='word_1_451' title='bbox 962 2762 998 2789; x_wconf 88' lang='grc'>13</span> <span class='ocrx_word' id='word_1_452' title='bbox 1018 2763 1094 2789; x_wconf 81' lang='lat' dir='ltr'>sunt</span> <span class='ocrx_word' id='word_1_453' title='bbox 1117 2759 1261 2798; x_wconf 76' lang='lat' dir='ltr'>liberati]</span> <span class='ocrx_word' id='word_1_454' title='bbox 1288 2759 1361 2789; x_wconf 87' lang='lat' dir='ltr'>Hoc</span> <span class='ocrx_word' id='word_1_455' title='bbox 1375 2769 1392 2788; x_wconf 87' lang='lat' dir='ltr'>e</span> <span class='ocrx_word' id='word_1_456' title='bbox 1408 2758 1486 2789; x_wconf 81' lang='lat' dir='ltr'>Mss.</span> <span class='ocrx_word' id='word_1_457' title='bbox 1509 2761 1614 2791; x_wconf 77' lang='lat' dir='ltr'>tribus</span> 
     </span>
     <span class='ocr_line' id='line_1_61' title="bbox 915 2800 1614 2833; baseline 0.006 -4"><span class='ocrx_word' id='word_1_458' title='bbox 915 2800 1040 2831; x_wconf 80' lang='lat' dir='ltr'>addidit</span> <span class='ocrx_word' id='word_1_459' title='bbox 1055 2801 1224 2831; x_wconf 77' lang='lat' dir='ltr'>Gruterus.</span> <span class='ocrx_word' id='word_1_460' title='bbox 1265 2801 1321 2831; x_wconf 81' lang='lat' dir='ltr'>Est</span> <span class='ocrx_word' id='word_1_461' title='bbox 1338 2801 1439 2831; x_wconf 76' lang='lat' dir='ltr'>etiam</span> <span class='ocrx_word' id='word_1_462' title='bbox 1455 2802 1490 2833; x_wconf 85' lang='lat' dir='ltr'>in</span> <span class='ocrx_word' id='word_1_463' title='bbox 1505 2802 1614 2833; x_wconf 78' lang='lat' dir='ltr'>Guelf.</span> 
     </span>
    </p>
   </div>
  </div>
 </body>
</html>
