1785 3185
255 116 358 166 1256,
844 118 1089 157 ORATIO

250 227 434 270 ctorum,
469 234 808 277 magnorumque
842 222 883 263 in
918 223 1223 279 rempublicam
1257 223 1368 264 fama
1409 223 1673 275 meritorum,

250 290 346 329 quae
370 290 467 317 cum
487 278 638 333 optimi
661 279 882 334 cujusque,
907 289 995 320 tum
1019 280 1144 321 etiam
1171 280 1455 321 multitudinis
1479 281 1672 321 testimo-

186 327 322 374 30nio
344 335 662 390 comprobatur.
728 336 939 386 Dicerem,
965 337 1199 389 Dolabella,
1221 338 1292 393 qui
1323 346 1436 378 recte
1459 337 1670 378 factorum

249 389 411 432 fructus
434 403 556 442 esset,
579 393 657 432 nisi
690 393 783 432 60tc
817 402 969 448 praeter
991 404 1152 435 ceteros
1182 410 1271 435 esse
1302 403 1525 449 expertum
1553 393 1671 434 vide-

246 461 349 488 rem.
412 448 549 494 Quem
575 459 694 504 potes
726 449 933 490 recordari
959 450 998 490 in
1024 451 1112 490 vita
1139 452 1215 491 tibi
1240 451 1428 491 illuxisse
1450 451 1561 490 diem
1594 450 1668 490 lae-

246 504 413 555 tiorem,
435 520 563 560 quam
598 520 709 554 cum,
731 507 766 536 6¹
788 506 962 560 expiato
988 506 1094 556 foro,
1116 507 1321 562 dissipato
1354 521 1561 548 concursu
1587 507 1666 547 im-

244 560 427 615 piorum,
461 562 722 616 principibus
746 562 910 603 sceleris
942 564 1125 617 62poeua
1144 563 1322 613 affectis,
1347 573 1386 603 te
1407 563 1578 604 domum
1606 578 1668 603 re-

243 619 416 673 cepisti?
452 619 586 673 Cujus
619 618 793 668 ordinis,
816 619 938 672 cujus
970 619 1149 674 generis,
1172 619 1293 674 cujus
1325 620 1506 674 denique
1531 620 1666 660 fortu-

241 688 310 715 nae
333 675 473 716 studia
497 687 584 715 tum
609 674 736 725 laudi,
758 684 798 715 et
823 675 1094 730 gratulationi
1117 686 1200 716 tuae
1221 691 1264 716 se
1287 691 1368 716 non
1394 676 1667 717 obtulerunt?

245 731 361 777 Quin
388 732 492 772 mihi
517 732 659 780 ctiam,
683 746 767 786 quo
782 743 954 772 auctore
978 743 1018 773 te
1041 732 1081 772 in
1107 733 1157 773 iis
1180 734 1302 773 rebus
1326 732 1384 772 uti
1401 732 1666 774 arbitraban-

242 797 324 838 tur,
346 799 388 829 et
411 789 567 845 gratias
593 789 690 828 boni
715 788 791 828 viri
817 789 1015 844 agebant,
1037 799 1080 830 et
1102 800 1175 830 tuo
1198 790 1371 830 nomine
1393 789 1666 843 gratulaban-

242 853 322 885 tur.
387 845 641 895 Recordare,
664 860 824 899 quaeSO,
858 845 1096 899 Dolabella,
1118 861 1369 887 consensum
1394 845 1510 886 illum
1547 845 1664 887 thea-

240 902 309 952 tri,
332 917 427 943 cum
459 916 604 942 omnes
635 916 779 942 earum
802 916 937 942 rerum
972 903 1110 954 obliti,
1133 913 1303 959 propter
1333 918 1437 958 quas
1461 903 1538 943 tibi
1572 902 1664 943 fue-

239 969 334 999 rant
355 959 521 1008 offensi,
543 960 582 988 (5⁵
600 959 962 1014 significaverunt,
986 974 1028 1000 se
1048 975 1159 1001 novo
1184 960 1391 1000 beneficio
1413 960 1663 1000 memoriam

207 1000 392 1056 lveteris
414 1015 569 1056 doloris
603 1015 824 1070 abjecisse.
887 1016 1013 1057 Hanc
1048 1026 1107 1066 tu,
1132 1016 1368 1067 Dolabella,
1390 1021 1567 1072 (magno
1601 1016 1662 1057 lo-

237 1087 345 1127 quor
378 1087 472 1112 cum
492 1070 688 1121 ⁷dolore,)
722 1071 830 1112 lianc
864 1083 924 1122 tu,
948 1073 1136 1128 iuquam,
1158 1074 1300 1114 animo
1324 1088 1447 1128 aequo
1481 1073 1660 1129 potuisti

158 1105 223 1152 13
238 1137 398 1169 tantam
437 1129 692 1184 (lignitatem
733 1129 971 1185 deponere?
1030 1131 1070 1160 6⁴
1082 1129 1144 1171 Tu
1185 1140 1341 1180 autem,
1378 1130 1442 1170 M.
1479 1130 1658 1180 Antoni,

233 1187 470 1238 (absentem
503 1185 704 1241 appello)
729 1200 856 1226 uuum
890 1186 1004 1227 illum
1037 1186 1165 1237 diem,
1187 1202 1270 1243 quo
1294 1187 1335 1227 in
1368 1187 1458 1228 aede
1479 1186 1659 1227 Telluris

234 1252 403 1283 senatus
428 1242 523 1293 fuit,
547 1258 630 1283 non
666 1244 864 1283 omnibus
888 1244 938 1284 iis
962 1244 1191 1295 mensibus,
1214 1245 1367 1298 quibus
1402 1253 1442 1284 te
1469 1244 1658 1298 quidam,

233 1299 412 1340 multum
446 1316 470 1340 a
502 1314 568 1340 mc
606 1300 918 1350 dissentientes,
951 1302 990 1332 65
1007 1302 1175 1341 beatum
1210 1310 1374 1356 putant,
1405 1300 1658 1355 anteponis?

232 1370 328 1411 quae
372 1357 452 1396 fuit
485 1357 621 1397 oratio
664 1357 715 1397 de
747 1358 1004 1399 concordia?
1047 1368 1208 1412 quanto
1245 1367 1358 1398 metu
1400 1359 1440 1390 66
1455 1356 1656 1407 veterani,

231 1423 390 1468 quanta
421 1413 706 1454 sollicitudine
729 1415 879 1454 civitas
904 1424 991 1454 tum
1017 1430 1041 1454 a
1063 1427 1103 1455 te
1125 1414 1302 1456 liberata
1320 1416 1410 1455 est?
1461 1414 1497 1448 67
1513 1413 1654 1454 Tuum

231 1470 674 1526 collegam,depositis
698 1471 948 1521 inimicitiis,
971 1474 1010 1504 63
1024 1471 1181 1513 oblitus
1198 1472 1389 1526 auspicia
1412 1479 1453 1512 te
1469 1470 1563 1525 ipso
1581 1485 1655 1511 au-

97 1521 129 1552 1'·
152 1514 335 1581 ¹59'gure
357 1528 594 1577 nuntiante,
617 1527 687 1568 illo
712 1528 892 1583 primum
917 1528 984 1568 die
1007 1528 1212 1584 collegam
1238 1529 1314 1569 tibi
1343 1542 1433 1569 esse
1457 1527 1651 1568 voluisti:

229 1585 269 1619 69
283 1594 379 1625 tuus
400 1585 596 1641 parvulus
628 1584 736 1625 filius
761 1586 801 1625 in
827 1584 1087 1641 Capitolium
1112 1601 1136 1627 a
1156 1595 1196 1626 te
1218 1585 1367 1626 missus
1391 1585 1506 1640 pacis
1529 1585 1652 1625 obses

268 1699 308 1729 60
338 1704 368 1729 te
379 1700 559 1739 paullisper
581 1709 644 1729 esse
659 1700 841 1739 arpertum]
860 1700 917 1730 Fa-

228 1745 326 1771 &nus
345 1752 361 1771 e
377 1741 440 1772 ΜΞ.
456 1742 531 1772 Vat.
549 1746 579 1771 te
587 1746 707 1781 prater
718 1746 846 1772 cem-os.
872 1742 917 1772 id-

224 1794 284 1822 que
303 1785 388 1813 Mur.
406 1784 522 1814 Larnb.
547 1783 678 1814 Manat.
703 1785 848 1813 Gra‘vius
870 1792 917 1813 se-

224 1827 291 1856 cuti
321 1832 408 1856 sunt.
453 1827 537 1856 Sane
563 1827 744 1865 paullisper
773 1826 916 1856 alienum

222 1874 290 1897 est:
328 1869 353 1898 si
389 1873 473 1898 esset
506 1870 620 1907 paullo
657 1872 745 1903 ante,
783 1869 911 1898 serrem.

222 1910 304 1939 vult
317 1916 427 1940 autem
443 1919 509 1939 rem
524 1920 650 1949 augere.
697 1910 809 1949 Itaque
825 1911 914 1940 Grae.

225 1953 313 1982 vium
329 1957 458 1982 secutus
474 1961 557 1981 Sum.

263 1996 298 2024 61
326 1994 557 2033 eapialojbro]
585 1993 713 2033 Nempe
735 2002 846 2023 eversa
860 2005 913 2024 co-

220 2035 333 2066 lumna
348 2038 466 2066 Caesari
484 2037 599 2076 posita,
614 2035 654 2066 ad
665 2046 760 2074 quam
777 2046 911 2067 concur-

220 2088 272 2108 sus
291 2079 366 2108 facti
388 2083 491 2108 crant.
508 2089 536 2108 v.
555 2079 644 2108 Suet.
662 2079 742 2108 (ξτες.

261 2122 300 2150 62
319 2130 415 2159 pirna
434 2119 574 2159 affectis]
616 2120 643 2149 E
672 2120 817 2159 margine
847 2120 910 2152 Ms.

222 2163 294 2193 Vat.
324 2162 480 2199 Faernus,
503 2162 590 2192 Mur.
615 2162 798 2197 Manutius,
822 2163 912 2192 Grae-

219 2205 288 2234 vius
316 2204 463 2235 addidere
488 2205 565 2234 urbe
592 2203 737 2234 incendio
761 2209 791 2234 et
818 2206 911 2235 eoedis

219 2252 307 2276 metu
342 2247 488 2276 liberata.
533 2246 707 2277 Consentit
740 2245 882 2276 historia?
899 2259 908 2285 ;

218 2289 271 2318 sed
288 2288 396 2328 potuit
409 2288 508 2318 etiam
525 2288 671 2317 additum
687 2297 754 2318 esse
771 2288 810 2318 ab
825 2288 899 2319 alio.

259 2332 298 2361 63
332 2329 613 2370 significaverunt]
661 2330 700 2359 ln
738 2330 908 2361 Graeviana

216 2372 266 2402 cd.
283 2376 330 2402 est
347 2371 547 2412 signficant,
562 2371 640 2401 vitio
657 2381 839 2411 operarum.

258 2415 299 2445 64
324 2414 368 2444 Te
389 2418 512 2448 aulem,
532 2413 580 2443 M.
604 2413 661 2451 A]
688 2413 780 2442 Edidi
804 2424 821 2443 e
844 2413 907 2445 Ms.

214 2457 291 2487 Vat.
312 2456 375 2491 Tu,
387 2466 460 2486 cum
475 2455 612 2491 Fac-mo,
628 2455 756 2484 Graevio
769 2455 827 2485 διο.
841 2465 906 2486 nou

215 2499 316 2529 ctiam
339 2499 500 2527 absentem
515 2497 611 2526 enim.
637 2506 713 2526 narn
731 2497 816 2526 enim
840 2508 906 2527 rne-

214 2540 277 2571 lius
293 2540 396 2575 abest,
411 2546 445 2569 ct
460 2538 587 2569 videtur
601 2549 617 2568 e
633 2538 723 2568 finali
739 2539 772 2569 in
794 2540 904 2569 absen-

214 2587 277 2613 tem
294 2587 404 2612 ortum
419 2591 497 2611 csse.

256 2627 295 2655 65
320 2626 447 2654 beatum
461 2622 595 2662 putant]
622 2621 671 2651 An
684 2623 848 2661 putabant
861 2623 876 2651 ,7

219 2664 221 2666 ’
253 2668 294 2697 66
315 2665 474 2705 veterani]
502 2665 653 2694 Veterani
670 2664 722 2694 liic
735 2670 812 2694 sunt
826 2663 901 2695 alic-

211 2709 258 2744 ni,
287 2714 325 2738 ut
347 2711 418 2747 ‚jam
449 2707 503 2737 alii
532 2716 669 2736 sensere.
715 2707 861 2736 Graevius
888 2717 906 2737 e

209 2751 355 2790 vestigiis
385 2750 462 2780 Mss.
501 2747 563 2788 legi
591 2748 662 2778 vult
691 2750 800 2779 ceteri.
838 2758 904 2778 non

208 2793 309 2823 bene:
335 2793 410 2831 quia
426 2791 657 2831 uilpraecessit.
704 2791 798 2821 Forte
811 2800 903 2820 sena-

205 2839 262 2866 tus
279 2833 463 2876 legendum.

1003 1699 1042 1733 67
1069 1699 1178 1730 Tuum
1200 1699 1372 1738 colle-tram]
1399 1698 1544 1729 Graevius
1566 1697 1654 1727 vole-

962 1741 1017 1772 bat
1042 1741 1092 1772 Tu
1108 1748 1210 1774 luam
1232 1745 1401 1779 collegam,
1432 1741 1508 1779 quia
1531 1740 1563 1769 in
1588 1740 1651 1769 Ms.

961 1784 1077 1813 Colon.
1105 1784 1154 1814 Tu
1177 1786 1332 1822 collegam
1351 1790 1410 1813 est.
1453 1783 1516 1814 Sed
1540 1782 1596 1812 illo
1613 1787 1650 1811 tu

961 1825 1013 1855 hic
1036 1835 1100 1855 non
1117 1830 1165 1856 est
1182 1836 1261 1866 opus
1278 1827 1310 1856 in
1325 1825 1531 1855 enarratione
1548 1825 1652 1854 facto-

957 1878 1038 1897 rum.
1084 1868 1135 1898 Sic
1156 1874 1229 1907 post
1248 1874 1322 1898 tuns
1334 1867 1532 1907 parvulusjl
1564 1866 1596 1895 Si
1613 1870 1651 1896 m

956 1914 1050 1939 laum
1069 1911 1246 1950 scripsisset
1263 1912 1388 1945 Cic-em,
1406 1909 1505 1943 etiam
1523 1913 1596 1949 post
1612 1913 1649 1938 tu

956 1956 1049 1981 tunm
1059 1952 1240 1991 parvulam
1259 1952 1385 1982 misisti.
1402 1951 1482 1981 Edd.
1496 1961 1544 1991 pr.
1563 1951 1649 1982 Tum

956 1998 1062 2024 tumn.
1088 1994 1183 2024 male.

996 2037 1035 2065 68
1052 2036 1166 2066 oblitus
1180 2037 1397 2076 auspiciorum
1410 2036 1558 2074 auguria
1571 2035 1644 2075 ἃς]

955 2077 1069 2107 Delevi
1098 2079 1256 2115 armaria,
1286 2084 1318 2108 ct
1347 2088 1405 2118 pro
1427 2079 1646 2116 auspiciorum

954 2119 1037 2150 edidi
1055 2121 1202 2160 auspicia
1216 2131 1253 2150 ex
1269 2120 1357 2150 libris
1372 2120 1515 2158 antiquis
1532 2119 1645 2150 melio-

955 2161 1054 2191 ribus.
1077 2162 1129 2191 Sic
1143 2169 1175 2192 et
1191 2162 1348 2192 Graevius.
1373 2162 1528 2200 Auguria
1543 2162 1643 2193 etiam

953 2203 1024 2234 edd.
1054 2213 1102 2243 pr.
1141 2205 1273 2234 absunt.
1318 2205 1378 2234 Sed
1407 2208 1440 2233 et
1469 2204 1646 2234 nunciante

953 2255 1019 2275 non
1054 2245 1173 2285 placet.
1219 2245 1322 2276 Credo
1346 2246 1534 2277 Ciceronem
1568 2245 1646 2275 scri·

953 2288 1051 2326 psisse
1081 2298 1102 2317 a
1125 2292 1155 2317 te
1177 2289 1198 2317 i.
1227 2298 1258 2318 a.
1283 2288 1451 2317 nunciata.
1477 2296 1552 2317 nam
1582 2286 1644 2318 hoe

951 2339 1028 2360 sane
1049 2330 1120 2359 vult
1136 2330 1253 2365 dicere,
1269 2329 1407 2368 augendi
1431 2338 1553 2358 caussa.
1577 2339 1643 2360 non

952 2371 990 2401 de
1006 2377 1165 2411 tempore,
1181 2371 1235 2401 sed
1257 2371 1294 2401 de
1315 2372 1436 2401 nuncio
1458 2379 1565 2401 sermo
1581 2376 1643 2403 est.

951 2423 972 2443 a
995 2414 1153 2453 absorpsit
1176 2413 1294 2443 ultima
1316 2413 1410 2443 litera
1433 2414 1466 2442 in
1484 2414 1642 2452 auspicia.

951 2455 1079 2485 Oblivio
1088 2463 1197 2484 autem
1210 2455 1425 2494 auspiciorum
1436 2464 1473 2485 eo
1487 2456 1644 2494 pertinet,

950 2502 986 2527 ut
1002 2499 1073 2535 jam
1097 2496 1300 2526 Dolabellam
1325 2497 1509 2536 legitimum
1525 2507 1642 2527 consu-

949 2538 1012 2568 lem
1040 2544 1243 2578 agnosceret,
1267 2548 1361 2576 quem
1387 2539 1540 2569 vitiosum
1564 2545 1641 2570 ante

947 2579 1084 2616 dixerat,
1109 2581 1183 2618 quia
1205 2585 1321 2610 contra
1346 2581 1488 2621 auspicia
1511 2586 1640 2612 creatus

946 2628 1042 2659 essct,
1058 2628 1091 2652 ct
1114 2623 1180 2662 ipsc
1203 2623 1357 2662 auspicia,
1378 2633 1435 2664 per
1458 2632 1530 2661 quae
1545 2623 1641 2653 vitio-

944 2674 997 2694 sus
1012 2670 1107 2700 esset,
1124 2664 1305 2695 nunciaret.

989 2707 1030 2740 69
1053 2707 1235 2746 reipublic-(p
1259 2711 1335 2737 tuus
1344 2705 1446 2745 p.f.]
1473 2705 1640 2746 Reipubli-

948 2758 991 2778 (τε
1013 2758 1078 2778 non
1097 2754 1144 2778 est
1162 2749 1194 2777 in
1214 2748 1292 2778 Mss.
1309 2748 1508 2782 melioribus,
1525 2752 1562 2778 ut
1578 2757 1637 2780 nec

946 2790 1008 2823 (ἆυ.
1031 2791 1084 2830 qui
1117 2791 1187 2830 ejus
1222 2790 1291 2820 loco
1314 2790 1412 2820 babet
1435 2791 1637 2828 karissimus,

946 2840 983 2862 ut
1005 2837 1039 2863 et
1062 2832 1115 2864 alii
1140 2842 1200 2865 scr.
1224 2836 1256 2863 et
1285 2831 1356 2863 edd.
1385 2836 1465 2864 vett.
1509 2832 1570 2865 Sed
1601 2843 1638 2872 u.-

1783 699 1785 703 r
1783 678 1785 684 ⁴
1781 582 1785 663 -*„.„
1779 401 1785 570 ΛΜ-,ηυ
1778 368 1784 391 ο
1777 279 1785 359 ψ--·;-
1776 227 1783 271 -·—·
1779 215 1782 219 ·
1776 184 1780 205 v
1777 163 1779 166 ⁷
