1812 3147
610 84 725 122 PRO
757 85 798 121 P.
827 83 1029 122 SULLA.
1460 88 1538 128 797

95 189 200 241 ¹sime
222 188 359 244 perire
381 186 531 252 voluit,
554 196 602 227 ut
622 202 721 228 cum
748 187 944 238 Lentulo,
973 197 1014 227 ct
1039 186 1241 237 Catilina,
1262 196 1305 227 ct
1329 187 1526 245 Cethe-oo
1542 200 1573 231 b.

92 245 377 296 foedissimam
402 245 532 285 vitam
555 259 604 285 ac
626 245 923 294 miserrimam,
945 243 1243 299 wrm-pissima
1264 255 1401 285 morte
1433 261 1530 300 pro-

90 303 247 361 posita,
287 302 489 358 degeret?
542 301 643 342 Non
681 301 812 353 cadit,
845 317 948 351 nou,
991 315 1180 356 inquam,
1224 301 1339 341 cadit
1373 302 1415 342 in
1453 302 1529 344 lios

90 374 245 410 mores,
277 374 361 400 non
392 360 435 400 in
470 359 584 400 huuc
618 358 840 422 pudorem,
863 373 949 399 non
981 359 1022 398 in
1051 357 1161 399 lianc
1186 367 1284 397 vita
1279 372 1333 408 ιι
1366 373 1449 399 non
1485 361 1527 401 in

89 416 206 463 hunc
227 416 447 458 hominem
477 416 559 456 ista
580 430 784 471 suspicio.
812 431 925 457 nova
957 415 1154 478 quaedam
1184 413 1254 454 illa
1282 415 1526 457 immanitas

89 483 241 516 exorta
261 483 352 525 est3
384 473 645 515 incredibilis
670 472 754 514 fuit
785 488 835 514 ac
869 472 1095 529 singul-iris
1125 471 1268 512 fur01:
1301 486 1354 512 ex
1379 473 1524 513 multis

87 532 144 573 ab
161 531 451 580 adolescentia
471 530 662 572 collectis
685 530 948 587 perditorum
966 530 1187 570 hominum
1214 529 1326 570 vitiis
1349 541 1523 585 repente

87 596 209 637 tanta
244 589 327 630 ista
363 588 667 645 importunitas
703 588 883 628 inauditi
921 587 1089 629 secleiis
1122 586 1297 628 exarsit.
1359 587 1521 639 iNolite,
1538 587 1585 624 76

79 645 268 702 judices,
309 647 522 697 arbitrari,
564 645 789 687 hominum
829 645 947 686 illum
991 645 1200 700 impetum
1239 653 1282 684 et
1317 654 1521 686 conatum

86 702 233 751 fuisse.
256 718 394 758 neque
415 704 529 752 enim
553 702 637 744 ulla
658 717 763 758 gens
786 713 874 744 tam
898 703 1092 753 barbara,
1119 712 1193 742 aut
1213 711 1300 742 tam
1321 702 1521 744 immanis

85 775 292 816 umquam
315 762 413 812 fuit,
436 762 478 802 in
500 775 586 816 qua
607 775 694 801 non
716 760 845 801 modo
870 770 949 811 tot,
970 759 1043 802 sed
1079 774 1184 800 unus
1220 768 1307 799 tam
1341 759 1522 801 crudelis

87 817 225 865 hostis
246 818 396 874 patriae-
419 818 474 859 sit
496 819 711 859 inventus.
732 817 885 859 belluae
908 817 1106 873 quaedam
1131 815 1212 857 illae
1232 830 1286 856 ex
1312 817 1522 879 portentis

83 875 292 923 immanes
335 891 384 916 ac
427 876 545 926 ferae,
584 874 723 916 form
760 875 986 916 hominum
1028 874 1206 924 iudutae,
1248 873 1521 916 exstiterunt.

81 932 327 997 Perspicite
349 933 481 981 etiam
500 943 628 990 atque
649 933 795 983 etiam,
810 933 997 988 judices.
1028 931 1136 972 nihil
1159 932 1274 973 euim
1297 941 1376 983 est,
1407 933 1523 996 quod

80 989 127 1032 in
158 989 238 1036 hac
266 1005 394 1033 causa
428 991 514 1032 dici
546 991 680 1046 possit
706 990 1015 1031 vehementius.
1047 989 1218 1046 penitus
1253 989 1523 1045 introspicite

82 1046 302 1099 Catilinae,
321 1048 539 1098 Autronii,
564 1047 764 1103 Cethegi,
786 1046 971 1099 Lentuli,
994 1057 1321 1102 ceterorumque
1342 1057 1521 1088 mentes.

77 1119 188 1160 quas
221 1121 294 1155 vos
319 1107 363 1147 in
399 1105 465 1146 his
496 1105 710 1156 libidines,
744 1120 839 1161 quae
874 1105 1054 1161 flagitia,
1077 1119 1182 1160 quas
1215 1103 1519 1160 turpitudines,

79 1172 263 1218 ,quantas
303 1164 518 1214 audacias,
551 1178 681 1218 quam
718 1162 991 1204 incredibiles
1034 1161 1212 1213 furores,
1256 1177 1359 1218 quas
1398 1171 1521 1203 notas

78 1220 302 1271 ancletum,
324 1236 421 1277 quae
442 1221 602 1262 indicia
630 1220 974 1277 parricidiorum,
1005 1229 1188 1275 quantos
1218 1234 1392 1260 acervos
1415 1219 1521 1260 faci-

79 1291 235 1324 norum
258 1279 506 1334 reperietis?
540 1278 607 1319 Ex
631 1293 814 1334 magnis,
835 1287 878 1318 et
900 1278 1129 1328 diuturnis,
1152 1277 1299 1333 etjam
1323 1277 1519 1333 despera-

79 1334 136 1381 tis
158 1336 407 1392 reipublicae
431 1337 592 1378 morbis
624 1336 705 1376 ista
738 1345 912 1392 repente
938 1336 999 1376 vis
1021 1336 1062 1370 96
1075 1336 1232 1391 erupit,
1260 1345 1322 1387 ut,
1344 1349 1394 1375 ea
1416 1350 1520 1376 con-

78 1392 196 1438 fecta
215 1403 259 1439 et
283 1394 437 1449 ejecta,
459 1393 757 1435 convalescere
774 1393 1004 1448 aliquando
1023 1402 1067 1433 et
1085 1393 1222 1434 sanari
1246 1393 1398 1433 civitas
1422 1407 1520 1448 pos-

75 1459 160 1495 set.
191 1465 326 1506 neque
349 1452 462 1500 enim
484 1462 550 1493 est
582 1451 824 1506 quisquam,
846 1451 920 1507 qui
954 1450 1198 1501 arbitretur,
1226 1449 1307 1490 illis
1343 1449 1516 1491 inclusis

79 1507 125 1549 in
147 1508 368 1563 republica
392 1510 598 1564 pestibus,
612 1508 775 1550 diutius
797 1508 893 1550 haec
916 1517 1026 1549 stare
1048 1509 1254 1563 potuisse.
1277 1507 1420 1562 itaque
1443 1522 1516 1548 eos

77 1579 166 1610 non
189 1567 240 1607 ad
263 1566 572 1622 perficiendum
594 1566 746 1630 scelus,
767 1566 840 1608 sed
873 1566 942 1607 ad
950 1566 1125 1607 luendas
1148 1565 1396 1630 reipublicae
1421 1580 1558 1635 poe's)

56 1637 166 1678 4135,
190 1622 330 1665 Fuiiae
359 1625 559 1679 quaedam
580 1623 911 1674 incitaverunt..
945 1622 997 1664 In
1028 1623 1143 1664 hunc
1177 1623 1310 1679 igitur
1341 1637 1514 1679 gregem
1531 1602 1598 1649 (28

78 1695 155 1722 vos
177 1695 292 1723 nunc
327 1680 376 1722 P.
401 1681 578 1733 Sullam,
600 1681 787 1736 judices,
809 1696 863 1723 ex
880 1681 978 1733 his,
1008 1681 1086 1736 qui
1118 1696 1217 1722 cum
1250 1657 1366 1721 hoct>
1366 1657 1579 1721 ιίνυιιιῗῗ

72 1747 205 1794 atque
229 1738 444 1790 vixerunt,
474 1739 876 1781 honestissimorum
910 1739 1136 1782 hominum
1165 1738 1387 1794 gregibuS,
1419 1739 1518 1793 reji-

69 1795 224 1841 cletis?
243 1810 301 1841 ex
323 1796 407 1842 hoc
430 1797 656 1838 hominum
678 1812 871 1848 numero,
895 1811 949 1838 ex
967 1797 1048 1839 hac
1064 1796 1264 1842 familiari
1289 1796 1516 1852 dignitate,

73 1852 119 1896 in
142 1854 372 1909 impiorum
397 1864 613 1910 partem,
600 1866 729 1910 atque
760 1855 803 1896 in
836 1854 1145 1919 parricidarum
1177 1864 1344 1895 coetum
1367 1868 1416 1893 ac
1439 1868 1517 1894 nu-

72 1924 239 1955 merum
260 1911 552 1957 transferetis?
586 1913 672 1954 Ubi
695 1912 777 1953 erit
797 1912 931 1968 igitur
960 1912 1065 1954 illud
1098 1911 1381 1953 fortissimum
1406 1925 1547 1976 prae-a

72 1967 233 2014 sidium
257 1969 458 2024 pudoris?
489 1984 575 2025 quo
598 1971 641 2011 in
664 1970 760 2011 loco
783 1971 908 2011 nobis
935 1971 1020 2012 vita
1051 1979 1150 2010 ante
1177 1978 1274 2021 acta
1294 1957 1559 2032 p1·odeiit?'

66 2025 194 2090 qnod
210 2025 266 2071 ad
287 2037 456 2083 tempus
486 2027 822 2068 existimationis
845 2037 980 2084 partae
1014 2027 1180 2068 fructus
1210 2025 1512 2077 reservabitur,

64 2085 113 2126 ,97
126 2083 162 2125 si
185 2083 227 2125 in
249 2094 445 2126 extremo
467 2084 716 2149 discrimine
735 2100 787 2127 ac
804 2085 1085 2127 dimicatione
1111 2083 1298 2126 fortunae
1317 2082 1513 2125 deseme-

67 2139 158 2182 ωῐίῐὲ
189 2141 222 2185 si
252 2156 350 2187 non
381 2142 549 2189 aderit?
581 2142 615 2183 si
649 2142 760 2184 nihil
789 2143 1042 2198 adjuvabit?
1074 2142 1350 2206 Quaestiones
1389 2138 1576 2182 ιιοὺι573

66 2210 356 2246 servorumaic
377 2208 594 2245 tormenta
613 2208 838 2242 accusator
859 2201 1105 2241 minitatur.
1128 2200 1343 2255 inquibus
1365 2213 1516 2254 quam-

69 2267 202 2308 quam
223 2256 331 2302 nihil
363 2256 542 2313 periculi
576 2258 870 2314 suspicamur3
905 2267 1047 2298 tamen
1082 2257 1153 2298 illa
1187 2266 1402 2297 tormenta
1436 2271 1515 2313 gu-

77 2310 227 2354 bernat
259 2313 395 2379 dolor,
418 2315 664 2357 moderatur
693 2325 846 2356 natura
879 2315 1090 2371 cujusque
1126 2326 1217 2355 tum
1252 2314 1399 2364 animi,
1423 2323 1517 2354 tum

72 2371 278 2425 eorporis,
300 2372 412 2428 regit
433 2373 655 2428 quaesitor,
676 2373 815 2413 flectit
836 2372 986 2424 libido,
1007 2371 1246 2427 corrumpit
1269 2386 1379 2427 spes,
1398 2370 1518 2411 infir-

71 2435 162 2471 mat
182 2437 336 2482 metus,
357 2437 407 2471 ut
426 2434 466 2465 98
482 2429 525 2470 in
545 2439 611 2471 tot
629 2444 769 2471 rerum
786 2431 998 2487 angustiis
1022 2430 1130 2472 nihil
1149 2429 1320 2471 veritati
1344 2428 1429 2470 loci
1453 2442 1517 2469 re-

1529 1914 1560 1944 p.
1576 1905 1644 1934 182.

110 2575 151 2606 95
174 2578 262 2614 turp.
291 2580 394 2606 morte
409 2576 591 2619 prqposita]
628 2576 668 2608 In
702 2587 766 2617 qua
808 2576 872 2607 Ms.
883 2576 935 2607 Fr.
945 2577 1093 2608 Graevius
1103 2577 1235 2608 deseret.
1251 2575 1331 2607 Edd.
1341 2586 1390 2617 pr.
1403 2576 1521 2606 desem-

68 2614 137 2650 rita
159 2618 348 2656 turpissima
374 2627 462 2650 mors
498 2620 695 2651 imminebat
728 2630 767 2650 ac
811 2623 868 2650 tm
889 2619 940 2650 vel
953 2620 1106 2657 deseruit,
1120 2629 1220 2660 quaee
1237 2618 1430 2659 compendio
1443 2618 1522 2648 sen·-

67 2659 242 2690 metuenda
256 2670 306 2690 er
301 2666 337 2690 t.
812 2661 910 2692 bendi
937 2667 1012 2693 orta
1038 2666 1130 2699 sunt,
1145 2666 1185 2692 ut
1209 2662 1330 2692 deseret
1352 2671 1368 2691 e
1391 2661 1522 2690 confor-

111 2699 153 2734 96
173 2702 292 2742 erupit,
318 2703 513 2744 tlt—posset]
531 2704 585 2735 Sic
609 2703 694 2734 edidi
709 2713 768 2744 pro
811 2704 959 2735 mationa
993 2715 1067 2735 cum
1105 2705 1327 2744 sequentibus.
1375 2704 1521 2733 Fortuna

70 2740 204 2781 vulgato
215 2745 323 2782 possit.
814 2757 882 2778 non
897 2746 1001 2783 adest,
1016 2757 1091 2777 cum
1104 2747 1258 2778 deseruit.

114 2786 154 2818 97
179 2785 256 2814 εἱ-
266 2786 457 2828 deseruerit]
496 2788 549 2819 Sic
583 2793 670 2820 recte
697 2787 770 2820 edd.
856 2792 897 2824 98
914 2790 1006 2820 into!
1017 2787 1319 2827 remmangustiie]
1333 2787 1523 2826 Eleganter.

69 2824 166 2855 Iunt.
193 2826 262 2857 Ald.
282 2828 316 2858 P.
333 2829 477 2860 Manutii
493 2831 552 2862 ἃς.
574 2830 690 2862 Lamb.
707 2835 772 2861 ete
816 2841 892 2862 c-um
915 2836 968 2864 tot
990 2832 1086 2862 malis
1109 2832 1239 2862 animus
1262 2833 1346 2870 ejus,
1376 2831 1429 2868 qui
1457 2837 1526 2860 tor·

132 2882 239 2911 VOL.
265 2884 318 2912 11.
353 2886 394 2913 P.
419 2887 474 2914 11.
770 2880 846 2916 SG
