1785 3185
190 120 297 154 1456
613 113 993 154 ANTEQUAM
1034 112 1201 152 1RE'1·

187 220 310 261 illum
344 218 412 259 M.
446 216 651 270 Tullium,
688 218 910 260 custodem
945 218 1077 267 urbis,
1110 217 1379 258 defensorem
1418 216 1628 267 omnium,

187 287 357 341 patrem
375 275 565 340 *patri-ae:
598 285 641 316 at
662 286 777 317 certe
808 275 1006 330 reliquias
1036 274 1193 316 Tullii:
1226 274 1354 315 liceat
1384 274 1426 315 in
1449 287 1632 330 conspe-

190 345 265 375 ctu
301 333 477 383 civium,
501 347 542 372 in
576 332 657 374 hac
681 330 800 384 urbe,
836 347 965 387 quam
996 346 1051 373 ex
1085 331 1390 387 parricidarum
1431 330 1630 372 faucibus

191 391 366 446 eripuit,
398 404 628 440 remanere,
659 399 774 431 tecta
804 404 1013 439 oninium,
1044 388 1145 429 fana
1172 388 1366 439 deorum,
1388 389 1634 429 universam

193 448 340 488 videre
365 447 552 503 periculo
576 446 798 488 liberatam
823 461 898 486 suo
916 446 1159 487 civitatem.
1185 446 1312 486 liceat
1333 460 1386 486 ex
1410 445 1490 487 hac
1510 445 1633 486 flam-

193 519 267 546 ma
296 504 478 554 evolare,
501 505 737 559 praesentim
767 504 839 559 qui
872 503 1007 544 illud
1000 504 1178 559 impium
1211 503 1456 543 incendium
1491 501 1634 558 perdi-

196 571 339 602 torum
376 561 598 602 hominum
629 561 827 616 lacrymis
859 561 1002 616 potius
1026 574 1145 609 meis,
1167 575 1292 614 quain
1329 559 1538 615 sanguine
1562 573 1634 599 ve-

197 630 286 660 stro
320 618 526 675 restingui
561 618 706 659 malui.
766 618 920 673 Reque
942 632 1056 658 enlm
1081 626 1195 672 peto,
1229 629 1276 657 ut
1298 594 1433 657 mihio
1439 616 1548 657 detis
1571 616 1635 656 vi-

197 685 312 717 tam:
347 676 418 716 sed
451 677 595 716 datam
630 684 792 731 repeto,
822 686 869 715 ut
900 675 1102 715 reddatis.
1162 674 1206 715 Si
1242 673 1496 715 meministis
1519 672 1635 728 quod

202 733 316 785 dedi,
339 748 414 773 vos
446 747 530 773 non
561 732 727 774 debetis
757 732 971 782 oblivisci,
994 731 1063 772 sed
1096 732 1345 781 retribuere,
1367 730 1483 787 quod
1505 730 1636 771 debe-

157 788 274 836 4tis.
335 790 438 840 Vos,
462 804 536 829 vos
558 790 766 840 obtestor,
796 789 855 829 dii
889 788 1165 839 immortales,
1184 789 1270 853 ..qui
1285 802 1391 829 meae
1415 787 1547 828 menti
1571 786 1637 828 lu-

167 847 321 894 9mina
359 846 623 902 praetulistis,
655 861 752 887 (um
793 860 1047 887 consensum
1082 845 1272 886 exstinxi
1308 843 1636 900 conjurationis,

202 918 429 959 arcemque
452 918 500 944 ur
508 903 568 944 bis
591 904 645 944 ab
677 903 876 944 incendio
898 919 947 944 ac
978 903 1152 944 flamma
1173 902 1365 953 liberavi,
1396 902 1638 957 liberosque

199 972 365 1002 vestros
394 975 418 1002 e
440 961 605 1016 gremio
627 969 669 1001 et
703 960 933 1015 complexu
957 969 1141 1001 matrum
1175 961 1227 1001 ad
1250 960 1413 1001 caedem
1438 969 1481 1000 et
1513 973 1639 999 cruo-

201 1033 290 1059 rem
323 1033 409 1059 non
443 1032 536 1058 sum
570 1033 717 1081 ρηιι55ιι5
751 1017 957 1058 abstrahi.
1020 1017 1136 1058 Num
1171 1018 1303 1073 ioitur
1325 1027 1465 1081 pmotest
1489 1015 1580 1056 fieri
1613 1029 1640 1056 a

201 1076 433 1116 clientibus
455 1085 503 1116 ut
523 1089 835 1130 1·ec1piar,cum
860 1090 885 1115 a
906 1075 1061 1130 quibus
1080 1075 1257 1115 debeam
1284 1075 1469 1124 retineri,
1488 1072 1639 1128 rejice-

201 1147 247 1174 re
279 1133 530 1173 instituant?
563 1132 676 1173 Socii
702 1147 787 1187 quo
806 1131 991 1188 fugiant,
1013 1146 1109 1173 cum
1131 1132 1271 1172 aditus
1294 1131 1462 1172 custodi
1487 1130 1638 1186 patriae

203 1190 437 1246 praeclusus
476 1190 558 1230 sit?
619 1165 880 1236 Quomodo*
891 1204 986 1245 spes
1025 1189 1171 1230 salutis
1210 1188 1382 1244 reliquis
1417 1187 1637 1238 residebit,

202 1262 302 1288 cum
324 1247 492 1288 civibus
516 1246 723 1302 praeclusa
745 1247 800 1286 sit
820 1256 1012 1303 exspect
1002 1246 1088 1286 {tio
1111 1245 1447 1287 incolumitatis?
1480 1244 1573 1286 Pax
1596 1254 1640 1285 et

204 1304 436 1345 concordia
457 1304 673 1344 extraneis
704 1304 920 1359 gignetur,
943 1318 1039 1344 curn
1057 1304 1149 1358 jam
1172 1303 1420 1344 domesticis
1453 1317 1539 1344 non
1573 1301 1639 1343 in-

144 1366 194 1398 10
206 1360 356 1412 sideat,
371 1361 439 1401 sed
460 1360 631 1417 publice
653 1361 894 1416 ριοιίἀειιῐί
915 1361 1147 1425 eripiatur?
1188 1360 1300 1401 Nam
1323 1360 1425 1415 quid
1447 1374 1530 1416 ego
1558 1359 1638 1400 im-

204 1420 439 1474 proborum
463 1419 576 1459 facta
602 1432 800 1458 renovem
823 1419 1102 1469 ‹›1atione,ut
1132 1417 1505 1473 redindegratione
1527 1415 1639 1457 illius

204 1490 370 1540 conJur‹
361 1476 517 1516 ationis
540 1476 705 1516 animos
730 1476 942 1516 vulnerem
965 1478 1154 1516 xestros?
1213 1475 1438 1516 Auxilium
1461 1474 1515 1515 ab
1538 1473 1639 1514 alie-

201 1534 268 1573 nis
291 1533 556 1589 είἨιιο·ὶῑιιὶιο,
579 1547 676 1573 cum
701 1533 814 1573 cives
850 1543 1009 1572 vestros
1032 1533 1263 1573 deseratis?
1324 1532 1548 1573 Sociorum
1574 1530 1640 1570 in-

203 1604 352 1630 vocem
379 1565 631 1639 subsidiiun,
665 1604 762 1630 cum
795 1606 819 1629 ιι
849 1590 1017 1630 civibus
1050 1589 1325 1630 interclusum
1360 1589 1415 1630 sit
1448 1587 1642 1645 praesidi-

202 1651 304 1688 um?
366 1648 508 1694 Quam
539 1647 676 1687 colere
707 1658 878 1701 gentem
904 1662 1017 1687 nunc
1041 1647 1290 1688 instituam?
1324 1657 1465 1687 utrum
1491 1655 1537 1686 ut
1565 1660 1640 1686 cu-

205 1714 294 1744 stos
316 1705 517 1769 acciffliai,
535 1719 587 1744 an
609 1714 653 1744 ut
671 1704 864 1759 proditor
881 1704 1048 1744 exclud
1041 1704 1158 1745 tir?si
1183 1714 1229 1744 ut
1246 1712 1545 1745 conservator:
1571 1716 1643 1743 ve-

207 1771 278 1802 stra
280 1778 292 1802 ι
308 1761 611 1818 eritignomini
617 1777 654 1801 a.
670 1762 731 1801 sin
749 1772 795 1802 ut
816 1771 1115 1817 oppugnator:
1141 1761 1320 1817 praecisa
1337 1770 1462 1801 erunt
1484 1760 1644 1801 omnia.

146 1817 360 1873 lllraque
379 1819 494 1874 quod
519 1819 665 1874 putavi
700 1818 791 1859 fore
814 1819 1034 1872 fraudium,
1057 1819 1098 1859 id
1131 1819 1301 1859 exstitit
1333 1818 1532 1859 exitium.
1584 1816 1647 1868 Si,

205 1875 412 1940 Quirites,
431 1875 641 1916 eundem
631 1890 674 1916 ln
694 1885 932 1916 ceterorum
953 1875 1151 1931 periculis
1169 1875 1422 1916 haberemus
1439 1875 1647 1925 animum,

205 1948 332 1988 quern
357 1935 398 1974 in
435 1934 590 1973 nostris
619 1933 962 1997 difficultatibuS‚
994 1943 1035 1973 et
1059 1948 1136 1989 pro
1162 1933 1515 1974 innocentissimo
1537 1946 1645 1986 quo-

204 2006 288 2045 que
311 2004 598 2046 propuonare,
615 1998 657 2030 et
681 1990 1032 2031 nocentissimum
1058 2005 1271 2054 quemque
1294 2002 1546 2054 oppugnare
1568 2003 1647 2029 no-

204 2048 272 2087 bis
310 2048 582 2088 utilissimum
616 2061 706 2087 esse
738 2048 1056 2098 arbitraremur,
1078 2057 1120 2088 et
1145 2062 1179 2087 51
1203 2061 1300 2088 cum
1324 2047 1478 2103 optimi
1502 2045 1648 2101 cujus·

206 2119 290 2169 que
310 2106 435 2145 iebus
458 2104 644 2144 :·1(lversis
668 2114 857 2144 nostram
882 2104 1077 2154 salutem,
1097 2119 1195 2145 cum
1218 2105 1545 2145 deterrimorum
1569 2103 1648 2144 ho-

207 2162 370 2206 minum
395 2162 606 2211 secundis,
629 2173 775 2201 nostra
799 2162 986 2217 pericula
1012 2173 1258 2218 putaremus
1279 2162 1540 2226 conjuncta:
1563 2159 1648 2201 fre·

206 2229 384 2273 (luentes
423 2219 615 2282 prolecto
649 2218 804 2259 talibus
838 2234 930 2258 con·
923 2219 1064 2259 atibus
1095 2221 1267 2260 obviarn
1303 2219 1363 2259 ire
1391 2219 1646 2259 niteremur.

205 2291 345 2330 neque
377 2277 532 2331 partim
565 2276 812 2319 innocentia
844 2277 956 2326 freti,
979 2276 1131 2332 partim
1165 2275 1392 2317 nobilitate
1422 2275 1529 2325 nixi,
1554 2289 1648 2330 par-

208 2333 284 2374 tim
317 2334 512 2397 potentia
545 2348 593 2372 at·
617 2333 893 2373 multitudine
926 2348 1162 2374 amicorum
1187 2333 1299 2384 fulti,
1322 2348 1419 2374 cum
1444 2330 1648 2396 perfacile

205 2392 550 2430 existimaremus
581 2390 917 2430 adv-ersniorum
943 2391 1030 2430 tim
1055 2406 1104 2431 ac
1131 2390 1363 2431 factionem
1387 2405 1412 2430 a
1434 2388 1560 2429 nobis
1582 2403 1649 2429 re-

206 2448 305 2502 pelli
342 2461 479 2502 posse,
511 2447 654 2487 subito
688 2447 767 2502 ipsi
801 2447 926 2487 simili
952 2448 1141 2502 periculo
1173 2450 1260 2489 cin:
1267 2447 1472 2496 umventi,
1496 2447 1538 2486 in
1572 2459 1650 2486 no·-

209 2515 298 2544 stro
321 2514 473 2544 eventu
498 2503 676 2545 aliorum
707 2504 1026 2545 reminiscentes
1049 2520 1170 2545 casus
1177 2506 1301 2559 ,jure
1324 2505 1364 2544 id
1387 2503 1513 2544 nobis
1536 2503 1651 2544 acci-

163 2560 310 2608 btlere
333 2562 562 2615 ηεῳιίοῳιι
550 2576 616 2602 um
641 2574 926 2615 querernemui
970 2562 1080 2608 Quis
1103 2562 1216 2602 enirn
1240 2571 1318 2612 est,
1343 2560 1552 2610 Quirites,
1574 2559 1651 2615 qui

149 2633 340 2669 12nune,
373 2633 469 2658 cum
514 2618 785 2658 inimieorum
825 2628 1067 2659 nostrorum
1109 2620 1195 2659 vim
1231 2629 1360 2673 atque
1398 2617 1650 2658 violentiam

211 2676 456 2730 perspiciat,
479 2676 638 2729 quique
670 2674 862 2715 nostrum
898 2677 1036 2731 ipsum
1072 2675 1477 2739 periculosissimum
1502 2687 1651 2715 casum

208 2743 507 2788 recognoscat,
530 2748 602 2787 qui
637 2747 722 2772 non
757 2733 837 2772 sibi
874 2749 923 2773 ne
956 2734 1043 2773 suis
1072 2733 1242 2774 diffidat
1274 2732 1486 2773 fortunis?
1548 2731 1650 2777 Quo

208 2790 324 2830 enim
348 2803 390 2829 se
422 2789 523 2829 satis
556 2799 697 2830 tutum
729 2790 1008 2830 arbitrabitur
1030 2790 1258 2846 piaeffldio
1251 2792 1263 2820 Ρ
1300 2789 1473 2831 virtutis
1493 2795 1537 2828 et
1558 2787 1652 2842 glo-

209 2847 311 2889 xiae.
305 2849 317 2877 Ρ
349 2846 410 2887 At
431 2861 481 2887 ea
500 2861 576 2887 nos
598 2847 693 2902 ipsa
714 2845 798 2888 hoc
821 2856 1013 2904 tempore
1036 2857 1309 2904 oppugnant.
1361 2844 1652 2888 Multitudine
