1785 3185
398 104 749 145 PHILIPPICA
775 103 1248 145 TERTI-ADECIMA.
1445 106 1549 142 1433

105 218 197 253 est:
229 224 359 266 quam
380 209 529 252 consul
561 210 823 266 designatus,
855 224 981 265 quem
1004 215 1254 272 oppugnat,
1286 220 1414 261 quam
1439 205 1545 248 Mu-

109 268 214 332 tina,
245 281 373 323 quam
397 267 591 308 obsidet.
632 281 760 322 quam
784 267 936 322 patria,
967 268 1090 306 9¹cu1
1123 266 1265 320 ignem
1299 264 1543 319 ferrumque

104 325 344 366 minitatur.
407 322 511 364 Cum
536 323 733 375 venerint,
757 338 844 379 qaae
869 321 1091 377 postulent,
1113 335 1360 377 comtoscam.
1421 321 1540 367 Quin
1554 326 1605 364 48

109 391 154 422 tu
188 381 280 422 abis
312 381 356 421 in
385 380 538 421 malam
575 389 755 436 pestem,
787 380 1032 434 malumque
1070 379 1336 419 cruciatum?
1388 376 1457 418 Ad
1500 387 1542 420 te

107 438 335 494 quisquam
365 438 523 489 veniat,
557 437 638 478 nisi
675 437 865 478 Ventidii
903 435 1080 477 similis?
1123 434 1263 476 oriens
1297 434 1545 477 incendium

107 510 181 550 qui
200 496 529 551 restinguerent,
550 509 738 535 summos
760 495 870 536 viros
894 493 1115 534 misimus:
1139 490 1397 555 repudiasti:
1427 505 1546 533 nunc

107 566 152 592 111
196 560 359 593 tantam
396 551 627 603 flammam,
665 560 837 607 tamque
869 551 1150 592 inveteratam
1181 549 1418 599 mittamus,
1445 563 1546 591 cum

107 607 252 650 locum
284 609 362 650 tibi
394 608 610 672 reliquum
634 623 721 650 11011
752 608 881 650 1110ἀο
910 607 964 648 ad
995 620 1161 663 pacem,
1183 605 1256 646 sed
1278 619 1338 646 ne
1352 605 1405 646 ad
1427 605 1547 648 dedi-

112 666 276 706 tionem
299 665 471 721 quidem
491 664 670 708 feceris?

170 721 298 764 Hanc
320 737 402 779 ego
423 722 678 787 epistolam,
688 731 829 778 patres
851 719 1101 776 conscripti,
1123 734 1211 761 non
1232 733 1318 774 quo
1340 718 1458 760 illum
1481 717 1546 761 di-

117 793 252 834 gnum
275 788 484 842 putarem,
506 779 697 830 recitavi,
720 779 792 820 sed
814 788 862 820 ut
883 777 1256 819 confessionibus
1246 777 1379 832 ipsius
1401 776 1548 818 omnia

113 836 330 891 patefacta
364 851 455 900 ejus
490 836 717 892 parricidia
752 836 966 877 videretis.
1029 834 1141 876 Cum
1177 834 1260 875 hoc
1299 847 1448 889 pacem
1478 833 1545 875 Μ.
1557 838 1609 876 49

114 893 316 957 Lepidus,
337 893 400 934 vir
413 893 708 934 ornatissimus
727 893 926 934 omnibus
948 892 1120 933 virtutis
1138 900 1182 932 et
1202 891 1387 933 fortunae
1409 892 1547 944 bonis,

117 949 151 990 si
174 950 267 992 haec
291 949 454 991 videret
473 950 671 1005 denique,
693 960 768 991 aut
798 950 935 1000 vellet,
959 957 1033 990 aut
1064 948 1154 990 fieri
1178 962 1303 1005 posse
1323 949 1554 990 arbitiare-

112 1015 182 1048 tur
197 1009 210 1049 ?
240 1010 320 1042 92“
337 1005 466 1048 Prius
485 1006 826 1062 undisflamma‚”
848 1016 896 1048 ut
913 1007 974 1047 ait
996 1005 1138 1062 poeta,
1160 1007 1304 1047 nescio
1326 1007 1436 1060 quis,
1465 1008 1552 1061 pii-

115 1078 164 1104 us
182 1057 367 1130 denique
392 1065 550 1116 omnia,
572 1079 701 1120 quam
733 1074 807 1106 aut
837 1078 936 1106 cum
967 1062 1169 1104 Antoniis
1200 1063 1454 1119 respublica,
1476 1072 1553 1105 aut

116 1127 214 1163 cum
234 1121 455 1186 republica
476 1121 656 1163 Antonii
681 1121 890 1163 redeant
883 1136 925 1162 m
947 1121 1144 1177 gratiam.
1208 1120 1410 1162 Monsna
1432 1135 1554 1175 quae-

111 1178 209 1219 dam
232 1187 332 1220 sunt
351 1179 446 1229 ista,
467 1189 510 1220 et
533 1188 745 1244 portenta,
768 1187 811 1220 et
832 1178 1030 1235 prodigia
1052 1177 1316 1242 reipublicae..
1377 1177 1556 1220 Moveri

116 1235 289 1277 sedibus
312 1235 397 1277 suis
420 1236 544 1278 huic
552 1237 646 1278 urbi
671 1236 820 1277 melius
839 1244 917 1286 est,
940 1238 980 1269 93
993 1243 1122 1290 atque
1143 1233 1260 1285 alias,
1280 1236 1314 1275 si
1337 1235 1428 1275 fie1i
1455 1250 1553 1291 pos-

115 1292 184 1343 sit,
208 1303 339 1333 terras
372 1293 625 1349 demigrare,
648 1294 760 1335 unde
792 1292 1083 1334 Antoniorum
1115 1306 1194 1332 nec
1224 1291 1353 1344 iacta,
1374 1307 1454 1334 nec
1476 1307 1554 1333 no-

117 1364 214 1392 men
234 1351 332 1391 audi
337 1359 395 1402 a,t
414 1365 543 1406 quam
566 1350 675 1416 illos,
693 1350 878 1392 Caesaris
901 1350 1058 1391 virtute
1074 1348 1250 1404 ejectos,
1269 1348 1392 1390 Bruti
1414 1358 1559 1391 ieten-.

116 1416 198 1458 tos,
233 1407 346 1449 intra
366 1383 462 1449 liaec
492 1408 657 1449 moenia
689 1408 844 1449 videle.
905 1406 1239 1462 Optatissimum
1272 1415 1337 1447 est
1358 1407 1555 1448 vincerze

115 1464 351 1506 secundum
380 1474 459 1516 est,
482 1464 647 1507 nullum
678 1479 823 1507 casum
847 1479 923 1521 pro
945 1464 1159 1520 dignitate
1191 1474 1234 1505 et
1260 1463 1383 1505 liber
1373 1475 1457 1505 ate
1480 1480 1555 1520 pa·-

115 1521 181 1562 tri
174 1537 209 1563 e
233 1536 317 1563 non
339 1521 561 1564 ferendum
594 1532 759 1579 putare.
789 1522 907 1577 quod
936 1521 1147 1576 reliquum
1168 1531 1248 1572 est,
1269 1536 1355 1562 non
1378 1532 1443 1563 est
1471 1531 1556 1562 ter-

117 1580 240 1629 tium,
261 1579 332 1620 sed
358 1588 620 1636 postremum
641 1580 851 1630 omnium,
870 1579 1106 1621 maximam
1129 1579 1438 1635 turpitudinem
1463 1594 1554 1620 sus-

115 1636 259 1692 cipere
282 1636 382 1678 vitae
405 1637 657 1702 cupiditate.
683 1638 794 1684 Quae
817 1651 915 1678 cum
939 1636 999 1677 ita
1015 1635 1113 1687 sint,
1130 1636 1183 1677 de
1205 1636 1416 1678 mandatis
1438 1637 1552 1678 litte·
1566 1648 1620 1682 50

118 1708 261 1748 risque
279 1693 345 1734 M.
372 1693 540 1749 Lepidi,
564 1695 640 1735 viri
663 1693 901 1746 clarissimi,
925 1692 1106 1734 Servilio
1128 1694 1360 1737 assentior:
1403 1704 1446 1735 et
1468 1693 1597 1737 110οΡ·
1611 1697 1686 1729 253·

116 1750 299 1806 amplius
329 1765 498 1802 censeo,
521 1750 737 1807 Magnum
761 1751 1033 1807 Pompeium,
1057 1750 1181 1792 Cnaei
1203 1751 1355 1802 filium,
1377 1766 1457 1807 pro
1479 1750 1595 1807 pa-a·

118 1808 193 1848 tris
215 1822 515 1872 majorumque
537 1823 710 1852 suorum
739 1823 883 1849 annno
903 1808 1162 1863 studioque·
1154 1823 1196 1849 m
1229 1809 1556 1865 rempublicam,

118 1877 280 1920 suaque
313 1865 493 1921 pristina
525 1866 696 1918 virtute,
725 1865 950 1916 industria,
986 1865 1220 1916 voluntate,
1254 1866 1419 1918 fecisse,
1442 1867 1558 1922 quod

117 1937 253 1973 suam,
282 1936 531 1978 eorumque,
552 1938 660 1978 quos
694 1937 837 1965 secum
871 1922 1062 1974 haberet,
1085 1937 1260 1980 operam
1282 1924 1448 1964 senatui
1481 1938 1560 1980 po-

120 1979 309 2036 puloque
349 1979 549 2021 Romano
586 1980 801 2036 pollicitus
836 1990 960 2030 esset,
983 1994 1163 2034 eamque
1182 1995 1268 2022 rem
1294 1981 1459 2022 senatui
1483 1996 1562 2042 pp-¹

118 2037 307 2092 puloque
342 2036 540 2078 Romano
575 2050 743 2094 gratam
778 2046 1087 2093 acceptamque
1121 2052 1226 2101 esse,
1248 2038 1373 2094 eique
1406 2032 1562 2083 honori

117 2093 408 2150 dignitatique
428 2109 521 2135 eam
546 2109 632 2136 rem
658 2094 763 2136 fore.
825 2094 925 2136 Hoc
947 2094 1011 2135 vel
1040 2094 1249 2152 conjungi
1269 2110 1368 2136 cum
1390 2095 1474 2137 hoc
1497 2110 1562 2137 se-

119 2163 246 2192 nitus
275 2150 474 2192 consulto
503 2152 618 2203 licet,
642 2152 708 2193 vel
740 2151 909 2208 sejunoi
943 2160 1099 2207 potest,
1123 2153 1438 2208 separatimque
1470 2168 1564 2210 per-

117 2208 346 2307 scribi,dut
382 2210 555 2265 proptio
594 2219 764 2252 senatus
796 2209 993 2252 consulto
1034 2208 1268 2266 Pompeius
1297 2209 1564 2253 collaudatus

119 2280 211 2307 esse
233 2281 272 2307 vl
308 2275 442 2308 eatur.

160 2399 194 2429 9]
220 2397 276 2425 cui
299 2394 536 2436 ignifer-reque
563 2395 754 2435 minitatur]
772 2396 823 2435 ig·
867 2397 953 2427 novi.
998 2396 1124 2427 Similia
1138 2402 1252 2428 tamen
1265 2401 1343 2428 sunt
1358 2398 1445 2438 apud
1460 2398 1568 2440 Virgi-

117 2437 398 2477 naemsermmque
421 2439 549 2468 edidere
574 2438 730 2476 Faernus,
745 2439 822 2469 Mu-
867 2438 948 2469 lium
961 2442 995 2467 et
1009 2439 1102 2469 alios.

119 2486 221 2516 retus,
240 2480 331 2510 Man.
348 2480 464 2510 Lamb.
481 2481 638 2517 Graevius,
655 2482 708 2519 qui
729 2481 775 2510 sic
789 2485 824 2511 et
908 2483 948 2516 93
982 2484 1078 2520 atque
1104 2482 1282 2512 allas—tei
1283 2491 1340 2512 ras
1363 2482 1568 2524 demigrare}

121 2523 155 2552 111
172 2521 280 2552 codice
297 2531 355 2552 suo
382 2523 556 2553 veterrimo
581 2524 735 2563 repperit.
752 2523 822 2552 haec
867 2523 909 2553 In
924 2523 1047 2553 addunt
1063 2528 1140 2554 ante
1156 2528 1264 2554 terras
1285 2524 1356 2554 edd.
1378 2530 1460 2556 vett.
1477 2528 1571 2556 resti

118 2564 225 2594 forma
235 2569 285 2594 est
299 2574 350 2603 ap.
364 2565 432 2595 Cic.
447 2566 546 2596 Catil.
562 2565 607 2604 II,
624 2567 650 2596 l.
668 2565 823 2596 Imitatus
866 2566 996 2604 tuitque
1021 2566 1180 2597 Graevius.
1203 2567 1298 2596 male.
1342 2566 1496 2598 Imitatus
1520 2572 1572 2600 est

121 2615 194 2636 sum
207 2607 274 2641 eius
286 2607 486 2646 exemplum.
868 2608 982 2638 Cicero
1008 2611 1154 2648 poetam,
1170 2608 1257 2638 undo
1270 2612 1382 2638 totum
1397 2608 1459 2640 hoc
1480 2620 1572 2641 sum·

163 2651 205 2683 92
229 2648 333 2679 Pn'us
348 2649 611 2689 undisflamma]
635 2649 654 2679 1.
676 2649 824 2680 miscebi-
868 2655 941 2680 tum
973 2655 1035 2686 est,
1059 2661 1156 2690 quem
1181 2655 1214 2680 et
1242 2651 1397 2690 Virgilius
1420 2652 1571 2683 imitatur

122 2694 189 2722 tur.
220 2691 272 2721 Sic
287 2701 345 2731 pro
366 2691 499 2731 vulgato
516 2692 827 2732 undasflammam-
869 2693 945 2723 ΖΕΗ,
963 2695 995 2728 3,
1012 2693 1085 2724 6012
1105 2702 1312 2734 quascunque
1331 2693 1481 2726 abducite
1505 2698 1571 2725 ter-

122 2743 183 2772 que
197 2733 282 2764 edidi
298 2743 371 2763 cum
391 2733 529 2769 Faerno,
546 2734 679 2764 Murem
694 2735 751 2764 &c.
768 2735 829 2764 Po·
870 2745 927 2766 ras
941 2735 1000 2766 &c-

123 2779 226 2813 Etam,
245 2775 330 2805 uude
351 2775 425 2813 hoc,
452 2785 519 2807 uon
542 2777 644 2816 magis
670 2776 829 2808 Cicerone
