1785 3185
367 110 715 149 PHILIPPICA
739 110 1213 151 TERTlADECIMAt

1411 115 1511 152 1419

89 214 262 268 fecerat,
282 219 323 249 25
337 227 384 259 ut
406 219 589 274 primuni
624 219 759 268 licuit,
785 218 968 261 honores
993 220 1035 262 in
1057 234 1154 263 euin
1175 220 1387 262 maximos
1408 235 1513 263 con-

91 272 262 314 tulistis.

323 274 611 316 Existimasne
644 276 789 331 igitur,
828 275 895 317 M.
931 276 1106 332 Lepide,
1127 277 1296 332 qualem
1326 275 1558 334 Pompe-5

89 328 180 370 ium
202 331 441 387 respublica
464 332 663 373 habitura
696 333 750 373 sit
777 332 931 386 civem,
954 333 995 364 96
1010 333 1111 374 tales
1134 335 1299 375 futuros
1322 335 1364 375 in
1388 348 1512 390 repu-
1527 349 1576 390 ις)

91 385 205 427 blica
237 387 484 430 Antonios?
515 390 557 430 in
580 390 713 430 altero
746 389 896 445 pudor,
930 390 1133 444 gravitas,
1162 391 1416 442 moderatio,
1449 392 1517 432 in-

91 444 290 498 tegritas:
322 445 366 486 in
389 445 469 486 iilis
490 450 552 498 (et
574 461 672 487 cum
703 445 780 487 hos
807 445 1034 502 compello,
1056 456 1263 502 praetereo
1293 448 1436 488 auimo
1458 461 1515 489 ex

90 513 221 564 grege
239 500 452 543 latrocinii
476 503 724 553 neminem,)
756 502 968 554 libidines,
992 504 1164 555 scelera,
1185 503 1237 544 ad
1259 518 1385 545 omne
1407 503 1517 545 faci-

91 570 171 597 nus
204 559 401 600 numanis
432 560 623 601 audacia.

687 559 855 600 Deinde
895 560 1074 601 obsecro
1106 575 1197 611 VOS,
1240 570 1381 615 patres
1412 575 1516 602 con-

93 613 255 669 scripti,
277 616 371 670 quis
402 616 484 658 hoc
519 617 704 658 vestrfim
738 631 824 657 non
852 616 982 668 videt,
1004 617 1116 672 quod
1141 619 1180 650 27
1196 616 1388 658 Fortuna
1408 617 1516 673 ipsa,

92 684 189 724 quae
219 671 376 725 dicitur
405 688 534 725 caeca,
568 674 708 715 vidit?
739 673 864 715 salvis
899 672 1013 714 enim
1042 674 1148 715 actis
1188 673 1387 725 Caesaris,
1417 688 1517 730 quae

92 729 335 771 concordiae
358 743 486 770 causa
518 729 801 782 defendimus,

821 733 861 761 28
877 729 1085 785 Pompeio
1117 745 1192 771 sua
1212 730 1364 772 domus
1399 739 1522 787 pate·

95 783 184 826 bit:
217 799 394 842 eamque
426 801 511 827 non
542 788 731 838 minoris,
762 801 890 841 quain
920 788 1025 828 emit
1051 786 1282 838 Antonius,
1312 787 1517 833 redimetz

94 842 288 893 redimet,
310 843 498 898 inquam,
520 843 601 885 Cn.
626 844 823 899 Pompeii
846 843 1021 885 domum
1043 844 1169 886 filius.

97 897 193 938 bam
213 900 220 940 !
255 899 337 940 Sed
361 900 453 942 haec
481 901 582 941 satis
618 901 690 942 diu
714 900 980 956 multumque
1000 901 1158 942 defleta
1180 910 1292 942 sunt.

1229 843 1269 886 O
1292 859 1377 886 rem
1402 859 1519 886 acer-

1355 900 1519 943 Decre-

96 954 218 996 vistis
241 965 401 997 tantam
427 958 652 1013 pecuniam
678 957 901 1014 Pompeio,
918 966 1123 1013 quantam
1144 972 1198 999 ex
1222 958 1345 999 bonis
1367 958 1517 1015 patriis

97 1010 141 1051 in
174 1013 329 1067 praedae
363 1014 641 1070 dissipatione
673 1014 924 1055 99inimicus
957 1014 1094 1056 victor
1124 1015 1372 1071 redegisset.
1431 1015 1514 1056 Sed
1529 1027 1574 1067 1>1

97 1067 207 1110 hanc
249 1070 353 1111 mihi
392 1071 769 1128 dispensationem,
807 1086 884 1127 pro
921 1080 1097 1128 paterna
1130 1071 1444 1114 necessitudine
1473 1080 1517 1114 et

96 1125 417 1181 conjunctione,
448 1130 650 1184 deposco.
672 1129 852 1169 redimet
875 1128 1038 1180 hortos,
1060 1129 1186 1181 aedes,
1209 1130 1371 1170 urbana
1398 1144 1520 1185 quae·

97 1182 211 1233 dam,
232 1199 328 1239 quae
352 1186 541 1241 possidet
562 1185 791 1227 Antonius.
819 1200 916 1226 nain
939 1195 1180 1240 argentum,
1202 1195 1377 1238 vestem,
1396 1190 1520 1228 30su·

99 1239 369 1294 pellectilem,
402 1242 546 1284 vinum
588 1244 757 1285 amittet
799 1257 923 1298 aequo
955 1243 1113 1293 animo,
1144 1257 1239 1297 quae
1276 1243 1345 1283 ille
1374 1243 1518 1285 helluo

99 1296 337 1353 dissipavit.

396 1299 628 1350 Albanum,
660 1300 905 1341 Firmanum
929 1315 953 1341 a
976 1298 1201 1341 Dolabella
1222 1300 1516 1356 recuperabit:

98 1353 228 1395 etiam
264 1356 318 1396 ab
354 1353 547 1397 Antonio
569 1356 871 1398 Tusculanum.
898 1357 1043 1412 hique,
1065 1357 1139 1412 qui
1160 1371 1274 1398 nunc
1298 1356 1518 1398 Mutinam
1576 1355 1579 1358 ⁴

99 1421 369 1468 oppugnant,
393 1412 450 1455 D.
474 1414 654 1455 Brutum
675 1414 887 1465 obsident,
914 1414 966 1456 de
990 1413 1168 1456 Falerno
1189 1416 1227 1445 3¹
1243 1413 1425 1457 Anseres
1447 1414 1519 1456 des

139 1543 180 1572 25
198 1543 347 1581 primum
361 1546 400 1573 ut
416 1542 524 1585 licuit]
549 1543 696 1575 Graevius
713 1548 785 1584 post

99 1581 262 1615 Faernum
296 1585 356 1616 &m
381 1585 477 1616 ,dedit
507 1596 583 1616 cum
615 1588 786 1627 primum.-

98 1634 159 1663 ego
175 1627 292 1658 inverti
308 1631 345 1658 ut
354 1629 517 1668 primum.
562 1629 601 1659 In
618 1629 726 1659 Guelf.
749 1634 788 1659 ut

99 1665 172 1697 aliis
192 1673 242 1699 est
262 1674 396 1701 tantum
416 1671 587 1710 primum.-
608 1671 728 1702 ultim-‘i
753 1671 786 1702 iu

98 1709 281 1750 confecerat
296 1712 455 1753 absorpsit
469 1718 519 1744 ut.

141 1753 182 1783 26
204 1755 285 1784 tales
287 1754 429 1793 ficturos
441 1756 476 1786 in
491 1764 559 1795 rep.
575 1754 633 1795 A.]
660 1755 702 1786 In
717 1764 784 1794 rep.

100 1792 190 1825 salvo
213 1805 310 1826 sensu
334 1797 491 1828 abfuerit:
517 1798 669 1837 abestque
686 1808 704 1828 a
720 1797 784 1828 ΜΞ.

101 1835 212 1878 Huyd.
228 1838 284 1868 sed
298 1839 371 1878 quia
397 1839 430 1870 in
454 1840 530 1871 vat.
555 1840 631 1876 fuit,
656 1844 688 1870 et
709 1839 787 1870 facit

101 1877 143 1908 ad
156 1881 427 1919 concinnitatem,
439 1883 559 1922 pariter
572 1883 689 1921 recepi.
711 1882 789 1913 Post

102 1921 231 1952 restitui
246 1924 364 1957 animo,
384 1924 471 1963 quod
493 1929 543 1955 est
567 1925 600 1955 in
616 1925 688 1956 edd.
707 1929 788 1955 vett.

100 1966 135 1992 et
177 1964 306 2005 scriptis
340 1967 504 2004 omnibus,
540 1967 638 1997 etiam
682 1965 789 1997 Guelf.

106 2004 245 2037 Omnino
273 2018 291 2037 e
318 2009 508 2048 conjectura
535 2009 625 2039 inani
655 2009 790 2040 Ferrarii

101 2051 169 2077 est:
195 2058 269 2079 nam
292 2050 454 2089 quomodo
477 2051 582 2082 dicere
606 2055 726 2091 potest,
756 2060 790 2082 se

102 2096 169 2120 non
185 2093 363 2130 praeterire,
377 2102 456 2132 quos
469 2103 535 2124 non
551 2093 711 2134 appellet?
737 2093 791 2124 sed

103 2132 129 2161 si
155 2134 264 2164 am'mo
292 2134 434 2172 additur,
457 2145 568 2166 sensus
593 2141 699 2166 rectus
729 2140 789 2166 est.

103 2173 168 2205 illis
194 2177 396 2216 'appellandis
425 2178 582 2218 intelligit
608 2183 641 2209 et
667 2178 792 2217 cogitat

104 2226 218 2249 omnes
233 2223 370 2251 ceteros,

144 2262 182 2294 27
208 2260 356 2292 Fortuna
377 2262 599 2302 ipsa—vicht]
626 2261 732 2292 Guelf.
756 2267 791 2293 et

106 2298 215 2343 Huyd.
230 2304 326 2334 videt.

146 2347 185 2376 28
209 2345 364 2385 Pompeio
381 2355 442 2377 sua
456 2347 569 2377 domus
584 2346 723 2386 patebit]
751 2346 789 2376 In

104 2384 168 2418 hoc
192 2386 265 2418 loco
289 2388 408 2418 haereo.
461 2388 546 2429 Quid
572 2388 606 2418 in
629 2388 691 2419 hoe
711 2388 789 2418 mali

106 2434 170 2465 est,
196 2429 221 2460 si
247 2430 401 2470 Pompeio
420 2440 479 2461 sua
502 2430 616 2460 domus
639 2431 786 2471 patebit?

104 2471 130 2501 ni
148 2481 219 2502 eam
237 2473 374 2503 redimet
389 2473 527 2513 pecunia
542 2473 693 2512 publiea?
717 2482 790 2513 pro-

106 2518 180 2553 pter
195 2515 280 2553 quod
302 2524 369 2544 non
385 2516 427 2545 sit
451 2525 513 2555 pax
536 2515 699 2545 suadenda
716 2525 790 2545 cum

105 2555 272 2591 Antoniis,
287 2563 321 2587 et
336 2558 414 2587 mali
430 2563 497 2588 tam
513 2558 685 2597 perspicui,
709 2563 745 2587 ut
760 2556 793 2587 id

106 2607 221 2629 omnes
245 2599 387 2630 videant.
432 2600 502 2638 Ego
526 2609 585 2629 nee
601 2601 667 2639 ipse
688 2599 792 2635 video,

109 2649 169 2671 nec
204 2642 374 2680 quisquam
402 2642 587 2681 explicavit.

644 2642 794 2681 Suspicor

106 2683 262 2714 excidisse
286 2693 358 2714 non.

411 2684 513 2714 Salvis
539 2685 620 2714 actis
644 2685 791 2719 Caesaris,

108 2725 140 2754 in
158 2725 272 2764 quibus
286 2730 334 2755 est
349 2731 382 2756 et
398 2725 471 2762 hoe,
486 2727 572 2765 quod
593 2727 678 2756 bena
698 2726 793 2755 Pom-

106 2768 169 2806 peii
186 2767 317 2798 vendita
337 2774 415 2798 sunt
435 2773 468 2798 et
489 2768 619 2799 addicta
632 2769 792 2803 Antonio,

107 2807 281 2849 Pompeius
298 2819 363 2839 non
381 2816 490 2850 potest
515 2810 638 2849 ingredi
659 2810 792 2840 domum

104 2852 221 2890 patris,
247 2861 319 2891 quae
341 2859 413 2884 erat
437 2852 624 2884 hereditatis
649 2853 726 2892 jura
746 2853 794 2892 ip-

827 1544 908 1582 sius,
923 1543 985 1575 nisi
1008 1553 1081 1576 eam
1102 1543 1275 1575 redemerit
1297 1544 1338 1575 ab
1353 1544 1519 1577 Antonio;

829 1586 864 1617 in
902 1596 966 1626 quo
1002 1586 1143 1626 intelligi
1178 1590 1287 1626 potest
1315 1586 1518 1626 indignitas;

830 1638 1028 1668 quamquam
1055 1628 1086 1659 εἰ
1111 1628 1156 1659 rei
1179 1629 1345 1668 provisum
1371 1632 1442 1659 erat
1464 1628 1518 1659 de-

831 1676 921 1701 creto
935 1676 1079 1706 senatus,
1098 1675 1137 1700 ut
1151 1670 1366 1701 redimeretur
1379 1671 1517 1711 pecunia

826 1712 966 1753 publica.
1023 1713 1158 1743 Clarum
1191 1717 1254 1748 est,
1289 1712 1461 1752 indignum
1484 1712 1518 1743 id

827 1755 977 1786 Ciceroni
1014 1756 1138 1785 visum:
1184 1755 1333 1792 redimet,
1369 1757 1518 1794 iuquam,

834 1796 892 1828 Cn.
923 1797 1071 1837 Pompeii
1094 1797 1225 1827 domum
1236 1797 1346 1837 filius,
1394 1797 1422 1827 Ο
1450 1807 1520 1828 rem

830 1840 979 1870 acerbam
1000 1840 1058 1870 &m
1102 1837 1164 1869 Sed
1186 1839 1211 1869 si
1228 1839 1366 1869 Antonii
1383 1848 1449 1868 non
1472 1848 1521 1869 τε,

832 1881 958 1919 dibant,
993 1881 1128 1921 patebat
1153 1881 1306 1922 Pompeio
1332 1881 1460 1916 domm,
1487 1884 1521 1910 et

832 1929 903 1955 erat
918 1924 1015 1964 ipsius
1030 1924 1098 1954 sine
1114 1922 1328 1954 redemtione.
1363 1923 1426 1954 Sed
1440 1932 1521 1962 quo·

833 1966 929 1997 modo
943 1965 1005 1997 hoc
1018 1965 1165 1996 Fortuna
1176 1966 1257 1996 vidit
1270 1966 1281 1996 ἓ
1304 1966 1432 2005 opinor,
1446 1964 1523 2004 quia

834 2009 881 2040 ita
895 2008 1025 2044 accidit,
1043 2013 1083 2038 ut
1104 2009 1243 2047 pecunia
1265 2007 1393 2048 publice
1412 2006 1522 2038 decer-

834 2055 967 2081 neretur
989 2050 1143 2090 Pompeio
1166 2050 1207 2080 ad
1225 2049 1448 2080 redimendam
1462 2049 1520 2078 do-

834 2102 938 2123 mum.
955 2092 996 2122 ef.
1012 2093 1098 2123 infra
1112 2092 1146 2121 iu
1163 2093 1228 2122 fine
1243 2102 1314 2132 cap.
1330 2091 1362 2121 h.

875 2137 915 2168 29
937 2135 1087 2165 inimicus
1109 2136 1211 2165 *vietor
1232 2132 1419 2178 redegisset]
1459 2134 1521 2163 int.

834 2176 954 2213 Caesar,
971 2177 1023 2216 qui
1040 2176 1243 2208 vendiderat.
1268 2175 1354 2215 quod
1377 2175 1456 2205 dicit
1472 2185 1517 2205 re-

832 2219 979 2257 degisset,
995 2218 1027 2248 id
1042 2228 1106 2248 non
1126 2218 1254 2259 proprie
1273 2217 1518 2257 accipiendum:

833 2270 909 2291 nam
925 2260 1053 2301 proprie
1069 2270 1136 2292 non
1159 2259 1296 2299 redegit,
1316 2259 1392 2299 quia
1415 2260 1520 2289 Anto-

833 2304 905 2333 nius
921 2304 1092 2342 pecuniam
1118 2313 1186 2333 non
1201 2301 1302 2339 dedit,
1317 2309 1356 2332 ut
1371 2301 1454 2331 Phil.
1473 2301 1517 2331 11.

832 2345 964 2376 docuit:
988 2345 1044 2375 sed
1065 2346 1141 2384 quia
1163 2350 1276 2375 tamen
1301 2344 1357 2375 illa
1380 2343 1520 2383 pecunia

832 2388 866 2418 in
882 2387 1000 2418 tabulis
1014 2388 1135 2427 scripta
1149 2388 1268 2417 fuerat.

875 2432 915 2459 30
936 2431 1048 2469 supell.
1059 2429 1188 2468 vinum]
1207 2429 1293 2459 conf.
1309 2427 1392 2458 Phil.
1407 2426 1454 2463 ΙΙ,
1470 2429 1521 2459 27.

834 2472 889 2502 ubi
905 2471 1016 2501 eadem
1033 2475 1268 2502 memorantur.
1305 2470 1408 2500 Vetus
1423 2469 1521 2499 lectio

834 2514 903 2544 edd.
928 2513 992 2544 fuit
1015 2515 1215 2549 zcuiversam,
1239 2522 1313 2551 quae
1337 2518 1370 2542 et
1397 2513 1432 2541 in
1458 2511 1522 2541 MS.

837 2555 944 2596 Huyd.
970 2561 1031 2592 est,
1057 2566 1121 2586 non
1148 2556 1206 2586 iila
1229 2554 1379 2592 absurda,
1403 2554 1523 2593 absque

835 2599 892 2628 illo
909 2598 980 2628 loco
994 2598 1019 2627 si
1034 2603 1129 2628 esset.
1538 2608 1541 2609 ⁷

878 2643 914 2671 31
941 2641 1077 2670 Anseres
1101 2638 1318 2679 depellantur]
1343 2637 1470 2668 Alludit
1482 2636 1523 2668 ad

835 2691 1018 2722 cognomen
1033 2682 1187 2718 hominis,
1201 2681 1257 2719 qui
1268 2680 1349 2710 illud
1364 2679 1522 2719 praedium

836 2729 1016 2765 acceperat,
1032 2724 1165 2754 Antonii
1179 2723 1311 2754 Anseris
1333 2725 1453 2760 poetae,
1469 2721 1526 2759 qui

836 2777 910 2797 cum
933 2767 1078 2796 Antonio
1094 2770 1164 2796 erat
1189 2768 1223 2795 in
1239 2764 1352 2794 castris
1366 2763 1407 2793 ad
1421 2763 1538 2793 Muti„
1580 2789 1587 2792 t

837 2819 925 2839 nam.
949 2810 1103 2840 Ceterum
1119 2806 1295 2846 legendum
1310 2806 1525 2844 depellentur,

837 2856 874 2883 ut
889 2855 964 2882 ‚inte
980 2848 1362 2889 redimet-recuperabit
1377 2848 1437 2878 &m
