1812 3147
655 104 773 143 PRO
807 106 849 142 P.
883 105 1085 148 SULLA„
1505 108 1584 150 '793

144 210 179 252 ri
202 209 387 251 dandum
413 207 611 257 arbitror,
632 217 682 248 ut
702 208 927 264 quisquam
952 211 990 242 77
1005 208 1058 249 de
1081 207 1216 249 salute
1238 223 1410 251 suorum
1435 226 1589 252 consu-

142 266 218 317 lat,
251 279 524 309 communem
559 265 785 320 relinquat.
847 264 970 306 Nihil
1004 265 1057 305 de
1089 265 1258 319 judicio
1294 267 1482 308 ferebat:
1516 270 1588 309 scd

143 338 321 380 poenam
343 321 531 363 ambitus
553 336 647 364 eam
676 321 856 372 ferebat,
878 325 1027 376 78quae
1062 322 1200 362 fuerat
1231 337 1366 378 nuper
1398 326 1589 379 superio-

144 381 261 422 ribus
292 379 459 435 legibus
481 380 733 420 constituta.
796 378 949 433 Itaque
981 379 1060 419 hac
1092 379 1332 433 rogatione,
1356 395 1439 421 non
1468 382 1588 434 judi-

143 451 242 478 cum
276 436 547 486 sententiam,
571 436 642 477 sed
675 435 780 492 legis
812 436 964 476 vitium
988 436 1248 490 corrigebat.
1311 437 1587 492 Nemojudi-

141 494 257 535 cium
280 493 568 549 reprehendit,
591 507 689 534 cum
712 494 764 533 de
795 507 928 548 poena
949 493 1155 547 queritur,
1186 493 1257 533 sed
1281 493 1434 549 legem.
1467 497 1586 535 dam-

141 551 261 592 natio
293 550 407 591 enim
438 560 502 590 cst
526 550 742 605 judicum,
775 565 871 605 quae
906 551 1131 591 manebat:
1166 564 1298 606 poena
1329 552 1450 606 legis,
1487 567 1583 606 qua:

144 608 379 649 levabatur.
440 607 596 648 79Νο1ἰ
636 607 770 663 igitur
810 608 976 648 animos
1012 611 1213 647 80eorum
1252 608 1468 659 ordinum,
1510 609 1647 663 quio-2

143 674 336 721 praesunt
358 664 538 720 judiciis
570 678 738 705 summa
766 679 865 705 cum
897 664 1110 720 gravitate
1146 674 1188 705 et
1223 665 1450 720 dignitate,
1484 666 1585 706 alic-

143 737 245 764 nare
274 737 300 764 a
319 736 461 772 causa,
492 736 619 762 nemo
640 720 900 762 labefactare
925 722 1140 777 judicium
1164 731 1229 761 est
1251 733 1445 763 conatus.
1478 723 1585 763 nihil

144 790 209 820 est
229 778 441 834 ejusmodi
464 778 798 835 promulgatum.
853 780 1031 834 Semper
1054 779 1256 820 Caecilius
1276 780 1316 819 in
1341 780 1585 820 calamitate

145 836 286 878 fratris
309 836 373 877 sui
391 835 592 890 judicum
615 845 873 892 potestatem
906 836 1259 892 perpetuandam,
1282 836 1391 892 legis
1420 838 1583 878 acerbi-

145 902 276 934 tatem
309 893 594 948 mitigandam
626 893 810 949 putavit.
872 893 957 934 Sed
994 893 1098 947 quid
1135 907 1216 948 ego
1250 894 1302 934 de
1342 895 1423 935 hoc
1464 894 1582 950 plura
1598 897 1664 943 2⁶3

142 950 382 1006 disputem?
417 949 617 991 Dicerem
651 949 846 1001 fortasse,
869 960 912 990 ct
942 950 1067 991 facile
1096 961 1139 991 et
1168 951 1350 992 libenter
1381 952 1580 993 dicerem.

143 1006 190 1048 Si
214 1007 355 1063 paullo
376 1007 507 1048 etiam
529 1007 714 1063 longius,
735 1022 863 1062 quam
887 1007 982 1048 finis
1005 1008 1246 1062 quotidiani
1269 1009 1400 1049 officii
1435 1019 1583 1064 postu-

143 1063 216 1114 lat,
235 1065 371 1121 pietas
389 1074 433 1105 et
451 1064 663 1105 fraternus
685 1079 805 1105 amor
823 1064 872 1105 L,
889 1064 1114 1106 Caecilium
1135 1065 1405 1120 protulisset3
1431 1066 1583 1121 implo-

145 1135 280 1163 rarem
311 1136 458 1162 sensus
482 1132 668 1162 vestros:
702 1122 1039 1178 uniuscujusque
1072 1122 1382 1178 indulgentiam
1410 1123 1451 1164 in
1485 1139 1582 1164 suos
1595 1136 1626 1166 b.

144 1187 341 1220 testarer:
374 1189 562 1234 peterem
595 1187 734 1220 errato
758 1180 924 1220 veniam
960 1179 1007 1220 L.
1033 1179 1199 1221 Caecilii
1230 1194 1284 1220 ex
1317 1180 1480 1221 intimis
1515 1195 1584 1221 ve-

143 1236 240 1276 stris
268 1235 624 1292 cogitationibus,
653 1246 782 1292 atque
810 1250 864 1277 ex
898 1237 1165 1278 humanitate
1195 1238 1429 1279 communi.
1493 1238 1579 1279 Lex
1593 1246 1644 1279 65

144 1293 233 1334 dies
255 1292 339 1334 fuit
361 1293 582 1350 proposita
603 1309 783 1349 paucos3
816 1293 915 1335 ferri
934 1304 1084 1350 coepta
1102 1309 1361 1349 numquam:
1393 1298 1429 1327 81
1446 1296 1585 1351 posita

142 1360 209 1392 est
230 1351 273 1391 in
296 1360 470 1402 senatu3
503 1351 710 1407 populum
735 1351 980 1393 Romanum
1005 1352 1144 1392 latuit.
1206 1353 1316 1393 Cum
1341 1353 1384 1393 in
1405 1352 1586 1409 Capito-

142 1408 248 1449 lium
269 1423 348 1449 nos
369 1418 563 1449 senatum
587 1422 958 1459 convocassemus,
980 1409 1087 1450 nihil
1109 1419 1174 1449 est
1201 1420 1346 1450 actum
1370 1410 1510 1465 prius:
1542 1419 1586 1451 et

145 1465 240 1506 ⁸2id
262 1465 464 1506 mandato
489 1465 617 1506 Sullae
645 1466 702 1511 Q.
727 1465 930 1506 Metellus
955 1477 1115 1521 praetor
1138 1481 1181 1506 se
1202 1467 1319 1522 loqui
1339 1467 1467 1518 dixit,
1489 1467 1586 1508 Sul-

145 1521 227 1563 lam
261 1523 386 1563 istam
415 1523 685 1578 rogationem
714 1522 768 1563 de
798 1537 841 1563 se
872 1523 984 1564 nolle
1015 1522 1130 1563 ferri.
1192 1523 1258 1564 Ex
1290 1524 1361 1565 illo
1395 1535 1588 1581 tempore

147 1578 196 1620 L.
217 1578 418 1621 Caecilius
441 1579 576 1620 multa
596 1580 649 1620 de
671 1580 892 1634 republica
912 1580 1026 1636 egit:
1059 1582 1238 1636 agrariae
1261 1581 1360 1637 legi,
1375 1597 1471 1637 quae
1495 1593 1588 1623 tota

141 1650 170 1676 a
187 1651 257 1678 me
280 1637 538 1693 reprehensa
554 1646 598 1679 et
619 1636 791 1692 abJecta
811 1646 890 1688 est,
911 1638 1288 1679 &intercessorem
1308 1639 1400 1680 fore
1423 1640 1587 1696 profes-

182 1796 224 1828 77
240 1795 278 1824 de
291 1796 396 1826 salute
418 1805 550 1826 suorum
567 1795 729 1836 consulat]
747 1795 842 1826 Nihil
886 1804 991 1832 nemo,
1006 1798 1047 1825 ut
1061 1798 1158 1827 ante:
1183 1796 1259 1835 quia
1272 1796 1304 1826 in
1320 1795 1424 1827 altero
1440 1799 1587 1829 membro

145 1835 270 1867 facilius
306 1843 368 1874 est,
397 1848 495 1877 quam
532 1848 607 1868 cum
641 1838 842 1875 Augustino,
885 1838 932 1868 sic
949 1843 1009 1868 est.
1033 1847 1092 1868 nec
1118 1838 1157 1868 de
1182 1838 1252 1868 solo
1267 1839 1401 1869 Caecilio
1417 1840 1508 1877 dicit,
1531 1842 1587 1872 sed

145 1878 306 1909 Lambino
342 1881 504 1920 conjicere
538 1881 650 1910 saluti.
694 1881 757 1911 Sed
787 1881 843 1919 qui

146 1919 298 1952 librarius
340 1921 402 1952 hoc
443 1923 478 1953 in
521 1922 602 1953 illud
640 1923 841 1953 mutaverit?

143 1962 256 1993 Etia'm
269 1963 505 2004 poenamferre
519 1974 586 1995 nou
605 1966 765 1996 usitatum
781 1969 841 1995 est.

146 2005 234 2044 Ergo
261 2007 461 2045 corrigemus
489 2007 528 2036 de
555 2016 654 2046 poeua
676 2007 843 2047 ferebat?

147 2047 254 2077 multa
266 2047 347 2078 talia
362 2054 440 2079 sunt
463 2049 496 2079 in
511 2050 696 2079 oratoribus
710 2055 744 2080 et
765 2053 843 2090 poi}-

143 2089 198 2125 1is‚
216 2099 288 2128 quae
311 2100 378 2120 non
403 2099 480 2121 sunt
503 2091 663 2122 tentanda
681 2092 794 2122 statim
809 2097 844 2121 et

145 2131 186 2161 nd
211 2133 377 2171 vulgarem
408 2133 570 2163 rationem
599 2134 790 2170 revocanda,
817 2134 842 2164 si

145 2172 243 2203 modo
266 2183 332 2204 non
354 2184 483 2214 prorsus
507 2186 583 2205 cum
606 2176 758 2215 analogia
781 2176 844 2206 lin-

147 2224 218 2255 guae
233 2222 393 2256 pugnent.

188 2260 227 2290 78
250 2268 319 2298 qm?
329 2258 453 2298 suerat
475 2269 580 2298 nuper
601 2269 672 2299 sup.
689 2261 750 2298 leg.
771 2269 845 2290 con-

146 2300 274 2340 stituta]
305 2300 425 2341 .Vuper
446 2303 546 2341 possit
571 2302 772 2332 inculcatum
797 2302 843 2331 vi-

148 2341 228 2378 deri,
245 2348 418 2382 ortumque
432 2355 450 2373 e
473 2344 586 2384 primis
608 2344 740 2384 syllabis
755 2343 843 2374 verbi

148 2385 322 2423 sequentis.
348 2385 654 2426 Inter-pungendum
669 2386 755 2416 forte
771 2391 844 2426 post

148 2435 262 2465 nuper,
286 2432 323 2456 ut
349 2437 461 2457 seusus
490 2428 550 2458 sit:
574 2438 645 2466 quae
673 2438 740 2458 non
765 2434 844 2459 ante

149 2468 270 2498 multos
294 2478 410 2506 annos,
427 2477 504 2500 ante
520 2470 733 2510 Calpurniam
757 2481 785 2501 a.
801 2470 844 2500 U.

148 2510 220 2540 626.
240 2511 341 2540 latam
357 2512 477 2548 fuerat,
494 2513 677 2542 constituta
689 2513 746 2542 illa
760 2513 843 2552 legg.

149 2560 255 2592 super.
299 2553 361 2583 Sed
384 2554 416 2584 in
441 2564 479 2584 eo
506 2555 590 2584 inest
613 2554 734 2593 aliquid
763 2555 845 2585 duri.

151 2592 339 2633 Superiores
356 2597 441 2634 leges
458 2596 708 2636 distinguuntur
730 2607 750 2626 α
769 2607 847 2636 pro-

150 2637 253 2673 xima,
278 2643 315 2667 ut
337 2647 434 2676 supra
455 2638 547 2669 Verr.
573 2638 636 2674 Ill,
665 2641 710 2670 18.
733 2647 767 2670 ct
788 2649 846 2679 pro

150 2677 248 2708 Arch.
274 2681 302 2708 5.
323 2689 470 2710 censores
486 2681 631 2720 prominet*
650 2686 683 2710 et
704 2683 847 2720 superio-

151 2728 211 2748 res.
227 2729 302 2750 nam
321 2723 471 2759 prm-ima
488 2728 536 2752 est
560 2722 616 2752 illa
631 2722 761 2761 quidem
779 2724 849 2763 ipsa

155 2761 254 2790 etiam
281 2764 439 2801 superior,
465 2765 520 2794 scd
546 2765 580 2794 in
603 2764 663 2795 hac
687 2765 850 2804 signifiea-

154 2802 242 2832 (iune
260 2803 341 2833 solet
356 2804 428 2835 addi
440 2808 603 2844 praa-ima.

196 2847 235 2878 79
252 2844 331 2874 Noli
346 2847 465 2887 Igitur]
482 2848 620 2878 Videtur
643 2848 850 2882 scribendum

886 1881 925 1910 iis
939 1880 1105 1917 omnibus,
1120 1880 1174 1920 qui
1190 1881 1220 1911 ei
1235 1880 1298 1919 legi
1314 1882 1459 1912 fautores
1475 1888 1510 1913 et
1530 1883 1587 1914 ad-

880 1924 1012 1962 jutores
1034 1929 1141 1953 erant.
1179 1922 1295 1961 1[:‚²·itur
1317 1923 1369 1954 hic
1396 1931 1446 1954 est
1466 1925 1505 1956 de
1532 1935 1587 1965 ge·

885 1974 974 2001 nere,
990 1969 1028 1995 ut
1042 1974 1140 2005 supra
1155 1966 1274 2005 itaque.

927 2010 968 2037 80
982 2017 1093 2037 eorum
1108 2008 1272 2043 ordinum,
1292 2009 1348 2047 qui
1365 2014 1514 2048 praesunt
1524 2009 1586 2050 ju-

885 2049 992 2088 diciis]
1023 2050 1152 2090 Nempe
1175 2060 1216 2080 ex
1245 2049 1315 2089 lege
1339 2051 1485 2088 Aurelia,
1514 2063 1586 2092 quas

885 2098 958 2122 tum
983 2091 1131 2121 valebat:
1162 2093 1184 2122 i.
1207 2103 1234 2122 e.
1261 2099 1406 2131 senatus,
1435 2096 1590 2134 equitum

885 2139 920 2163 et
933 2133 1033 2163 tribb.
1050 2144 1141 2164 aerar.

929 2178 965 2206 81
993 2177 1099 2215 posita·
1125 2180 1171 2207 est
1198 2177 1233 2206 in
1260 2182 1375 2207 senam
1406 2178 1480 2217 &c.]
1510 2179 1587 2209 Dici

887 2217 1027 2254 videtur,
1051 2223 1090 2248 ut
1110 2229 1230 2258 ponere
1255 2220 1428 2250 rationem.
1446 2231 1475 2250 v.
1492 2221 1584 2252 Clav.

888 2260 922 2289 in
933 2270 1065 2299 ponere.
1109 2261 1171 2291 Sed
1186 2261 1349 2301 quomodo
1365 2263 1523 2302 populum
1539 2264 1586 2294 la-

887 2301 966 2338 tuit,
995 2312 1072 2332 cum
1098 2306 1265 2343 proposita
1295 2304 1407 2340 fuerit,
1435 2311 1475 2335 ut
1507 2311 1586 2336 ante

887 2343 981 2380 dixit,
1006 2345 1067 2374 etsi
1092 2355 1211 2384 paucos
1235 2346 1324 2376 dies?
1351 2346 1459 2377 Debet
1479 2348 1517 2378 de
1540 2349 1586 2378 le-

887 2386 1062 2425 gislatione
1092 2387 1246 2427 intelligi,
1283 2388 1345 2418 nisi
1384 2390 1454 2427 quis
1491 2390 1587 2421 malit

888 2438 963 2458 cum
989 2429 1118 2459 Graevio
1146 2430 1265 2467 delere,
1294 2440 1368 2460 cum
1401 2433 1504 2462 verbis
1537 2443 1587 2463 se-

889 2470 1064 2508 quentibus
1083 2481 1158 2510 ρορ,
1173 2472 1270 2503 Rom.
1289 2473 1400 2508 latuit,
1422 2474 1456 2503 in
1475 2485 1538 2513 quo
1553 2480 1588 2504 ct

889 2512 1077 2543 Romanum
1092 2514 1202 2553 friget.
1247 2515 1353 2545 Totus
1376 2515 1466 2545 locus
1481 2522 1530 2546 est
1553 2517 1588 2546 iu

889 2554 979 2585 libris
1006 2555 1098 2585 valde
1125 2557 1274 2593 vitiosus,
1303 2563 1336 2587 et
1367 2557 1459 2588 valde
1486 2559 1520 2588 in
1549 2570 1587 2588 eo

890 2597 1017 2627 variant
1033 2597 1107 2628 libri
1122 2600 1234 2638 scripti
1249 2604 1281 2629 et
1296 2599 1386 2629 editi.

932 2641 972 2669 82
997 2639 1033 2668 id
1054 2640 1210 2671 mandato
1236 2641 1285 2680 S.]
1313 2641 1460 2671 Grae-<ius
1482 2651 1499 2671 e
1523 2641 1588 2671 ΜΞ.

890 2680 1009 2711 Pithoei
1034 2681 1122 2711 dedit
1143 2684 1316 2713 mandatu.
1340 2693 1406 2712 non
1429 2683 1590 2723 displicet.

892 2723 935 2754 Id
947 2724 1048 2754 ctiam
1064 2723 1096 2753 h.
1112 2723 1134 2754 l.
1151 2724 1260 2763 friget.

936 2768 974 2796 83
990 2768 1227 2796 {mer-cessorem
1239 2765 1321 2805 fore
1333 2776 1386 2804 pr.
1403 2766 1446 2805 e.]
1473 2766 1522 2796 An
1537 2777 1592 2796 ex-

893 2807 973 2837 cidit
987 2817 1020 2838 se
1033 2812 1107 2846 post
1118 2807 1224 2849 sore?
1246 2808 1358 2841 Etiam
1375 2815 1452 2841 ante
1474 2818 1532 2849 pro
1547 2814 1593 2846 egl

895 2849 1010 2892 malim
1025 2853 1109 2880 erae.
