1769 3174
244 135 342 168 1026
833 131 868 167 0
881 130 1080 168 RATIO

241 248 376 276 mum.
438 232 556 280 Quid
577 234 757 290 quisque
777 234 973 276 nostrum
995 235 1048 276 de
1079 248 1121 275 se
1152 233 1244 289 ipse
1265 233 1478 289 loquatur,
1500 246 1586 274 non
1608 239 1674 272 est

243 305 358 341 sane,
381 305 466 331 non
489 301 554 332 est
575 291 889 347 requirendum.
917 292 1015 333 boni
1041 292 1117 332 viri
1137 291 1350 346 judicent.
1384 291 1426 331 id
1449 299 1513 331 est
1534 288 1675 330 maxi-

184 348 300 390 lomi
336 348 542 388 momenti
573 358 616 390 et
644 349 859 404 ponderis.
921 348 1021 391 Duo
1053 359 1151 389 sunt
1179 356 1388 403 tempora,
1410 348 1565 402 quibus
1597 360 1676 386 no-

243 414 428 446 strorum
449 405 608 446 civium
632 415 878 462 spectentur
893 406 1062 461 judicia
1083 406 1134 446 de
1157 405 1305 445 nobis:
1330 419 1461 445 unum
1486 402 1676 453 honoris,

246 463 284 492 14
297 461 476 503 alterum
509 462 670 503 salutis.
731 462 885 503 Honos
917 463 1012 503 talis
1046 461 1193 518 populi
1232 461 1418 501 Romani
1457 460 1678 501 voluntate

243 519 390 575 paucis
413 527 477 559 est
497 519 678 570 delatus,
700 534 748 560 ac
771 519 903 560 mihi:
936 519 1046 559 sulus
1079 528 1199 558 tanto
1222 518 1364 559 studio
1383 517 1573 558 civitatis
1605 530 1679 556 ne-

243 575 350 616 mini
373 576 552 617 reddita.
573 577 625 616 cle
649 585 689 616 te
712 585 855 616 autem
878 576 1073 616 homines
1095 575 1197 630 quid
1227 575 1427 624 sentiant,
1449 574 1493 614 in
1516 574 1680 615 honore

244 634 412 689 experti
436 648 595 683 sumus,
620 633 664 673 in
687 632 836 683 salute,
858 642 1174 689 exspectamus,
1216 634 1252 661 ¹5
1267 631 1349 672 Sed
1375 641 1516 671 tamen
1538 644 1592 671 ne
1612 643 1682 671 me

244 703 344 731 curn
368 689 432 730 his
467 690 732 744 principibus
755 689 958 740 civitatis,
981 689 1052 745 qui
1086 689 1240 729 adsunt
1278 688 1323 728 P.
1348 687 1515 739 Sextio,
1538 687 1611 728 sed
1634 695 1682 727 ut

245 761 343 787 cum
366 746 542 787 homine
564 761 666 797 uno,
687 761 775 787 non
807 746 941 787 solum
977 746 1349 802 impudentissimo
1371 754 1500 800 atque
1529 744 1680 785 infimo

246 803 486 845 conferam:
520 803 571 844 de
600 814 642 844 te
678 804 786 859 ipso,
823 803 996 844 homine
1030 813 1072 844 et
1101 802 1469 859 arrogantissimo,
1499 810 1544 842 et
1574 801 1683 842 mihi

249 860 562 911 inimicissimo,
583 875 745 915 quaer0‚
760 861 922 911 Vatini,
943 870 1085 902 utrum
1107 861 1278 901 tandem
1303 869 1440 915 putes,
1458 858 1558 899 huic
1577 858 1685 900 civi-

230 919 343 968 .tati,
366 917 467 959 huic
498 917 762 973 reipublicae,
795 917 894 958 liuic
918 917 1027 969 urbi,
1054 917 1119 958 his
1143 917 1327 973 templis,
1350 916 1516 967 aerario,
1538 915 1685 965 curiae,

230 975 351 1016 ·vi1·is
376 974 454 1025 his,
477 989 583 1029 quos
617 975 748 1024 vides,
772 974 923 1015 horum
956 975 1094 1025 bonis,
1116 974 1314 1024 fortunis,
1337 973 1495 1023 liberis,
1517 972 1686 1013 civibus

248 1032 415 1081 ceteris,
431 1032 614 1086 denique
632 1031 806 1072 deorum
827 1031 1133 1072 immortalium
1157 1031 1358 1081 delubris,
1381 1029 1598 1086 auspiciiS,
1620 1043 1686 1069 re-

248 1089 498 1145 ligionibus,
531 1088 680 1129 melius
713 1088 842 1129 fuisse
863 1099 906 1129 et
937 1087 1236 1144 praestabilius,
1257 1102 1325 1129 me
1356 1087 1495 1128 civem
1529 1087 1570 1127 in
1604 1085 1686 1127 hac

249 1147 426 1188 civitate
458 1147 590 1196 nasci,
613 1161 664 1186 an
689 1148 758 1186 te?
801 1145 913 1187 Cum
947 1146 1052 1186 mihi
1087 1145 1181 1186 liaec
1212 1144 1495 1200 responderis,
1518 1153 1592 1184 aut
1626 1143 1687 1183 ita

253 1203 538 1259 impudenter,
560 1212 607 1243 ut
636 1218 785 1243 manus
817 1212 903 1244 ate
935 1203 1128 1243 homines
1152 1202 1225 1243 vix
1258 1202 1472 1243 abstinere
1505 1201 1686 1257 possint,

255 1271 328 1302 aut
351 1260 411 1300 ita
431 1260 639 1311 dolenter,
662 1268 708 1300 ut
730 1260 958 1315 aliquando
985 1261 1129 1310 mista,
1150 1274 1246 1314 quae
1269 1267 1368 1299 sunt
1390 1259 1552 1308 inflata,
1575 1272 1691 1298 rum-

224 1326 438 1377 »panturz
474 1326 564 1358 tum
598 1317 844 1358 memoriter
872 1318 1128 1372 respondeto
1160 1316 1212 1357 ad
1235 1331 1297 1367 ea,
1319 1331 1414 1370 quae
1446 1316 1499 1357 de
1527 1325 1568 1355 te
1598 1315 1692 1370 ipso

213 1380 429 1430 Drogaro.
491 1373 682 1429 17Atque
714 1374 813 1415 illud
848 1373 1283 1415 tenebricosissimum
1309 1385 1476 1428 tempus
1507 1371 1693 1412 ineuntis

200 1441 242 1473 11
261 1432 400 1474 aetatis
423 1440 509 1472 tuae
541 1433 680 1488 patiar
710 1431 853 1472 latero.
887 1432 986 1472 licet
1020 1432 1194 1487 impune
1228 1445 1302 1486 per
1336 1444 1402 1470 me
1435 1429 1617 1486 parietes
1650 1428 1695 1468 in

259 1489 547 1530 adolescentia
579 1488 828 1545 perfoderis,
852 1489 1015 1529 vicinos
1047 1487 1305 1543 compilaris,
1336 1497 1515 1528 matrem
1549 1485 1698 1526 verbe-

260 1547 379 1587 raris.
412 1546 566 1587 habeat
589 1547 671 1587 hoo
705 1547 927 1602 praemium
953 1557 1025 1586 tua
1047 1545 1296 1601 indignitas,
1321 1554 1367 1586 ut
1397 1542 1698 1585 adolescentiae

261 1603 484 1658 turpitudo
511 1605 545 1633 18
560 1603 821 1644 obscuritate
845 1614 889 1644 et
911 1604 1106 1643 sordibus
1132 1602 1213 1643 tuis
1236 1602 1479 1657 obtegatur.

320 1661 596 1708 Quaesturam
619 1661 763 1716 petisti
788 1675 885 1701 cum
910 1660 960 1701 P.
981 1660 1148 1710 Sextio,
1167 1674 1265 1700 cum
1284 1659 1355 1699 hic
1379 1658 1484 1699 nihil
1507 1657 1700 1712 loquere-

262 1726 345 1769 tur,
369 1718 450 1758 nisi
478 1719 593 1772 quod
625 1719 795 1774 agebat,
821 1721 856 1751 19
874 1728 915 1758 tu
949 1718 1000 1758 de
1033 1717 1165 1758 altero
1189 1716 1412 1757 consulatu
1447 1714 1634 1772 gerendo
1659 1723 1700 1753 te

261 1776 423 1816 diceres
445 1775 652 1830 cogitare.
714 1776 875 1822 Quaero
905 1775 979 1815 abs
1008 1784 1061 1825 te,
1086 1784 1283 1815 teneasne
1306 1774 1525 1822 memoria,
1547 1774 1587 1802 20
1601 1783 1701 1812 cum

264 1831 316 1873 P.
342 1832 516 1873 Sextius
539 1842 727 1887 quaestor
750 1833 805 1873 sit
828 1832 994 1873 cunctis
1018 1830 1230 1886 suffragiis
1251 1830 1404 1881 factus,
1423 1840 1525 1870 tunc
1550 1839 1590 1868 te
1608 1827 1700 1878 vix,

267 1890 413 1930 invitis
441 1890 657 1940 omnibus,
690 1905 775 1930 non
810 1889 956 1945 populi
995 1889 1220 1938 beneficio,
1243 1888 1314 1928 sed
1337 1886 1539 1936 consulis,
1562 1892 1703 1926 extre-

210 1960 256 1994 12
271 1961 387 1988 mum
418 1946 672 1990 adhaesisse?
716 1946 767 1988 In
789 1961 840 1988 eo
863 1946 1132 2002 magistratu,
1154 1948 1306 1986 2¹cu1n
1329 1946 1409 1987 tibi
1440 1957 1600 2000 magno
1621 1941 1707 1984 cla·

314 2078 352 2106 14
373 2077 517 2106 alterum
538 2076 669 2116 salut-is]
697 2076 718 2106 i.
735 2087 764 2106 e.
784 2086 858 2106 cum
881 2075 968 2106 salus
1057 2077 1092 2108 17
1107 2075 1214 2115 Atque
1228 2074 1327 2113 illud]
1342 2073 1442 2114 Vulg.
1458 2078 1503 2104 at.
1534 2071 1621 2104 Illud
1635 2069 1708 2101 edd.

270 2123 320 2147 est
338 2118 372 2147 in
390 2119 545 2157 periculo,
562 2128 636 2148 cum
653 2119 769 2158 capitis
785 2118 900 2158 aliquis
916 2129 968 2149 ac·
1010 2121 1092 2148 vett.
1109 2127 1282 2153 consensu,
1299 2118 1378 2147 item
1404 2117 1483 2147 Mss.
1497 2121 1533 2147 at
1549 2114 1705 2156 posterio-

272 2163 404 2189 cusatus
425 2165 486 2190 cst.
529 2161 570 2190 In
586 2160 742 2191 Cicerone
767 2161 799 2191 h.
817 2160 838 2190 l.
863 2161 969 2190 nomi-

272 2202 377 2237 natim
393 2206 442 2232 est
457 2202 496 2232 de
520 2203 730 2233 restitutione
752 2204 785 2233 in
801 2203 969 2233 civitatem

270 2245 311 2274 ab
326 2243 433 2274 exilio.

317 2289 353 2316 15
378 2286 444 2316 Sed
456 2286 666 2316 tamen—sed
679 2285 731 2325 ut]
753 2286 835 2317 Ilaec
851 2286 968 2317 Lamb.

271 2338 289 2358 e
313 2328 391 2358 Mss.
416 2327 541 2358 duobus
564 2332 596 2358 et
612 2328 759 2357 Graevius
782 2340 820 2358 ex
846 2329 970 2360 Ersurt.

273 2370 440 2401 addidere:
468 2380 545 2408 quos
568 2376 699 2400 secutus
716 2380 799 2400 sum.
846 2371 884 2401 ln
898 2371 969 2401 edd.

273 2417 356 2443 vett.
381 2417 459 2443 ante
482 2412 696 2449 Lambinum,
717 2419 752 2442 et
774 2413 973 2445 Gruteriana

276 2459 348 2495 post
366 2454 481 2485 Lamb.
496 2464 633 2492 canique
651 2455 860 2493 sequentibus
877 2455 972 2485 modo

276 2500 343 2528 est:
371 2497 418 2527 Ee
431 2501 469 2526 uc
484 2500 515 2525 te
528 2506 603 2525 cnm
619 2498 746 2526 homine
759 2507 823 2526 uno
840 2498 898 2527 διο,

323 2539 359 2569 16
382 2540 457 2575 ista,
473 2548 543 2577 quoe
563 2543 639 2568 sunt
661 2538 793 2578 inflata,
815 2548 975 2578 rumpan-

278 2581 349 2620 tur]
368 2581 430 2611 int.
441 2581 514 2617 ilia,
527 2589 599 2619 quae
613 2584 646 2610 et
661 2580 839 2617 adduntur,
852 2585 925 2611 tum
941 2583 975 2612 in

280 2623 363 2654 Mss.
398 2622 604 2662 quibusdam,
632 2628 706 2652 tum
735 2622 807 2652 edd.
835 2623 977 2654 Auritina

280 2665 436 2704 primum,
470 2663 547 2694 hinc
584 2664 708 2694 Victor.
753 2665 789 2695 P.
818 2665 976 2702 Manutii,

282 2707 397 2737 Lamb.
422 2706 542 2737 delevit
565 2715 675 2736 rursus
690 2706 861 2737 Gruterus.
886 2707 978 2738 bene.

281 2749 420 2780 videtur
448 2749 562 2780 Cicero
593 2749 650 2785 sic,
689 2748 798 2788 aliqua
824 2749 909 2780 freda
937 2749 975 2780 de

282 2801 393 2827 causa,
415 2790 544 2827 dixisse,
559 2800 634 2820 cuin
655 2792 734 2821 satis
756 2791 905 2821 videatur
926 2791 977 2821 fu-

284 2832 358 2870 isse,
373 2833 399 2862 si
412 2832 556 2868 dixisset,
572 2837 609 2862 ut
624 2834 799 2872 aliquando
811 2834 871 2864 itia
886 2843 977 2865 rum-

280 2879 421 2914 pantur,
436 2878 474 2905 ut
489 2874 571 2905 dixit
586 2885 644 2916 pro
661 2875 781 2907 Domo.

1013 2170 1061 2190 res
1077 2169 1189 2189 ornnes
1204 2164 1324 2200 praeter
1339 2159 1445 2189 Graev.

1059 2204 1094 2233 18
1118 2202 1311 2232 obscuritate
1325 2205 1355 2230 et
1375 2198 1533 2238 sordibus]
1559 2198 1646 2229 Illud
1667 2197 1709 2229 ad

1012 2253 1127 2283 genus,
1143 2244 1204 2275 hoc
1221 2243 1260 2273 1111
1277 2252 1381 2273 mores
1397 2246 1509 2282 turpes
1525 2241 1680 2281 pertinet.

1060 2289 1095 2320 19
1110 2291 1146 2316 tu
1168 2286 1206 2316 de
1228 2287 1330 2316 allero
1345 2295 1429 2315 cous.
1443 2295 1479 2324 g.
1495 2282 1570 2322 δια]
1596 2283 1710 2314 ‹Iacta-

1012 2328 1083 2365 bas,
1101 2333 1133 2358 te
1156 2337 1222 2358 non
1246 2327 1341 2358 modo
1357 2337 1456 2366 quam
1483 2330 1608 2366 peteres
1623 2334 1710 2365 quae·

1014 2376 1153 2406 stur-am,
1186 2369 1242 2399 sed
1267 2375 1342 2409 post
1370 2371 1472 2400 etiam
1500 2367 1709 2398 consulatum

1014 2413 1268 2452 impetraturum
1294 2412 1363 2442 sine
1386 2411 1504 2448 dubi0;
1528 2411 1629 2440 etiam
1651 2410 1711 2440 bis.

1015 2455 1053 2484 de
1077 2464 1140 2493 quo
1156 2459 1190 2484 ct
1211 2454 1333 2493 aliquid
1355 2458 1405 2484 est
1425 2462 1524 2493 supra
1537 2462 1566 2482 c.
1581 2454 1611 2483 2.
1626 2456 1712 2483 extr.

1017 2498 1171 2528 Ceterum
1197 2497 1273 2535 quia
1298 2496 1351 2526 hic
1377 2506 1444 2526 non
1470 2504 1576 2525 sermo
1602 2499 1652 2524 est
1673 2493 1713 2524 de

1018 2539 1263 2577 magistratibus
1291 2538 1461 2577 gerendis:
1493 2546 1550 2578 pro
1573 2536 1715 2575 gerendo

1019 2587 1099 2620 puto
1115 2580 1287 2619 legendum
1304 2581 1453 2620 petendo.
1477 2588 1544 2609 non
1567 2578 1715 2620 profecto

1019 2622 1058 2652 de
1095 2622 1235 2661 gerendo
1274 2623 1449 2653 consulatu
1483 2627 1557 2653 turn
1591 2619 1715 2651 stultus

1019 2665 1119 2695 homo
1135 2664 1312 2703 cogitabat.

1063 2708 1104 2737 20
1126 2716 1201 2737 cum
1219 2706 1262 2737 P.
1279 2707 1314 2737 S.
1338 2716 1392 2746 qu.
1416 2703 1623 2743 sit—factus,
1639 2708 1719 2735 tunc

1018 2753 1050 2781 te
1071 2748 1144 2787 δια]
1193 2749 1273 2779 Haee
1297 2758 1364 2779 non
1386 2749 1469 2778 bene
1493 2747 1598 2778 latina
1623 2749 1714 2777 sunt.

1020 2790 1235 2822 Scribcnduin
1252 2796 1323 2828 aut,
1339 2801 1393 2830 qu.
1408 2793 1487 2821 esset
1488 2788 1622 2830 filetus,
1637 2793 1717 2819 tune

1022 2834 1080 2864 ἃς.
1097 2838 1156 2863 aut
1170 2833 1343 2864 delendum
1359 2837 1449 2864 tame.

1063 2876 1101 2907 21
1126 2884 1201 2906 cum
1226 2876 1283 2907 eibi
1309 2884 1431 2916 magno
1458 2875 1601 2907 clamore
1627 2881 1660 2903 α.
1678 2877 1716 2912 p.
