1785 3185
487 130 833 169 PHILIPPICA
862 131 1190 171 UNDECIMA.
1456 137 1553 173 13⁹5

159 249 272 277 erere
292 235 507 277 consulem
530 234 669 275 vellet.
730 233 839 275 Cum
870 233 1115 277 Aristonico
1141 236 1295 278 bellum
1316 237 1596 293 gerendumss

125 251 223 344 ξυίῑ,
249 293 295 335 L.
321 291 502 340 Valerio,
526 290 575 331 P.
603 290 767 332 Licinio
789 291 1049 332 consulibus.
1079 295 1120 323 ⁴0
1133 303 1307 348 rogatus
1328 304 1392 335 cst
1414 310 1548 352 popu·
1565 314 1610 348 13

124 349 203 400 lus,
241 363 367 405 quem
405 349 447 389 id
481 347 636 389 bellum
671 361 815 403 gerere
846 347 1055 403 placeret:
1102 347 1280 390 Crassus
1311 352 1474 403 consul,
1505 362 1548 393 et

123 407 321 464 pontifex
340 406 567 454 maximus,
583 405 735 446 Flacco
755 404 946 460 collegae,
961 405 1124 446 flamini
1143 406 1350 458 Martiali,
1371 409 1548 450 multam

122 464 249 514 dixit,
271 464 305 503 si
322 478 347 504 a
364 462 492 504 sacris
514 462 788 503 discessisset.
810 477 936 517 quam
957 462 1134 504 multam
1157 463 1337 518 populus
1358 464 1546 508 remisit:

119 520 316 576 pontifici
339 530 480 560 tamen
502 519 718 559 flaminem
743 518 1047 574 parerejussit.
1080 519 1151 560 sed
1181 534 1234 560 ne
1258 530 1347 560 tum
1372 522 1546 576 quidem

120 577 302 633 populus
325 577 378 618 ad
400 577 613 632 privatum
635 576 787 616 detulit
810 575 990 617 bellum:
1022 591 1281 631 quamquam
1310 589 1402 619 erat
1430 578 1547 619 Afri-

116 648 263 685 canus,
295 635 368 689 qui
401 648 513 674 anno
545 642 643 674 ante
677 633 730 674 de
762 632 1038 674 Numantinis
1073 633 1432 689 triumphaverat:
1472 637 1590 690 quib,

116 705 216 732 cum
248 691 375 746 longe
408 704 554 731 omnes
590 690 686 732 belli
717 689 853 745 gloria
880 700 924 730 et
954 690 1109 730 virtute
1137 692 1544 746 superaret‚4lduas

115 756 279 788 tantum
317 748 452 789 tribus
487 747 596 788 tulit.
637 748 696 787 ita
731 747 909 802 populus
945 746 1164 788 Romanus
1195 749 1360 789 consuli
1400 750 1542 804 potius

113 803 284 855 Crasso,
306 819 433 860 quam
457 805 622 860 privato
644 802 850 844 Africano
875 803 1030 845 bellum
1051 805 1284 860 gerendum
1307 805 1438 847 dedit.
1474 805 1542 848 De

113 860 196 902 Cn.
218 862 412 917 Pompeii
437 861 640 917 imperiis,
663 862 815 901 summi
839 862 930 911 viri,
953 871 1081 916 atque
1103 862 1295 903 omnium
1316 864 1540 919 principis,

112 919 273 960 tribuni
296 919 431 974 plebis
452 917 683 958 turbulenti
704 918 904 959 tulerunt.
936 932 1034 959 nam
1054 918 1350 960 Sertorianum
1380 920 1537 965 bellum

107 990 134 1015 a
154 987 300 1016 senatu
323 975 489 1030 privato
511 975 658 1015 datum
680 984 758 1025 est,
788 976 889 1030 quia
908 974 1101 1016 consules
1124 977 1404 1019 recusabant:
1435 993 1535 1019 eum

110 1031 159 1072 L.
184 1031 409 1088 Philippus
433 1047 509 1088 pro
539 1031 785 1073 consulibus
807 1046 905 1073 eum
927 1046 970 1073 se
1001 1033 1169 1074 mittere
1191 1034 1317 1085 dixit,
1345 1049 1431 1076 non
1455 1049 1532 1090 pro

106 1090 294 1130 consule.
329 1089 440 1136 Quae
463 1089 595 1145 igitur
616 1089 710 1130 haec
731 1089 934 1131 comitia?
955 1098 1029 1130 aut
1050 1092 1231 1144 42quam
1249 1091 1529 1135 ambitionem
1546 1108 1592 1144 19

105 1147 475 1189 constantissimus
497 1156 540 1186 et
563 1146 837 1202 gravissimus
867 1146 988 1197 civis,
1020 1146 1068 1187 L.
1094 1147 1240 1188 Caesar
1271 1148 1314 1189 in
1337 1157 1532 1192 senatum

105 1202 379 1246 introduxit?
409 1203 643 1244 clarissimo
679 1203 767 1244 viro
801 1212 928 1259 atque
960 1203 1311 1246 innocentissimo
1341 1207 1533 1250 decrevit

102 1259 344 1317 imperium,
385 1261 552 1316 privato
585 1270 740 1301 tamen.
803 1260 853 1301 In
885 1275 970 1315 quo
1001 1261 1238 1303 maximum
1268 1263 1393 1304 nobis
1424 1278 1531 1306 onus

100 1316 322 1374 imposuit.
342 1319 382 1348 43
399 1331 638 1358 assensero:
662 1317 942 1359 ambitionem
966 1318 1175 1359 induxero
1198 1320 1240 1360 in
1260 1320 1436 1361 curiam.
1458 1335 1532 1362 ne-

100 1389 231 1430 gato:
264 1375 442 1417 videbor
463 1374 667 1430 suffragio
696 1389 805 1425 meo,
835 1385 1050 1430 tamquam
1086 1375 1288 1428 comitiis,
1323 1377 1531 1420 honorem

98 1432 263 1474 homini
297 1432 557 1473 amicissimo
590 1433 835 1487 denegasse.
897 1432 1064 1478 Quodsi
1100 1434 1277 1474 comitia
1314 1434 1453 1490 piacet
1485 1437 1530 1477 in

98 1499 247 1530 senatu
270 1489 451 1530 habere:
475 1498 684 1544 petamuS,
707 1490 958 1530 ambiamus.
983 1489 1137 1530 tabella
1155 1491 1282 1532 modo
1305 1492 1430 1533 detur
1451 1507 1529 1534 no-

95 1547 177 1597 bis,
201 1548 313 1588 sicut
341 1546 500 1602 populo
533 1546 633 1586 data
659 1557 737 1586 est.
799 1546 888 1587 Cur
918 1546 1153 1587 committis
1185 1547 1344 1599 Cacsar,
1378 1559 1424 1590 ut
1453 1561 1529 1592 aut

95 1604 473 1659 praestantissimus
496 1603 573 1653 vir,
604 1604 636 1644 si
669 1603 747 1643 tibi
778 1617 864 1644 non
893 1604 947 1644 sit
969 1618 1200 1654 assensum,
1223 1606 1433 1661 repulsam
1459 1617 1526 1648 tu-

92 1660 191 1701 lisse
213 1661 429 1702 videatur:
461 1669 536 1701 aut
551 1660 840 1715 unusquisque
864 1660 1053 1701 nostrum
1078 1662 1333 1716 praeterituS,
1355 1664 1404 1714 si,
1422 1679 1520 1706 cum

92 1719 183 1773 pari
206 1718 417 1773 dignitate
439 1717 585 1767 simus,
606 1719 756 1758 eodem
781 1717 940 1758 honore
961 1718 1080 1772 digni
1101 1733 1184 1758 non
1211 1729 1421 1774 putemur.
1459 1721 1583 1765 Amo

91 1776 206 1816 enim
224 1780 343 1828 (nam
361 1778 402 1805 44
418 1775 457 1815 id
478 1775 681 1825 exaudio)
699 1775 750 1816 C.
773 1773 931 1816 Caesari
953 1775 1268 1817 adolescentulo
1288 1778 1516 1834 imperium

88 1832 473 1873 extraordinarium
498 1845 591 1872 mea
612 1833 822 1873 sententia
839 1832 951 1873 dedi.
1004 1831 1082 1873 Ille
1102 1833 1215 1873 enim
1240 1835 1345 1874 mihi
1368 1839 1516 1890 praesi-

87 1889 206 1929 dium
228 1889 612 1930 extraordinarium
632 1889 819 1930 dederat.
838 1904 936 1929 cum
959 1889 1056 1930 dico
1081 1889 1200 1940 mihi,
1218 1894 1380 1932 senatui
1403 1893 1517 1944 dieo,

87 1946 332 2001 populoque
354 1946 566 1987 Romano.
608 1945 645 1986 A
669 1961 754 2000 quo
778 1946 1016 2001 respublica
1037 1948 1299 2002 praesidium,
1321 1963 1374 1990 ne
1397 1951 1519 2006 cogi-

87 2013 223 2043 tatum
257 2003 445 2058 quidem,
477 2011 643 2044 tantum
675 2003 864 2053 haberet,
899 2012 946 2043 ut
975 2003 1064 2044 sine
1097 2017 1147 2044 eo
1177 2004 1292 2045 salva
1318 2020 1407 2047 esse
1429 2022 1513 2049 non

84 2069 244 2116 posset,
268 2060 367 2101 huic
388 2060 772 2106 extraordinarium
796 2060 1022 2117 imperium
1047 2075 1131 2102 non
1153 2061 1325 2104 darem?
1346 2073 1421 2104 aut
1439 2079 1515 2105 ex-

82 2117 242 2158 ercitus
273 2117 537 2166 adimendus,
569 2125 643 2158 aut
674 2117 899 2172 imperium
930 2117 1116 2158 dandum
1148 2117 1245 2159 fuit.
1307 2119 1418 2166 Quae
1449 2131 1514 2162 est

82 2173 198 2215 enim
219 2174 344 2226 ratio,
365 2183 439 2215 aut
459 2172 533 2229 qui
554 2182 698 2230 potest
718 2174 825 2226 fieri,
847 2184 894 2215 ut
917 2174 1007 2216 sine
1022 2175 1203 2230 imperio
1225 2183 1420 2218 teneatur
1436 2192 1513 2220 ex-

120 2323 162 2351 40
189 2326 325 2360 rogatus
351 2326 399 2352 est
424 2321 574 2361 popul-us]
601 2320 773 2352 Exciderat
816 2322 952 2352 Sueton.
979 2321 1063 2362 Aug.
1087 2333 1115 2353 c.
1131 2325 1182 2353 40.
1198 2323 1249 2354 56.
1265 2327 1299 2354 et
1312 2324 1356 2355 ibi
1371 2325 1511 2358 Casaub.

78 2367 124 2392 est
137 2373 176 2394 ex
189 2363 260 2393 edd.
275 2369 308 2394 et
323 2373 386 2394 scr.
409 2363 585 2394 Redditum
601 2369 651 2394 est
665 2373 682 2393 e
698 2363 773 2393 Vat.
815 2364 871 2395 ubi
898 2369 932 2394 et
957 2365 1123 2403 Augustus
1148 2366 1182 2395 in
1208 2365 1333 2401 duabus
1360 2367 1510 2399 tribubus

80 2404 177 2435 habet
192 2409 226 2436 et
240 2406 304 2436 Gu.
329 2407 408 2436 Mox
425 2406 500 2436 Vat.
513 2408 652 2446 populus
664 2406 773 2444 adpr.

76 2456 136 2486 pro
160 2456 236 2486 pop.
268 2448 364 2479 Rom.
391 2449 477 2488 quod
504 2453 539 2479 et
563 2449 670 2489 ipsum
696 2452 770 2488 post

77 2488 245 2521 Graevium
259 2495 389 2521 secutus
403 2500 488 2521 sum.

116 2533 154 2561 41
180 2531 264 2562 duas
277 2536 408 2563 tantum
424 2533 526 2563 tribus
539 2533 630 2572 tulit]
657 2532 770 2563 Mure-

72 2576 127 2602 tus
143 2584 161 2604 e
175 2573 251 2604 Vat.
266 2574 366 2605 edidit
382 2576 464 2606 duas
478 2580 588 2606 tamen
602 2576 705 2605 tribus
721 2585 769 2604 so-

71 2616 134 2651 las,
148 2615 235 2655 quod
246 2620 282 2645 et
291 2617 438 2648 Graevius
450 2619 583 2657 recepit.
598 2617 680 2648 mihi
692 2627 768 2647 vero

70 2657 223 2691 ealectio
240 2667 306 2687 non
321 2660 452 2690 arridet.
487 2659 641 2696 Intellige
658 2664 767 2690 autem

70 2699 154 2730 duas
168 2699 243 2730 illas
255 2701 360 2731 tribus
371 2711 464 2732 suas:
479 2712 497 2731 e
508 2712 573 2740 quo
585 2703 670 2733 forte
685 2703 768 2732 solas

69 2741 216 2772 factum:
241 2742 303 2772 nisi
321 2743 406 2774 forte
416 2748 455 2776 ,et
476 2743 560 2774 duas
581 2755 599 2775 e
621 2754 700 2775 suas
721 2744 770 2774 fa-

67 2790 172 2814 ctum.
199 2784 318 2824 quippe
332 2795 407 2816 eum
422 2785 559 2826 duplicis
573 2786 708 2818 familiae
720 2796 769 2815 es-

64 2829 127 2862 set,
144 2825 179 2855 iu
196 2825 321 2857 duabus
336 2827 483 2858 tribubus
499 2832 588 2859 erat:
606 2838 678 2867 quae
693 2837 767 2858 eum

63 2867 183 2906 gratioe
204 2873 239 2910 et
254 2867 386 2901 honoris
402 2880 501 2901 causa
518 2876 718 2914 creayerant.
736 2880 768 2900 v.

817 2407 881 2436 suis
897 2407 1086 2446 suffragium
1102 2406 1215 2437 tulisse
1230 2407 1360 2439 dicitur.

853 2451 894 2478 42
920 2458 1020 2489 quam
1046 2450 1268 2489 ambitionem]
1297 2450 1404 2481 intell.
1427 2451 1461 2481 h.
1485 2451 1509 2483 l.

812 2490 957 2520 studium
980 2491 1095 2530 gratia*-
1110 2491 1274 2528 ineundae,
1296 2497 1333 2522 ut
1357 2503 1445 2526 mox.
1469 2493 1509 2525 de

811 2542 876 2571 qua
888 2533 976 2563 verbi
992 2534 1022 2563 vi
1038 2532 1146 2564 Clavis
1161 2533 1308 2564 videnda.

852 2577 892 2604 43
915 2574 1090 2613 assensero]
1118 2576 1195 2606 Vat.
1211 2585 1358 2606 assensus
1372 2587 1435 2607 ero·
1459 2577 1508 2608 nil

812 2616 957 2648 interest.
994 2626 1118 2655 negare)
1146 2617 1262 2647 melius
1289 2628 1386 2656 quam
1415 2619 1507 2658 vulg.

810 2668 982 2696 negavero.
997 2661 1076 2690 item
1092 2659 1264 2697 denegasse
1280 2659 1313 2690 in
1328 2660 1393 2690 fine
1408 2670 1508 2699 quam

811 2702 1032 2739 deneg-azyme.
1045 2705 1080 2731 et
1093 2702 1138 2733 sic
1153 2702 1228 2731 Vat.
1340 2731 1344 2735 ,
1503 2726 1505 2728 .

845 2745 887 2773 44
901 2744 938 2773 id
949 2743 1101 2782 exaudio]
1123 2742 1253 2782 Nempe
1268 2743 1419 2777 dicebant
1435 2745 1508 2783 qui-

811 2784 886 2815 dam
903 2786 1073 2821 submisse,
1098 2784 1154 2815 scd
1176 2792 1215 2814 ut
1230 2785 1344 2816 Cicero
1357 2785 1483 2816 audiret
1497 2799 1506 2817 :

811 2826 875 2856 hoc
888 2833 938 2857 est
956 2829 1106 2858 exaudio.
1151 2827 1213 2857 Pro
1228 2827 1264 2857 id
1283 2827 1367 2859 forte
1387 2828 1508 2860 melius

811 2869 860 2898 ica
877 2869 985 2910 legatu
991 2880 1014 2901 r.

731 2917 863 2953 4x4
