1812 3147
434 92 543 132 PRO
569 91 728 130 DOMO
754 93 856 131 SUA
880 92 954 131 AD
981 93 1184 131 PONTIF.
1454 95 1531 134 867

91 195 249 238 lumnae
271 209 522 238 marmoreae
544 210 599 237 ex
622 195 786 238 aedibus
813 196 933 247 meis,
957 196 1225 251 inspectante
1255 195 1416 251 populo
1440 194 1531 236 Ro-

90 267 236 305 mano,
261 256 298 285 ¹⁵
311 253 365 294 ad
387 268 555 295 socrum
577 253 764 295 consulis
785 255 1091 310 portabantur:
1125 253 1166 292 in
1187 251 1368 293 fundum
1386 262 1529 293 autem

90 310 224 351 vicini
245 310 432 352 consulis
454 325 540 352 non
573 311 918 361 instrumentum,
942 320 1015 350 aut
1037 319 1288 350 ornamenta
1310 309 1433 359 villan,
1458 310 1528 350 scd

90 368 222 408 etiam
252 368 425 410 arbores
455 367 841 409 transferebantur:
875 382 972 408 cum
1007 367 1099 422 ipsa
1127 366 1224 407 villa
1255 380 1340 406 non
1374 367 1530 421 praedm

91 424 344 480 cupiditate,
364 425 487 481 (quid
510 425 625 466 enim
646 435 737 466 erat
763 424 921 480 praeda:
938 427 969 474 ἓ)
1001 424 1072 464 sed
1095 423 1195 464 odio
1217 432 1259 463 et
1282 423 1532 464 crudelitate

91 481 286 523 funditus
317 491 592 524 everteretur.
656 481 822 522 Domus
853 481 1030 522 ardebat
1063 481 1111 535 5¹¹.
1139 479 1307 520 Palatio
1329 495 1414 520 non
1446 480 1531 520 for-

91 538 218 590 tuito,
241 539 313 581 sed
335 539 482 581 oblato
505 539 728 581 incendio:
761 538 956 580 consules
978 538 1276 594 epulabantur,
1297 546 1341 577 et
1363 537 1405 577 in
1429 551 1531 577 con-

83 595 330 651 juratorum
361 596 650 653 gratulatione
680 597 972 646 versabantur,
995 610 1093 636 cum
1123 594 1228 636 alter
1261 609 1303 634 se
1327 593 1528 635 Catilinae

92 652 282 705 delicias,
310 653 417 695 alter
449 654 633 710 Cethegi
665 654 970 694 consobrinum
1004 652 1135 693 fuisse
1165 652 1340 693 diceret.
1402 650 1529 692 Hanc
1543 657 1591 691 63

91 723 174 766 ego
199 710 300 762 vim,
322 711 564 766 pontifices,
586 711 670 752 hoc
701 710 852 760 scelus,
877 711 991 752 hunc
1014 710 1200 750 furorem
1234 723 1330 749 meo
1353 723 1531 764 corpore

52 770 55 773 ’
91 767 311 823 oppositO,
342 769 397 809 ab
427 769 621 809 omnium
656 768 866 809 bonorum
889 767 1128 808 cervicibus
1158 766 1318 822 depuli,
1340 780 1533 806 omnem-

93 838 178 878 que
215 823 426 881 impetum
458 826 783 876 discordiarum,
817 839 989 866 omnem
1028 825 1066 858 16
1082 824 1155 865 diu
1189 823 1409 865 collectam
1447 822 1534 863 vim

91 879 407 937 improborum,
429 898 526 938 quae
558 883 809 932 inveterata,
832 896 1077 938 compresso
1099 881 1199 922 odio
1229 891 1359 936 atque
1387 880 1534 931 tacito,

86 937 180 994 jam
202 941 471 996 erumpebat,
503 949 629 981 nacta
651 950 738 981 tam
769 940 950 980 audaces
973 940 1117 987 duces,
1139 938 1291 994 excepi
1322 952 1418 979 meo
1441 952 1535 978 cor-

93 1009 213 1052 pore.
273 996 324 1037 In
356 1012 424 1038 me
455 1012 541 1038 uno
572 997 814 1039 consulares
847 996 976 1048 faces,
1002 996 1135 1052 jactae
1171 995 1370 1036 manibus
1401 990 1667 1049 tribu-Ps-''ss’ss-

91 1052 243 1095 niciis:
275 1053 320 1094 in
352 1069 421 1095 me
442 1055 602 1106 omnia,
624 1070 721 1110 quae
754 1069 835 1110 ego
858 1054 1075 1109 quondam
1106 1053 1363 1103 retuderam,
1385 1052 1536 1107 conju·
1551 1043 1581 1062 ‘¹'

0 1127 2 1166 5
92 1111 274 1152 rationis
296 1111 461 1153 nefaria
482 1112 565 1153 tela
586 1113 874 1153 adhaeserunt.
935 1111 1119 1162 Quodsi,
1141 1120 1190 1152 ut
1220 1110 1365 1151 multis
1394 1109 1537 1150 fortis-

95 1167 213 1209 simis
239 1168 339 1209 viris
371 1169 547 1225 placuit,
571 1170 612 1210 vi
635 1179 679 1210 et
709 1170 836 1210 armis
859 1178 1010 1210 contra
1031 1168 1115 1209 vim
1140 1168 1357 1209 decertare
1380 1166 1537 1208 voluis-

84 1239 208 1267 ·sem:
241 1235 317 1266 aut
349 1227 547 1267 vicissem
580 1241 678 1267 cum
707 1241 866 1282 magna
899 1225 1191 1267 internecione
1224 1225 1536 1280 improborum,

87 1283 168 1324 -sed
206 1292 349 1324 tamen
388 1284 574 1336 civium3
607 1293 695 1335 aut,
728 1283 968 1325 interfectis
1014 1283 1133 1324 bonis
1173 1283 1388 1333 omnibus,
1419 1282 1534 1336 quod

89 1339 174 1381 illis
214 1341 533 1397 optatissimum
573 1349 678 1392 erat,
721 1356 806 1382 una
841 1355 941 1381 cum
979 1340 1200 1397 republica
1235 1339 1533 1380 concidissem.

93 1396 323 1449 Videbam,
355 1398 454 1439 vivo
488 1408 637 1439 senatu
677 1398 924 1454 populoque
967 1397 1181 1448 Romano,
1215 1397 1394 1438 celerem
1427 1396 1598 1436 mil1i64

94 1467 261 1495 summa
297 1470 395 1496 cum
434 1455 648 1512 dignitate
686 1456 895 1497 reditum:
935 1470 1012 1496 nec
1048 1454 1358 1510 intelligebam,
1395 1457 1430 1487 17
1445 1453 1535 1494 fieri

83 1512 252 1553 -diutius
275 1527 414 1568 posse,
431 1522 479 1553 ut
500 1513 606 1554 mihi
629 1527 713 1553 non
738 1512 885 1553 liceret
903 1527 994 1553 esse
1016 1513 1059 1553 in
1082 1527 1132 1554 ea
1153 1511 1388 1568 republica,
1408 1525 1537 1566 quam

95 1568 187 1625 ipse
209 1583 456 1610 servassem.
481 1572 517 1600 ¹8
531 1570 645 1625 quod
671 1570 704 1610 si
728 1584 814 1610 non
837 1569 1009 1612 liceret:
1032 1570 1250 1610 audieram
1273 1579 1317 1610 et
1338 1569 1539 1622 legeram,

90 1626 352 1667 clarissimos
374 1636 533 1668 nostrae
556 1627 746 1668 civitatis
770 1627 883 1668 viros
916 1642 959 1668 se
986 1627 1078 1667 l9in
1112 1627 1276 1667 medios
1309 1626 1454 1666 hostes
1485 1626 1538 1666 ad

93 1684 366 1740 perspicuam
403 1695 599 1736 mortem,
633 1699 711 1740 pro
751 1683 886 1725 salute
919 1684 1149 1735 exercitus,
1184 1684 1406 1739 injecisse:
1439 1696 1537 1738 ego,

92 1755 171 1796 pro
193 1740 328 1782 salute
350 1741 599 1798 reipublicae
622 1743 849 1792 universae,
871 1742 1112 1783 dubitarem
1137 1741 1219 1783 hoc
1242 1741 1416 1781 meliore
1433 1754 1538 1781 con-

93 1797 258 1839 ditione
280 1813 385 1850 esse,
407 1814 538 1854 quam
565 1799 705 1850 Decii,
725 1799 838 1854 quod
863 1799 923 1839 illi
946 1814 998 1840 ne
1019 1799 1235 1840 auditores
1251 1798 1425 1854 quidem
1448 1812 1536 1838 suae

94 1854 259 1910 gloriae,
297 1870 379 1912 ego
416 1857 546 1898 etiam
587 1866 804 1913 spectator
841 1871 949 1898 meae
982 1856 1119 1897 laudis
1157 1870 1248 1896 esse
1285 1856 1536 1911 potuissem.
1599 1903 1618 1912 Η

95 1912 248 1967 ltaque
270 1913 477 1955 infractus
493 1914 609 1955 furor
627 1924 739 1965 tuus,
762 1914 909 1955 inanes
930 1913 1118 1955 faciebat
1139 1913 1340 1968 impetus.
1364 1927 1534 1953 omnem
1551 1903 1620 1952 ‘20

91 1969 208 2010 enim
232 1970 320 2011 vim
341 1971 535 2012 omnium
567 1971 867 2013 sceleratorum
901 1971 1112 2012 acerbitas
1143 1972 1225 2011 mei
1258 1985 1379 2011 casus
1411 1984 1538 2010 exce-

86 2036 228 2082 perat.
251 2041 337 2069 non
360 2038 450 2069 erat
472 2029 515 2070 in
539 2039 626 2069 tam
648 2029 825 2070 immani
849 2029 1007 2083 injuria
1027 2028 1243 2082 tantisque
1260 2027 1392 2068 ruinis
1412 2041 1536 2067 novae

83 2084 337 2142 crudelitati
356 2085 490 2128 locus.
524 2086 636 2128 Cato
656 2086 795 2127 fuerat
817 2086 1058 2142 proximus.
1077 2085 1180 2140 quid
1203 2087 1375 2142 ageres?
1396 2086 1438 2116 20
1451 2098 1536 2124 non
1550 2089 1599 2123 65

137 2210 174 2239 15
197 2209 243 2239 ad
254 2210 414 2250 socerum]
441 2211 493 2241 Sic
511 2221 574 2242 scr.
589 2215 622 2241 et
637 2211 708 2241 edd.
723 2221 794 2241 om-

837 2210 909 2250 Ego
930 2210 975 2240 sic
999 2199 1238 2240 constituerim.
1282 2208 1401 2249 Quid?
1422 2209 1450 2238 si
1476 2218 1540 2238 non

93 2259 162 2283 neS.
206 2251 278 2292 Ego
293 2262 420 2283 socrum
443 2253 540 2291 edidi,
558 2260 597 2283 ut
620 2255 794 2284 Manutius

838 2253 974 2283 liceret?
988 2249 1360 2291 Audieram—injecisse
1370 2265 1379 2280 .·
1397 2260 1467 2290 ego,
1478 2261 1540 2290 pro

97 2294 187 2323 1540.
201 2295 361 2333 probante
377 2295 549 2327 Lambino.
591 2297 693 2326 dubet
707 2296 794 2326 clare

93 2333 184 2365 locus
198 2336 255 2367 Or.
270 2338 304 2366 in
321 2338 429 2368 Pison.
445 2349 472 2368 c.
493 2341 538 2368 11.
555 2339 655 2378 Apud
667 2348 796 2368 socrum

94 2381 200 2414 tuam,
217 2388 320 2419 prope
341 2390 363 2410 a
379 2381 458 2411 meis
480 2382 612 2417 cedibus,
628 2379 723 2422 cujus
742 2381 796 2411 do·

93 2428 185 2450 mum
200 2422 246 2451 ad
259 2432 367 2452 meam
389 2424 649 2454 eoehauriendam
666 2423 797 2464 patefe-

92 2470 196 2499 ceras,
210 2464 350 2494 sedebas.

139 2503 178 2534 16
198 2505 256 2536 diu
269 2508 388 2537 collect.
404 2507 472 2538 vim
487 2506 639 2547 improb]
659 2507 715 2537 Vis
736 2508 797 2537 im-

89 2546 267 2585 proborum
281 2554 331 2578 est
347 2550 408 2585 ira,
425 2554 464 2579 ut
483 2555 575 2590 patet
591 2560 608 2579 e
624 2551 721 2580 verbo
736 2551 798 2580 eol-

96 2587 180 2618 lecca
198 2595 232 2620 et
253 2592 464 2630 erumpebat:
486 2592 640 2622 similiter
662 2591 700 2622 de
723 2592 797 2622 odio

97 2628 181 2659 dixit
193 2631 234 2661 ad
248 2632 367 2669 Div.1,
383 2638 415 2667 9.

140 2673 175 2705 17
189 2673 272 2714 fieri
294 2675 417 2705 diutius
435 2676 539 2715 posse]
557 2675 699 2707 Diutius
716 2675 799 2707 mal-

97 2711 164 2743 lem
180 2719 349 2755 transponi
365 2724 440 2758 post
452 2723 489 2748 ut
505 2719 596 2748 milei.

141 2757 178 2801 ἰῇ
200 2759 283 2796 quod
300 2761 327 2788 si
350 2770 413 2789 non
435 2761 544 2790 liceret
560 2759 634 2799 δῖα]
659 2759 798 2790 'soi-sere

97 2804 131 2825 se
151 2799 210 2828 vrri
232 2799 319 2830 docti
339 2801 372 2831 in
396 2802 458 2832 hoe
480 2802 552 2832 loco
567 2801 799 2832 constituendo

94 2847 153 2878 per
179 2842 439 2883 emendationes,
472 2853 531 2885 per
556 2844 798 2875 distinctiones.

836 2295 1182 2334 salute—potuissem?
1205 2294 1266 2324 Est
1290 2294 1378 2323 enim
1402 2293 1539 2323 manife—

838 2343 890 2367 sta
911 2337 1158 2376 argumentatio
1171 2346 1190 2366 a
1207 2336 1328 2366 minori
1351 2335 1391 2365 ad
1413 2338 1538 2375 majus:

839 2381 932 2419 cujus
948 2379 1018 2409 haec
1033 2384 1083 2409 cst
1097 2379 1204 2409 forma
1218 2378 1379 2417 legitima.
1425 2377 1541 2407 Paullo

838 2428 912 2462 post
937 2428 1019 2462 puto
1044 2430 1103 2462 pro
1127 2431 1192 2451 esse
1217 2420 1391 2460 legendum
1406 2418 1544 2458 facere.-

841 2463 1034 2504 Izocsacere,
1051 2473 1094 2494 sc.
1111 2468 1148 2493 ut
1166 2473 1219 2493 me
1235 2462 1334 2493 morti
1349 2461 1521 2500 objicerem
1535 2473 1542 2490 t

840 2513 899 2536 aut
927 2508 961 2536 in
991 2508 1059 2544 hoc,
1088 2515 1220 2546 nempe,
1249 2506 1284 2535 in
1313 2510 1419 2535 morte
1445 2513 1543 2543 oppe-

841 2549 953 2579 tenda.

888 2594 923 2624 19
947 2592 980 2621 in
997 2601 1041 2621 m.
1059 2588 1363 2629 hostes—injemse]
1389 2588 1453 2617 Pro
1468 2597 1546 2617 con-

841 2633 966 2671 iecisse,
988 2644 1017 2663 v.
1040 2632 1131 2663 Clav.
1155 2635 1189 2661 et
1214 2631 1386 2661 Drakenb.
1408 2629 1449 2659 ad
1470 2629 1544 2660 Liv.

835 2666 1001 2712 'xxxm
1014 2676 1068 2706 46.

885 2721 926 2747 20
941 2728 1002 2747 non
1019 2721 1104 2753 crat,
1120 2720 1159 2746 ut
1173 2714 1242 2755 qui]
1270 2714 1334 2743 Hic
1350 2713 1442 2743 locus
1457 2714 1545 2745 varie

841 2759 1061 2800 interpolatus
1086 2764 1136 2788 est
1162 2758 1198 2787 in
1226 2755 1306 2786 Mss.
1351 2755 1411 2785 Est
1434 2765 1545 2785 corru—

843 2807 932 2841 ptuS,
949 2812 1008 2833 nec.
1020 2801 1129 2832 sanari
1143 2803 1252 2840 potest
1268 2798 1338 2828 sine
1358 2797 1545 2828 melioribus

844 2844 946 2875 libris.

751 2891 877 2930 3L4
