1769 3174
508 100 636 141 PRO
673 97 768 140 CN.
808 98 1118 141 PLANCIO.
1453 102 1527 142 931

93 203 267 247 tulisse:
300 205 584 262 praeposuisse
614 219 658 245 se
691 204 748 251 Q.
772 203 944 256 Catulo,
974 218 1140 245 summa
1162 203 1204 245 in
1228 201 1392 247 familia
1411 215 1530 257 nato,

91 262 407 318 sapientissimo
429 271 472 304 et
501 261 770 302 sanctissimo
793 262 899 312 viro,
930 275 1018 301 non
1048 261 1146 302 dico
1175 264 1215 292 24
1229 261 1281 303 C.
1307 263 1532 312 Sei-anum,

90 333 179 359 non
201 319 499 361 stultissimum
521 318 873 370 hominem,(fuit
893 317 1007 358 enim
1025 328 1068 359 et
1089 317 1220 358 animi
1243 319 1344 359 satis
1367 319 1529 375 magni,

89 385 132 416 et
154 376 357 427 consilii,)
379 376 448 417 sed
473 375 556 417 Cn.
580 374 811 426 Manlium,
834 389 919 415 non
948 373 1085 416 solum
1109 375 1359 430 ignobilem,
1384 390 1530 416 verum

90 433 182 473 sine
207 433 376 484 virtute,
399 434 488 474 sine
510 433 700 488 ingenio,
722 434 761 462 25
777 433 866 473 vita
880 432 1008 473 etiarn
1033 441 1252 473 contemta
1272 447 1322 473 ac
1343 432 1528 473 sordida.

89 488 402 531 Desiderarunt
433 501 489 541 te,
511 489 666 544 inquit,
687 488 800 530 oculi
833 489 931 540 mei,
951 488 1104 530 26cum
1127 498 1172 530 tu
1193 503 1305 530 esses
1329 489 1525 544 Cyrenis,
1543 498 1587 532 13

87 559 158 586 me
192 547 323 597 enim,
349 561 475 602 quam
510 547 665 597 socios,
689 556 762 586 tua
792 545 875 586 frui
907 546 1066 587 virtute
1094 545 1328 588 malebam:
1360 556 1417 596 et,
1439 560 1526 601 quo

88 603 182 659 plus
214 604 431 655 intererat,
461 618 513 644 eo
547 602 641 659 plus
676 603 824 643 aberas
857 618 883 644 a
914 617 1009 645 me:
1041 614 1156 645 certe
1192 618 1279 645 non
1311 603 1526 644 videbam.

85 659 241 701 deinde
272 660 488 702 sitientem
521 674 589 701 me
619 660 790 702 virtutis
812 669 898 701 tuae
920 660 1144 701 deseruisti
1175 676 1224 702 ac
1246 659 1526 716 dereliquisti.

85 731 283 773 coeperas
305 717 420 759 enim
442 727 586 773 petere
608 717 874 758 tribunatum
896 716 1032 773 plebis
1055 719 1320 773 temporibus
1342 717 1407 768 iis,
1429 732 1527 773 quae

87 773 214 814 istam
237 774 526 830 eloquentiam
556 783 600 815 et
627 774 829 815 virtutem
862 775 1158 829 requirebant:
1192 790 1321 830 quam
1354 775 1531 831 petitio-

86 845 185 872 nem
207 846 305 872 cum
331 831 584 886 reliquisses,
605 832 644 864 97
660 831 694 871 si
714 830 800 873 hoc
828 831 1041 884 indicasti,
1064 840 1184 872 tanta
1207 833 1250 874 in
1277 841 1531 888 tempestate

85 898 129 930 te
159 889 398 944 gubernare
429 903 516 929 non
547 901 687 944 posse,
708 888 762 929 de
794 889 953 930 virtute
982 897 1057 930 tua
1077 889 1296 932 dubitavi:
1329 889 1364 930 si
1395 889 1530 942 nolle;

84 945 140 986 de
164 945 398 987 voluntate.
419 946 499 996 sin,
522 945 639 1001 quod
667 946 806 1002 magis
838 945 1049 1002 intelligo,
1072 947 1339 1002 temporibus
1363 955 1404 987 te
1437 946 1530 988 aliis

83 1003 335 1045 reservasti:
358 1017 441 1059 ego
463 1017 651 1058 quoque,
676 1003 868 1058 inquam,
887 1014 930 1044 et
953 1004 1195 1059 respublica
1215 1004 1265 1046 ad
1289 1018 1340 1045 ea
1363 1012 1405 1045 te
1423 1013 1532 1045 tem-

84 1074 193 1116 pora
214 1062 254 1092 ⁶28
268 1060 482 1111 revocavi,
504 1060 557 1101 ad
588 1074 686 1115 quae
721 1070 766 1100 tu
795 1070 837 1100 te
865 1061 958 1116 ipse
992 1075 1195 1102 servaras
1259 1061 1364 1103 Pete
1399 1061 1533 1118 igitur

84 1131 184 1158 eum
207 1117 522 1173 magistratum,
546 1117 589 1157 in
611 1131 697 1172 quo
721 1116 830 1158 mihi
859 1132 1030 1173 magnae
1054 1118 1232 1160 utilitati
1254 1133 1345 1160 esse
1369 1119 1531 1175 possis:

86 1174 232 1215 aediles
255 1175 516 1230 quicumque
537 1184 677 1226 erunt,
698 1177 738 1209 29
754 1174 867 1215 idem
897 1174 1006 1215 mihi
1038 1184 1138 1216 sunt
1163 1175 1334 1231 judices
1367 1176 1531 1232 parati:

84 1231 248 1272 tribuni
269 1231 419 1287 plebis,
444 1231 667 1287 permagni
689 1231 880 1283 interest,
904 1232 978 1287 qui
1012 1233 1114 1274 sint.
1137 1247 1268 1289 quare
1300 1243 1376 1274 aut
1405 1233 1534 1274 redde

83 1288 192 1330 mihi
225 1289 339 1344 quod
373 1289 645 1331 ostenderas:
677 1298 765 1340 aut,
803 1289 853 1339 si,
885 1289 1001 1344 quod
1035 1304 1130 1331 mea
1167 1291 1308 1331 minus
1340 1291 1532 1342 interest,

84 1347 128 1387 id
160 1354 201 1386 te
232 1346 370 1402 magis
400 1346 512 1387 forte
541 1345 742 1398 delectat,
777 1345 952 1387 reddam
986 1346 1065 1388 tibi
1100 1347 1226 1388 istam
1264 1348 1532 1398 aedilitatem,

85 1403 216 1444 etiam
239 1403 508 1459 negligenter
530 1402 710 1459 petenti.
762 1402 847 1444 Sed
869 1403 1156 1459 amplissimos
1178 1405 1362 1446 honores
1385 1414 1433 1447 ut
1453 1420 1532 1461 pro

87 1460 302 1516 dignitate
343 1469 419 1501 tua
449 1474 726 1515 consequare,
763 1460 1003 1513 condiscas,
1035 1475 1205 1514 censeo,
1239 1462 1348 1503 mihi
1388 1462 1532 1519 paullo

85 1517 334 1573 diligentius
356 1517 612 1574 supplicare.

144 1574 256 1617 Haec
297 1574 445 1631 populi
489 1575 627 1616 oratio
669 1582 758 1616 est:
809 1589 906 1616 mea
947 1589 1063 1628 vero,
1108 1576 1365 1626 Laterensis,
1406 1575 1502 1618 haec
1519 1593 1528 1619 ε
1546 1587 1594 1622 14

87 1632 232 1679 Quare
259 1632 399 1673 victus
435 1632 506 1683 sis,
539 1646 626 1673 non
655 1632 811 1673 debere
841 1632 1035 1687 judicem
1070 1648 1276 1689 quaerere,
1311 1634 1440 1675 modo
1476 1637 1578 1691 ne6
1618 1675 1626 1681 ,

85 1688 313 1746 largitione
336 1690 390 1730 sis
412 1689 567 1730 victus.
588 1703 704 1740 nam,
727 1689 776 1740 si,
799 1689 1155 1745 quotiescumque
1184 1692 1427 1748 praeteritus
1449 1692 1531 1733 erit

86 1746 136 1797 is,
169 1747 243 1801 qui
276 1761 361 1787 non
393 1746 590 1788 debuerit
625 1746 850 1802 praeteriri,
880 1747 1008 1790 toties
1039 1749 1274 1803 oportebit,
1306 1764 1419 1800 eum,
1455 1749 1529 1804 qui

85 1803 224 1844 factus
255 1805 350 1855 erit,
383 1803 684 1845 condemnari:
717 1803 825 1844 nihil
850 1803 946 1859 jam
974 1812 1054 1858 est,
1087 1806 1203 1860 quod
1237 1806 1398 1862 populo
1430 1821 1663 1867 sup-pstea

37 1905 40 1908 Δ
86 1860 293 1917 plicetur:
332 1860 508 1914 30nihil,
543 1861 660 1917 quod
694 1860 911 1913 diremtio,
948 1859 1072 1914 nihil,
1105 1863 1220 1918 quod
1250 1863 1528 1920 [supplicatio
1543 1880 1573 1902 a.

126 1992 168 2020 24
195 1989 226 2020 C.
243 1989 422 2030 Soranum]
451 1990 504 2021 Sic
525 2000 565 2021 ex
589 1990 723 2031 optimis
748 1990 788 2021 li-

84 2032 150 2062 bris
178 2042 236 2072 pro
270 2033 303 2063 C.
334 2033 494 2063 ,Serenum
527 2033 671 2063 restituit
698 2033 789 2063 Grae-

86 2075 173 2105 vius:
198 2075 284 2113 quod
299 2080 332 2106 et
353 2085 410 2115 per
424 2075 647 2114 conjecturam
665 2075 790 2106 viderat

86 2116 122 2148 P.
139 2117 321 2147 Manutius.
346 2127 377 2147 v.
393 2117 484 2147 Clav.
507 2117 540 2146 in
566 2117 718 2147 Serenus.
735 2117 788 2147 de-

85 2159 160 2189 inde
176 2158 261 2189 idem
278 2170 341 2190 uon
361 2159 591 2190 stultissimum
614 2160 647 2189 in
661 2169 724 2198 quo
740 2164 790 2189 ta-

86 2210 162 2231 men
185 2211 247 2231 ηοη
268 2208 319 2232 est
338 2213 357 2233 e
378 2203 580 2240 conjectura,
602 2201 657 2231 sed
682 2211 791 2231 neces-

85 2245 181 2275 naria.
219 2243 398 2284 Vulgatum
420 2244 665 2274 subtilissimum
692 2245 791 2273 laonii-

86 2294 161 2315 nem
183 2296 297 2316 verum
321 2296 389 2317 esse
415 2295 481 2316 non
503 2290 632 2326 potest:
657 2286 792 2324 quodid

86 2328 220 2358 verbum
243 2328 288 2358 sie
315 2337 382 2359 non
412 2328 543 2365 dicitur,
569 2334 606 2357 ut
630 2328 662 2357 h.
691 2328 714 2358 1.
741 2329 791 2357 in-

87 2369 191 2410 telligi
207 2370 349 2402 deberet.
385 2370 526 2401 Omissio
542 2369 713 2410 particutae
729 2379 792 2400 non

87 2413 213 2452 peperit
238 2422 310 2443 eam
338 2413 527 2449 lectionem,
557 2421 633 2442 cum
669 2412 793 2444 videret

87 2459 250 2484 corrector
262 2456 397 2485 verbum
410 2455 514 2485 laudis
532 2453 661 2493 requiri.

129 2499 168 2527 25
192 2498 259 2527 vita
279 2498 380 2528 etiam
398 2501 560 2527 contemta
581 2507 621 2526 ac
643 2496 788 2536 sordida]

88 2535 151 2568 Pro
179 2543 340 2570 contemta
366 2540 398 2570 ὖ.
425 2540 474 2569 Fr.
502 2539 685 2568 Gronovius
711 2538 793 2577 legit

86 2585 248 2617 contenta,
266 2582 285 2612 i.
300 2592 329 2611 e.
346 2592 456 2622 parca,
470 2581 512 2612 ad
533 2580 640 2610 plaut.
656 2581 746 2610 Asin.
763 2582 791 2619 I,

92 2623 119 2651 1.
141 2622 192 2654 63.
218 2624 271 2653 ubi
297 2628 360 2659 est,
385 2627 492 2653 macer
516 2623 623 2661 <ipsum
645 2627 736 2652 arete
762 2628 793 2654 ec

87 2669 232 2695 contente
246 2666 350 2695 habet.
387 2666 510 2696 Verum
526 2668 676 2694 contenta>
691 2664 792 2695 hone-

87 2705 168 2736 stius
191 2707 271 2737 mihi
290 2707 417 2737 videtur
434 2716 532 2746 quam
555 2715 613 2746 pro
627 2707 793 2736 sententia

89 2745 162 2777 loci.
207 2748 299 2779 Infra
317 2750 507 2789 junguntur
533 2748 741 2788 twpissz'mus
762 2753 794 2779 et

90 2790 337 2821 cordidissimus.

131 2832 171 2862 26
199 2841 274 2863 cum
302 2838 338 2864 tu
366 2842 445 2863 esses
472 2830 618 2872 Cyrenis]
652 2831 728 2862 Fuit
759 2832 792 2862 in

830 1991 998 2031 provincia
1014 1992 1193 2032 Cyrenaica
1211 1998 1355 2032 qnaestor
1375 1993 1534 2025 Lateren—

830 2034 885 2070 sis,
915 2044 991 2064 cum
1028 2035 1141 2065 laude:
1179 2037 1271 2076 quus
1306 2037 1351 2067 rei
1379 2042 1413 2067 et
1449 2037 1535 2067 infra

831 2076 970 2106 mentio.

873 2121 913 2151 27
936 2119 963 2148 si
987 2119 1044 2148 hoe
1058 2118 1223 2159 indicasti]
1248 2119 1331 2151 Edd.
1347 2125 1427 2151 vett.
1442 2119 1538 2162 jvda'-

832 2161 926 2196 casti,
943 2166 979 2190 ut
995 2166 1030 2191 et
1049 2160 1128 2191 Mss.
1147 2162 1267 2200 niulti3
1292 2162 1385 2202 idque
1410 2173 1540 2194 revoca-

832 2201 881 2231 vit
903 2203 1071 2233 Graevius:
1096 2203 1192 2235 male.
1214 2205 1275 2235 etsi
1300 2205 1332 2234 id
1354 2206 1433 2236 satis
1457 2206 1539 2236 bene

834 2245 989 2274 convenit
1014 2246 1183 2285 proximis,
1208 2251 1240 2277 te
1262 2248 1449 2285 gnbernare
1475 2257 1541 2277 non

828 2296 932 2324 posse,
951 2291 1064 2318 tamen
1079 2297 1146 2318 non
1169 2290 1378 2327 sequentibus
1392 2291 1419 2320 si
1435 2292 1537 2322 7205!oe

834 2329 920 2367 quod
937 2330 1107 2360 manifeste
1123 2331 1275 2361 indicasti
1290 2333 1438 2372 requirit.

876 2374 916 2401 23
940 2372 1101 2411 revocat-i]
1128 2373 1224 2403 forte
1240 2375 1473 2406 revocavimus.

877 2416 917 2446 2¹5)
939 2413 1024 2443 idem
1054 2415 1133 2444 milii
1158 2420 1235 2445 sient
1253 2414 1384 2455 judices
1406 2417 1536 2456 parati]

836 2454 908 2485 Hoc
933 2455 1084 2486 vitiosum
1108 2467 1188 2493 esse,
1213 2467 1310 2487 nenio
1331 2458 1469 2489 dubitet.
1488 2484 1491 2485 γ
1511 2460 1541 2490 Α

834 2496 924 2527 litu-js
951 2498 1080 2528 nullum
1098 2505 1148 2529 est
1170 2500 1341 2536 auxilinm,
1358 2502 1433 2539 quia
1456 2502 1539 2538 haec,

835 2549 854 2569 a
869 2539 974 2570 verbis
990 2546 1066 2571 sunt
1082 2540 1317 2581 jaca—redde,
1338 2543 1370 2571 in
1386 2543 1455 2573 solo
1473 2544 1540 2573 Err'.

835 2583 1058 2620 reperiuntur,
1069 2584 1155 2613 unde
1168 2584 1291 2623 primus
1305 2585 1443 2624 protulit
1457 2586 1542 2615 Gru-

834 2628 937 2654 terus.
982 2625 1128 2655 Graevius
1158 2626 1305 2665 corrigit,
1334 2627 1432 2657 iidem
1460 2629 1541 2658 mihi

834 2665 1074 2706 sunt,jw{z'ees,
1089 2669 1193 2705 grati.
1236 2668 1297 2698 Sed
1320 2667 1541 2708 allocutiojn-

836 2707 944 2738 dicum
962 2708 1014 2738 hic
1037 2709 1142 2739 aliena
1159 2716 1219 2739 est.
1264 2711 1314 2739 An
1330 2710 1543 2742 iidem—Iuli

829 2751 949 2788 parati
964 2750 1068 2780 dixit?
1099 2751 1226 2790 Nempe
1241 2751 1300 2781 hos
1317 2752 1457 2783 maxime
1471 2764 1542 2795 spe-

836 2791 948 2822 ctabat
963 2792 996 2822 in
1015 2793 1074 2822 hac
1090 2802 1124 2822 re
1140 2793 1290 2832 populus.

878 2835 919 2863 30
942 2835 1037 2872 nihil,
1051 2835 1136 2874 quod
1150 2835 1312 2874 diremtio,
1325 2836 1410 2866 nihil
1422 2837 1507 2877 quod
1515 2847 1542 2869 ε,

739 2880 865 2917 3Ρ4
