1817 3169
625 111 690 148 IN
716 111 761 148 L.
790 111 1071 150 PISONEM.
1465 113 1566 155 1137

136 230 204 257 ras
225 214 396 256 mittat?
428 213 517 255 Hic
539 213 573 254 si
597 215 751 255 mentis
771 223 881 256 esset
902 229 1005 265 suae,
1024 215 1104 255 nisi
1124 229 1274 270 poenas
1294 215 1442 272 patriae
1461 214 1563 256 diis·
1575 218 1626 254 50

136 286 220 336 que
253 271 564 313 immortalibus
595 285 680 322 eas,
702 286 798 326 quae
835 271 1098 327 gravissirnae
1129 282 1242 323 sunt,
1266 272 1408 314 furore
1437 281 1567 327 atque

134 329 302 369 insania
334 328 560 384 penderet:
593 342 718 368 ausus
757 338 869 369 esset
903 328 1049 381 (mitto
1083 328 1201 369 exire
1237 329 1289 369 de
1325 329 1566 384 provincia)

133 385 314 426 educere
344 385 598 434 exercitum,
634 384 790 427 bellum
823 398 899 426 sua
927 394 1080 440 sponte
1116 399 1277 442 gerere,
1312 386 1354 426 in
1385 400 1566 441 regnum

134 440 301 497 injussu
323 442 471 498 populi
494 450 566 482 aut
589 451 758 482 senatus
780 442 1009 483 accedere?
1039 456 1135 506 quae
1158 456 1257 482 cum
1290 441 1485 496 plurimae
1508 443 1569 483 le-

136 512 211 554 ges
237 508 412 550 veteres,
436 508 526 540 tum
553 498 623 539 lex
647 498 848 540 Cornelia
877 499 1129 554 majestatis,
1151 498 1269 540 Julia
1289 499 1341 539 de
1373 499 1566 554 pecuniis

134 556 397 612 repetundis,
420 559 459 586 80
474 555 717 612 planissime
741 564 900 597 vetant.
961 555 1044 597 Sed
1075 555 1169 597 haec
1193 556 1363 596 omitto.
1424 558 1459 586 8¹
1475 555 1567 607 Ille,

136 613 171 654 si
197 627 281 653 non
305 613 508 654 acerrime
531 613 702 663 f·,u1eret
726 613 914 665 auderet,
936 627 1062 668 quam
1087 613 1355 676 provinciam
1381 612 1430 653 P.
1456 612 1566 653 Len-

135 669 249 710 tulus
282 671 564 711 unicissimus
593 669 692 710 huic
714 670 868 721 ordini,
891 685 987 711 cum
1019 678 1062 710 et
1093 670 1348 711 auctoritate
1380 679 1565 719 senatus,

138 735 182 767 et
202 737 314 767 sorte
335 727 526 778 haber·‚et
554 727 805 813 interposita
827 726 1047 783 religione,
1069 728 1159 768 sine
1192 727 1274 767 ulla
1295 727 1566 767 dubitatione

102 791 113 806 '
134 783 417 847 deposuisset,
439 798 531 824 eam
564 784 643 823 sibi
678 784 926 836 uiscrscere,
956 798 1069 835 cum,
1092 784 1259 825 etiarnsi
1294 783 1445 839 ieligio
1477 798 1563 824 non

132 840 377 896 impediret,
398 855 490 881 mos
513 840 724 894 majorum
747 850 905 893 tamen,
928 851 971 882 et
991 841 1203 897 exempla,
1224 848 1268 882 et
1297 841 1559 897 gravrssimae
1574 852 1605 883 b

134 896 279 954 legum
302 913 446 953 poenae
470 900 688 939 vetarent?

176 931 291 1005 OSed,
310 969 513 1010 quoniam
536 955 601 995 tor
608 964 691 995 tun·
685 969 803 995 rrum
821 955 1142 996 contentionem
1162 954 1301 996 facere
1323 954 1560 1010 coepirnus3
1575 955 1641 1002 22

135 1011 189 1053 de
210 1012 348 1053 reditu
373 1012 427 1052 G
419 1012 552 1052 rbinii
574 1011 849 1053 omittamus:
881 1027 1009 1067 quem
1031 1015 1071 1043 82
1084 1013 1163 1052 etsi
1186 1012 1299 1053 sibi
1290 1026 1380 1068 ipse
1412 1026 1621 1067 praecr-51

134 1068 214 1120 dit,
237 1083 318 1124 ego
342 1077 498 1119 tamen,
522 1084 568 1110 os
591 1078 638 1110 ut
662 1069 827 1110 videam
849 1068 1051 1120 hominis,
1072 1079 1292 1126 exspecto.
1349 1067 1506 1120 Tuum,
1530 1069 1563 1109 si

136 1125 291 1181 placet,
315 1126 495 1166 reditum
519 1140 617 1168 cum
642 1141 736 1167 meo
758 1125 1045 1168 confer-‚amus
1103 1126 1169 1167 Ac
1191 1141 1310 1167 meus
1331 1125 1540 1181 quidem
1531 1141 1565 1166 15

137 1181 236 1233 fuit,
256 1193 304 1224 ut
327 1199 351 1224 a
373 1183 602 1224 Brundisio
624 1197 760 1239 usque
780 1182 966 1224 Romam
987 1197 1140 1239 agmen
1161 1193 1413 1240 perpetuum
1432 1183 1567 1224 totius

135 1215 276 1281 Italiae
299 1240 501 1281 viderffem
534 1255 670 1295 neque
693 1254 808 1281 enim
840 1240 959 1296 regio
983 1240 1065 1281 fuit
1096 1240 1194 1293 ulla,
1218 1254 1355 1295 neque
1384 1240 1569 1281 munici-

132 1296 269 1352 pium,
299 1311 437 1352 neque
474 1297 742 1353 prafectur·1‚
773 1306 848 1338 aut
876 1297 1059 1348 colonia,
1080 1312 1135 1339 ex
1158 1313 1242 1353 qua
1274 1312 1358 1337 non
1395 1297 1567 1354 publice

136 1354 190 1395 ad
213 1368 279 1395 me
303 1355 495 1395 v·enerint
526 1355 801 1410 gratulatum.
863 1355 981 1401 Quid
1003 1355 1143 1396 dicam
1179 1355 1387 1396 adventus
1419 1357 1566 1396 meos?

137 1411 241 1466 quid
263 1411 492 1452 effusiones
526 1398 753 1453 bominum
786 1426 840 1452 cx
871 1412 1070 1475 oppidis?
1101 1411 1204 1467 quid
1226 1426 1482 1453 concursum
1512 1426 1568 1453 ex

136 1468 250 1524 amris
270 1478 440 1524 prtrum
463 1468 644 1510 familias
672 1484 770 1510 cum
792 1468 1067 1547 conjugibus
1084 1484 1134 1509 ac
1164 1469 1337 1511 liberis?
1369 1469 1472 1523 quid
1494 1483 1567 1509 eos

135 1525 241 1577 dies,
263 1527 351 1581 qui,
374 1527 493 1580 quasi
516 1527 690 1567 deorum
717 1502 1022 1567 immortalium
1045 1525 1142 1566 festi
1166 1536 1294 1581 atque
1326 1525 1564 1577 sollemnes,

131 1584 173 1613 83
188 1593 287 1623 sunt
319 1583 505 1624 adventu
545 1598 642 1624 meo
677 1584 902 1647 redituque
932 1584 1160 1624 celebrati?
1208 1583 1328 1625 Unus
1365 1583 1434 1623 ille
1473 1583 1562 1624 dies
1576 1594 1624 1628 52

135 1639 244 1680 mihi
266 1641 440 1695 quidem
463 1641 798 1681 immortalitatis
829 1641 961 1682 instar·
983 1640 1080 1692 fuit,
1103 1655 1188 1696 quo
1211 1640 1254 1681 in
1286 1641 1466 1697 patriam
1498 1655 1563 1681 re-

130 1695 206 1747 dii,
240 1712 339 1738 curn
375 1707 568 1738 senatum
599 1712 814 1754 egressum
850 1697 951 1749 vidi,
984 1698 1276 1754 populumque
1312 1697 1560 1739 Romanum

134 1754 394 1818 universum,
426 1770 524 1796 cum
555 1755 662 1796 mihi
692 1756 786 1811 ipsa
821 1754 962 1796 Roma
998 1769 1132 1811 prope
1160 1770 1271 1796 conv
1276 1755 1365 1796 ulsr
1392 1753 1564 1796 sedibus

133 1810 235 1873 suis,
267 1811 318 1852 ad
343 1811 718 1868 complectendum
746 1821 1092 1853 conservatorem
1126 1827 1250 1853 suum
1281 1814 1321 1843 3⁴
1335 1812 1564 1867 procedere

134 1867 227 1908 visa
246 1876 325 1909 est.
348 1883 444 1923 quae
476 1884 544 1910 me
575 1870 635 1910 ita
656 1869 839 1925 accepit,
859 1878 909 1910 ut
939 1884 1026 1911 non
1056 1870 1185 1910 modo
1209 1869 1401 1910 omnium
1435 1883 1568 1925 oene-

134 1938 244 1976 rum,
276 1933 467 1976 aetatum,
490 1927 688 1968 ordinum
711 1941 858 1967 omnes
884 1927 964 1967 viri
1001 1941 1051 1968 ac
1082 1927 1293 1976 mulieres,
1316 1927 1455 1967 omnis
1478 1926 1565 1967 for-

135 1989 251 2023 tunae
275 1997 325 2023 ac
346 1982 444 2033 loci,
465 1983 537 2024 sed
559 1984 689 2025 etiam
720 1984 886 2025 moenia
915 1984 1009 2040 ipsa
1031 1983 1274 2024 vider-emm
1297 1993 1339 2023 et
1362 1991 1476 2024 tecta
1497 1998 1566 2024 ur·

136 2038 199 2079 bis
221 2053 271 2080 ac
293 2040 453 2096 templa
473 2040 622 2082 laetar·i,
684 2040 762 2082 Me
784 2041 1147 2097 consequentibus
1166 2039 1344 2082 diebus
1337 2054 1379 2082 ru
1402 2054 1452 2081 ea
1474 2041 1567 2097 ipsa

173 2189 216 2218 80
238 2187 427 2226 planissime
448 2187 574 2228 vetant]
602 2188 625 2218 1.
649 2198 677 2218 e.
701 2187 828 2218 disertis
914 2189 953 2218 83
975 2192 1052 2219 suut
1073 2187 1215 2219 adventu
1238 2195 1306 2217 meo
1327 2184 1456 2224 celebr]
1481 2187 1573 2225 apud

129 2232 168 2260 et
195 2229 290 2259 claris
317 2229 432 2259 verbis.
475 2230 537 2260 Sed
564 2230 634 2260 edd.
657 2231 711 2261 W.
739 2233 828 2261 1480.
872 2240 980 2261 omnes
1000 2236 1075 2272 post
1094 2233 1171 2261 sunt
1185 2228 1310 2259 addunt
1332 2229 1411 2259 Mss.
1427 2228 1496 2259 Erf.
1514 2228 1568 2259 Fr.

131 2271 226 2303 Junt.
241 2271 366 2302 habeut
374 2272 572 2311 plenissime.
595 2282 662 2302 non
679 2272 827 2303 absurde.
872 2271 945 2303 edd.
958 2274 1012 2303 W.
1030 2276 1119 2304 1480.
1142 2272 1163 2302 J
1167 2276 1238 2302 unt
1259 2272 1380 2302 Victor.
1404 2270 1477 2301 Ald.
1494 2272 1569 2310 Jun,

121 2313 190 2344 sed
205 2313 286 2344 illud
297 2313 415 2344 melius
429 2319 488 2344 est.
872 2324 940 2345 non
954 2315 1040 2346 male
1054 2324 1149 2345 sane:
1175 2313 1361 2353 recepitque
1376 2312 1534 2343 Graevius.

177 2357 213 2386 81
230 2355 484 2394 Ille—auderet]
498 2355 589 2386 Vitio
604 2366 776 2396 operamur
789 2356 832 2387 ir-
916 2359 956 2388 84
973 2357 1147 2397 procedere
1159 2357 1230 2386 visa
1246 2356 1307 2395 est]
1332 2356 1355 2386 Ι
1358 2358 1476 2386 aernus
1490 2364 1508 2385 e
1530 2354 1569 2384 li—

107 2435 110 2438 *
134 2398 236 2437 repsit
257 2399 292 2428 in
307 2398 358 2428 ed.
373 2398 469 2428 Grut.
493 2398 642 2428 audiret.-
664 2399 697 2429 id
718 2405 832 2430 tamen
873 2398 932 2429 bro
947 2400 1071 2439 profert
1091 2409 1128 2429 ac
1150 2398 1282 2438 praefert
1298 2397 1455 2438 progr-ed
1459 2419 1468 2434 ‚
1483 2396 1570 2435 quod

132 2443 298 2472 servatum
321 2451 339 2470 a
353 2440 454 2470 Gron.
480 2444 514 2469 et
529 2440 669 2472 Graevio.
716 2441 830 2472 Paullo
866 2442 1040 2481 procedere
1052 2440 1232 2472 clausulam
1245 2439 1425 2470 hexametri
1438 2439 1569 2469 efficiat.

133 2485 209 2521 post
224 2481 327 2512 delevi
339 2492 413 2512 cum
426 2482 553 2512 Graevio
567 2488 650 2519 tum,
666 2484 701 2513 in
713 2484 830 2521 verbis,
872 2483 979 2522 Atque
993 2484 1025 2514 id
1040 2484 1169 2523 quidem
1183 2482 1221 2512 de
1236 2492 1357 2522 pompa
1368 2491 1404 2511 us
1408 2481 1520 2511 itatius
1535 2485 1570 2511 et

134 2532 209 2554 eam
222 2524 282 2553 sibi
296 2528 367 2554 tum
383 2525 558 2554 adsciscere
570 2536 580 2554 :
612 2525 729 2555 Abesse
753 2525 832 2556 dicit
873 2525 1057 2556 solennius.
1051 2539 1056 2544 ·
1074 2526 1128 2556 scd
1138 2531 1250 2555 tamen
1260 2523 1477 2564 hicprogredz'
1488 2531 1570 2562 prae-

136 2573 156 2595 a
179 2566 241 2596 Ms.
257 2565 326 2596 Erf.
340 2570 374 2597 et
395 2566 482 2596 Pith.
516 2566 561 2596 At
577 2572 612 2597 et
634 2568 674 2597 ab
689 2567 758 2598 edd.
773 2568 829 2599 W.
872 2568 954 2606 ιρι-ο,
985 2578 1052 2598 non
1076 2572 1210 2597 tantum
1237 2565 1327 2597 illam
1356 2566 1398 2595 ob
1424 2573 1568 2600 causam,

139 2607 231 2638 1480.
247 2608 347 2638 abest.
873 2609 929 2639 sed
942 2611 1055 2646 etiam,
1069 2610 1145 2649 quia
1159 2620 1177 2637 v
1179 2609 1255 2638 erbo
1279 2606 1418 2646 egredi'
1401 2617 1439 2636 ue
1453 2610 1569 2637 senatu

179 2651 219 2679 82
233 2650 291 2679 etsi
304 2651 362 2680 sibi
375 2652 441 2690 ipse
457 2651 622 2690 prceeidit]
649 2651 701 2681 Sic
718 2651 832 2681 Cicero
875 2658 950 2691 apte
965 2653 1071 2692 posito
1087 2651 1203 2682 melius
1221 2649 1411 2690 respondet:
1436 2653 1471 2678 et
1492 2647 1570 2678 alibi

134 2690 278 2731 scripsit,
292 2691 373 2722 bene
390 2693 504 2729 latine,
520 2702 587 2722 non
601 2697 639 2722 ut
653 2693 725 2733 vpul
710 2703 751 2730 οο
766 2693 832 2724 edi·
874 2704 1002 2734 quoque
1021 2695 1054 2724 in
1070 2694 1108 2724 119
1094 2705 1130 2724 .c
1145 2703 1192 2729 re,
1209 2702 1283 2722 cum
1298 2700 1415 2730 nempe
1430 2700 1469 2719 ex
1482 2690 1570 2720 urbi·

134 2736 208 2761 turri
223 2738 273 2762 est
285 2734 343 2763 sibi
357 2735 429 2774 ipsi.
464 2715 550 2764 Illud
565 2735 668 2775 reperi
683 2736 735 2765 eti·
731 2745 784 2765 rm
798 2736 833 2765 in
874 2736 934 2765 bus
960 2736 1108 2766 homines
1131 2734 1358 2769 effunduntur,
1381 2737 1418 2762 ut
1442 2732 1570 2761 obviam

138 2772 211 2804 edd.
227 2775 402 2813 veteribus,
419 2777 459 2806 R.
475 2777 528 2807 W.
549 2779 638 2807 1430.
655 2778 714 2807 &c.
741 2777 834 2807 Non·
875 2782 954 2808 eant
977 2778 1109 2809 honoris
1124 2787 1232 2815 causa,
1256 2772 1481 2817 progrediendi
1500 2782 1572 2804 ver·

137 2813 216 2845 duni
235 2816 387 2855 inspectis
402 2818 465 2848 illis
480 2818 549 2849 edd
565 2819 610 2848 sic
628 2829 831 2849 correxeram
873 2815 915 2849 bo
930 2820 1036 2852 utitur
1051 2820 1174 2851 Cicero.

137 2855 172 2887 iu
184 2858 333 2901 exemplo
349 2869 434 2898 mec,
451 2865 488 2892 ut
501 2860 608 2891 multa
623 2861 686 2891 ara
702 2860 831 2892 similia.

776 2908 921 2946 423
