1812 3147
310 122 387 156 814
894 117 1143 156 ORATIO

231 231 295 278 12
311 222 423 263 dam.
482 220 553 262 An
581 236 680 262 vero
712 228 798 262 tam
832 221 951 276 parvi
981 222 1112 263 animi
1145 221 1186 253 46
1199 219 1416 261 videamur
1449 233 1539 261 esse
1575 233 1741 271 omnes,

248 281 384 335 30qui
419 280 461 320 in
494 279 724 335 republica,
756 287 882 332 atque
915 278 957 318 in
988 280 1053 319 his
1081 281 1180 320 vitae
1211 277 1407 333 periculis
1437 276 1741 331 laboribusque

312 350 542 387 versamur,
577 346 636 387 ut,
672 349 769 376 cum
805 349 935 389 usque
972 336 1025 376 ad
1058 348 1298 376 extremum
1341 334 1542 389 spatium,
1578 333 1741 373 nullum

266 401 296 433 b.
311 393 584 448 tranquillum
616 403 742 447 atque
773 391 959 432 otiosum
994 393 1190 447 spiritum
1221 392 1482 442 duxerimus,
1513 390 1740 430 nobiscum

309 450 432 490 simul
457 451 662 490 moritura
686 449 829 489 omnia
851 448 1131 490 arbitremur?
1163 449 1247 498 An,
1265 462 1362 488 cum
1388 458 1548 487 statuas
1570 455 1613 487 et
1634 446 1741 486 ima-

307 507 445 562 gines,
479 522 563 548 non
605 506 844 546 animorum
878 505 1116 555 simulacra,
1160 505 1230 545 sed
1266 519 1509 559 corporum,
1551 503 1741 543 studiose

306 564 430 604 multi
464 566 617 604 summi
649 562 841 602 homines
863 564 899 594 47
914 562 1175 617 reliquerint,
1197 561 1472 602 consiliorum
1504 560 1742 614 relinquere

306 635 356 661 ac
381 621 585 661 virtutum
611 630 852 660 nostrarum
874 618 1061 674 effigiem
1091 633 1176 659 non
1210 618 1343 658 multo
1367 618 1490 658 malle
1520 617 1740 666 debemus,

306 677 482 717 summis
516 677 699 731 ingeniis
732 688 976 730 expressam
1008 685 1050 716 et
1083 675 1288 731 politam?
1322 673 1415 730 Ego
1448 688 1546 714 vero
1579 672 1740 724 omnia,

304 749 402 789 quae
425 735 639 789 gerebam,
656 734 749 787 jam
774 741 862 771 tum
887 732 929 771 in
953 733 1139 787 gerendo
1163 745 1360 787 spargere
1383 745 1450 772 me
1474 745 1523 771 ac
1545 729 1739 770 dissemi-

304 805 405 831 nare
446 791 682 831 arbitrabar
724 790 766 828 in
809 788 923 828 orbis
965 798 1085 830 terrae
1128 789 1378 829 memoriam
1419 787 1739 842 sempiternam.

307 847 418 889 ‚Hace
443 862 539 888 vcro
563 847 650 887 sive
673 861 697 886 a
717 859 812 886 meo
835 859 959 885 sensu
983 855 1079 902 post
1101 855 1282 887 mortem
1312 844 1513 886 abfutura
1533 852 1611 895 est,
1633 843 1739 894 sive,

305 914 352 945 ut
375 903 675 959 sapientissimi
697 901 892 944 homines
916 913 1186 958 putaverunt,
1209 903 1261 943 ad
1283 902 1469 957 aliquam
1492 900 1624 941 animi
1651 899 1736 940 mei

304 972 469 1017 partem
502 960 756 1016 pertinebit:
789 973 902 1000 nunc
923 960 1097 1014 quidem
1118 969 1232 1002 certe
1258 959 1522 1014 cogitatione
1551 957 1738 1013 quadam

306 1033 464 1075 speque
487 1018 687 1061 delector.

365 1076 509 1121 Quare
542 1083 804 1126 conservate,
835 1073 1020 1128 judices,
1053 1073 1269 1114 bominem
1305 1072 1467 1128 pudore
1504 1085 1570 1122 eo,
1609 1084 1738 1126 quem

304 1135 343 1164 48
357 1133 591 1173 amicorum
626 1132 779 1172 videtis
809 1131 1078 1186 comprobari
1111 1141 1200 1171 tum
1233 1130 1459 1185 dignitate,
1484 1136 1574 1169 tum
1607 1128 1739 1168 etiam

303 1200 538 1230 vetustate:
572 1189 745 1244 iugenio
776 1198 917 1229 autem
951 1196 1085 1238 tanto,
1107 1196 1312 1242 quantum
1347 1187 1387 1227 id
1410 1185 1614 1227 convenit
1643 1184 1737 1225 exi-

303 1247 480 1296 siimari,
503 1246 616 1300 quod
640 1260 903 1286 summorum
926 1245 1149 1285 ‘nominum
1177 1243 1360 1299 ingeniis
1382 1242 1623 1299 expetitum
1645 1254 1738 1282 esse

303 1303 507 1344 videatis:
541 1318 667 1344 causa
697 1317 795 1343 vcro
818 1302 1044 1357 ejusmodi,
1068 1316 1163 1355 quec-
1198 1300 1405 1341 beneficio
1437 1299 1557 1356 legis,
1588 1307 1739 1341 aucto-

302 1360 427 1401 ritatc
464 1360 702 1415 municipii,
738 1359 983 1399 testimonio
1016 1357 1198 1408 Luculli,
1230 1357 1385 1398 tabulis
1418 1356 1587 1397 Metelli
1617 1369 1737 1397 com-

301 1418 519 1473 probetur.
581 1418 690 1463 Quae
715 1431 812 1457 cum
846 1416 905 1456 ita
927 1416 1035 1457 sint:
1070 1415 1252 1471 petiums
1284 1429 1308 1453 a
1338 1413 1676 1469 vobis,judices‚
1699 1412 1736 1453 si

299 1489 383 1528 qua
406 1489 489 1515 uon
514 1475 640 1514 modo
664 1473 863 1523 bumana,
888 1488 1032 1514 verum
1055 1473 1181 1513 etiam
1207 1471 1353 1512 diviua
1375 1471 1418 1511 in
1442 1471 1572 1511 tantis
1602 1484 1737 1525 nego-

302 1532 370 1571 tiis
392 1531 709 1572 commendatio
732 1531 860 1571 debet
890 1544 1004 1571 esse:
1037 1539 1085 1570 ut
1115 1543 1227 1579 eum,
1249 1528 1322 1584 qui
1355 1543 1444 1578 vos,
1467 1528 1540 1582 qui
1572 1535 1733 1568 vestros

298 1588 590 1643 imperatores,
615 1588 686 1642 qui
712 1587 857 1643 populi
883 1586 1067 1627 Romani
1092 1600 1155 1626 res
1188 1597 1328 1640 gestas
1351 1599 1516 1640 semper
1538 1583 1734 1636 ornavit3

298 1646 370 1699 qui
395 1646 523 1686 etiam
548 1645 611 1685 his
636 1645 875 1685 recentibus
902 1644 1073 1694 nostris,
1096 1643 1330 1697 vestrisque
1352 1641 1599 1683 domesticis
1622 1641 1736 1697 peri-

298 1702 404 1742 culis
428 1712 634 1743 aeternum
655 1716 698 1741 se
721 1701 1014 1742 testimonium
1037 1700 1207 1741 laudum
1226 1699 1423 1740 (laturum
1447 1712 1538 1739 esse
1561 1698 1736 1754 profite-

299 1767 391 1811 tu1·;
424 1759 582 1814 quique
605 1767 669 1799 est
690 1773 740 1799 eo
763 1772 955 1808 numero,
978 1758 1051 1812 qui
1083 1771 1248 1812 semper
1281 1756 1393 1812 apud
1416 1770 1565 1796 omncs
1596 1755 1732 1796 sancti

299 1826 398 1856 sunt
422 1817 557 1856 babiti
589 1826 717 1870 atque
739 1815 868 1856 dicti:
902 1815 962 1855 sic
994 1815 1037 1854 in
1063 1824 1243 1855 vestram
1275 1813 1497 1868 accipiatis
1520 1812 1663 1862 fidem,
1687 1821 1736 1852 ut

301 1872 565 1913 humanitate
595 1882 736 1913 vestra
757 1871 918 1913 levatus
952 1871 1107 1926 potius,
1129 1885 1257 1926 quam
1289 1870 1523 1910 acerbitate
1550 1869 1734 1910 violatus

237 1942 287 1974 32
300 1944 389 1970 esse
414 1930 620 1970 videatur.
683 1929 793 1976 Quae
816 1929 868 1969 de
889 1943 1017 1969 causa
1039 1942 1115 1983 pro
1142 1943 1234 1968 mea
1249 1927 1573 1977 consuetudine,
1594 1926 1734 1967 brevi-

260 2035 267 2043 ·
301 1996 362 2027 ter
385 1987 718 2042 simpliciterque
740 1985 847 2036 dixi,
863 1985 1048 2040 judices,
1071 2000 1121 2025 ea
1141 1983 1313 2025 confido
1335 1985 1515 2039 probata
1530 1997 1620 2023 esse
1641 1997 1734 2024 om-

296 2043 448 2084 nibus:
481 2059 576 2099 quae
612 2058 696 2084 non
729 2041 825 2093 fori,
860 2056 996 2097 neque
1019 2041 1216 2097 judiciali
1249 2039 1572 2091 consuetudine,
1605 2048 1648 2081 et
1680 2039 1734 2081 de

295 2099 481 2141 hominis
521 2100 712 2156 ingenio,
742 2108 786 2140 et
817 2099 1103 2141 communiter
1135 2099 1187 2140 de
1217 2098 1349 2154 ipsius
1385 2097 1527 2139 studio
1562 2096 1733 2139 locutus

244 1090 291 1122 31

1035 2271 1109 2292 cum
1126 2262 1254 2292 Graevio
1268 2262 1395 2298 studiis,
1418 2260 1505 2301 quod
1527 2270 1548 2292 a
1569 2260 1730 2301 plerisque

1035 2303 1114 2334 Mss.
1138 2305 1240 2340 abest,
1261 2311 1294 2334 et
1317 2304 1367 2334 ed.
1382 2304 1436 2333 w.
1461 2313 1520 2333 nec
1545 2303 1578 2333 id
1605 2304 1732 2342 patitur

1034 2346 1152 2376 servari
1182 2346 1297 2376 oratio.
1341 2345 1473 2376 Dclevit
1497 2346 1570 2384 jam
1597 2345 1731 2375 Lambi-

336 2264 376 2294 46
406 2263 578 2293 m‘dramur
606 2263 681 2302 esse]
714 2264 806 2303 Saepe
837 2261 991 2293 inclinavi

293 2305 334 2335 ad
367 2305 593 2343 corrigendum
630 2307 779 2335 videmur
807 2314 882 2341 esse,
914 2305 934 2334 i.
963 2314 992 2334 e.

293 2356 416 2377 sumus.
462 2347 540 2376 Mox
565 2348 661 2377 series
690 2347 863 2377 sentcntiae,
886 2346 992 2377 videa-

293 2393 348 2418 tur
384 2390 558 2427 requirere,
588 2390 750 2419 nobiscmn
783 2390 883 2418 simul
910 2390 992 2418 more*

292 2431 401 2461 omnia
429 2432 574 2460 velimus.
604 2431 629 2460 is
658 2435 741 2461 essct
769 2440 842 2460 vere
874 2439 990 2470 parvus

291 2473 432 2508 animus,
463 2473 516 2511 qui
554 2472 680 2502 nullum
717 2472 830 2511 gloria·
859 2481 990 2501 sensum

291 2514 436 2544 haberet.
482 2514 670 2553 Philosophi
700 2521 816 2544 contra
845 2524 910 2544 uon
942 2524 990 2543 se-

291 2566 365 2586 cum
381 2557 493 2586 onmia
507 2566 564 2585 sua
580 2558 675 2592 mori,
691 2556 745 2586 sed
759 2566 879 2586 nomen
894 2566 989 2586 suum

289 2604 319 2627 et
339 2599 458 2627 sanum]
477 2599 658 2628 conservari
676 2598 801 2627 volunt.

330 2643 369 2673 47
386 2640 599 2679 rsa'hluerecnt]
625 2640 837 2669 Scribvmlum
852 2640 987 2678 relique-

289 2682 365 2711 rint.
408 2683 495 2712 Tum
520 2687 592 2721 post
615 2691 672 2721 pro
689 2691 791 2710 nomm
806 2682 874 2711 sine
889 2682 987 2711 dubio

288 2724 557 2753 c‹·1·'1bexi‹h1n=‹·ct
578 2733 650 2753 nme.
698 2724 849 2753 Refertur
870 2723 910 2753 ad
930 2733 985 2753 an.

287 2766 445 2795 flu—non
462 2768 560 2796 mullo
577 2766 685 2795 malle.
726 2765 840 2804 Itaque
855 2765 900 2794 sic
915 2775 984 2795 cor-

288 2816 363 2836 1'(¹Xl.

289 2857 291 2859 ’
328 2853 366 2880 48
405 2850 584 2880 ‹nuit-mma
621 2848 752 2888 studiis]
794 2847 984 2879 Delevimus

1036 2398 1108 2424 nus,
1137 2392 1170 2418 et
1197 2388 1302 2417 voluit
1336 2387 1435 2418 deleri
1464 2387 1637 2424 Gruterus,
1673 2386 1730 2417 sed

1032 2440 1138 2469 oporte
1163 2439 1227 2459 uon
1252 2434 1440 2469 paruerunt.
1485 2429 1548 2459 Pro
1562 2433 1731 2459 venustate

1033 2472 1162 2510 quidam
1189 2472 1260 2501 libri
1283 2475 1454 2507 vetustate,
1477 2470 1562 2509 quod
1587 2477 1621 2501 et
1647 2480 1730 2501 non-

1034 2514 1115 2544 rmlli
1133 2513 1359 2549 defenderunt,
1375 2517 1413 2542 ut
1437 2513 1588 2543 Muretus
1602 2517 1635 2542 et
1656 2513 1728 2543 Jos.

1033 2556 1197 2595 &alligem
1223 2566 1280 2585 nec
1295 2554 1440 2585 absurde.
1485 2555 1524 2584 ln
1545 2554 1657 2584 amicis
1676 2555 1732 2585 Ci-

1031 2607 1105 2627 c‹·r‹›
1140 2607 1224 2637 saepe
1252 2601 1486 2627 commemorat
1519 2600 1730 2626 vetustatem.

1031 2640 1092 2669 sed
1116 2644 1262 2669 reinseasr
1281 2648 1346 2669 non
1369 2638 1452 2668 solet
1477 2638 1727 2668 commemorari

1031 2681 1071 2710 ad
1093 2681 1411 2711 commendationem
1434 2680 1554 2710 talem:
1577 2683 1731 2710 venustas

1029 2728 1144 2753 tamen
1169 2723 1275 2753 multo
1300 2724 1409 2753 miuus
1437 2727 1515 2762 apta
1538 2725 1598 2751 est.
1643 2721 1728 2751 Puto

1026 2763 1114 2794 aliud
1130 2767 1265 2796 verbum
1288 2765 1339 2796 hic
1362 2764 1477 2801 latere,
1497 2765 1623 2796 interea
1635 2767 1726 2795 vecu-

1027 2810 1110 2838 state
1127 2806 1223 2838 edidi.
