1785 3185
278 118 380 157 1174

863 114 1112 154 ORATIO
1276 116 1332 146 «β’

274 216 430 273 perditi
452 217 764 260 describebant.
822 218 980 261 Jacent
1010 221 1097 261 suis
1123 220 1302 263 testibus
1334 221 1377 275 ii,
1399 223 1469 278 qui
1495 223 1698 267 Clodium

272 284 435 330 negant
456 289 507 315 eo
529 276 598 317 die
622 276 820 327 Romam,
843 277 923 318 nisi
943 277 994 318 de
1018 277 1134 334 Cyro
1156 278 1358 331 audisset,
1381 279 1509 322 fuisse
1539 282 1698 323 reditu-

273 345 384 372 rum.
445 331 693 388 Respirayi:
726 333 927 374 liberatus
951 349 1064 377 sum:
1097 351 1184 377 non
1214 350 1374 387 vereor,
1404 352 1471 388 ne,
1500 339 1615 394 quod
1646 352 1700 379 ne

212 388 478 444 ffisuspicari
502 390 672 445 quidem
697 391 924 446 potuerim,
948 391 1091 432 videar
1113 393 1152 434 id
1176 394 1402 448 cogitasse.
1455 395 1583 436 Nunc
1605 409 1699 450 per-

274 459 425 500 sequar
445 456 598 488 cetera.
623 462 720 488 nam
747 449 933 503 occurrit
964 447 1093 489 illud:
1125 450 1165 479 66
1179 463 1230 489 ne
1253 450 1430 491 Clodius
1452 452 1622 506 quidem
1646 452 1699 492 de

272 502 438 543 insidiis
460 505 684 559 cogitavit,
715 504 919 559 quoniam
951 504 1033 544 fuit
1065 506 1107 545 in
1138 503 1308 547 Albano
1331 521 1567 558 mansurus,
1588 508 1626 541 67
1642 509 1699 549 si-

270 559 444 614 quidem
467 561 659 601 exiturus
682 561 731 601 ad
756 560 918 601 caedem
941 574 963 601 e
987 560 1083 601 villa
1108 576 1194 602 non
1218 562 1380 603 fuisset.
1414 563 1549 605 Video
1568 565 1698 616 enim,

270 616 405 667 illum,
428 618 499 672 qui
523 618 680 658 dicitur
702 617 753 657 de
777 616 880 672 Cyri
904 626 1040 657 morte
1061 619 1292 668 nuntiasse,
1315 633 1399 659 non
1432 620 1476 660 id
1506 621 1698 662 nuntias-

270 687 329 724 se,
355 674 424 714 sed
451 673 662 714 Milonem
685 674 1043 729 appropinquare.
1067 689 1164 715 nam
1186 676 1294 730 quid
1311 676 1363 716 de
1387 675 1502 731 Cyro
1525 678 1695 718 nuntia-

269 740 348 780 ret,
369 745 496 785 quem
518 731 693 771 Clodius
716 731 855 770 Roma
879 731 1150 785 proficiscens
1170 732 1396 787 reliquerat
1417 733 1696 776 morientem?

134 803 170 835 p.
189 787 369 829 111.Una
390 787 449 828 fui
468 805 476 829 :
512 797 811 827 testamentum
835 788 959 829 simul
981 789 1206 844 obsignavi
1229 803 1328 830 cum
1352 789 1532 832 Clodio:
1568 799 1698 832 testa-

226 846 256 867 ³·
270 855 462 885 mentum
485 854 627 885 autern
651 845 788 900 palam
813 843 984 896 fecerat,
1006 856 1049 886 et
1070 845 1188 886 illum
1211 847 1408 888 heredem
1430 855 1474 887 et
1494 861 1563 888 me
1593 848 1696 889 scri-

269 911 426 957 psel'at.

487 902 628 948 Quem
660 901 796 957 pridie
835 901 939 942 hora
969 902 1094 943 tertia
1131 904 1317 944 animam
1346 903 1562 945 efflantem
1599 903 1696 946 reli-

270 969 445 1012 quisset,
476 972 572 998 eum
609 968 826 1000 mortuum
865 959 1072 1014 postridie
1104 959 1211 1001 hora
1247 960 1413 1001 decima
1441 960 1624 1016 denique
1656 961 1695 1002 ei

192 1028 258 1081 19
272 1015 574 1056 nuntiabatur?
603 1014 713 1071 Age,
736 1015 792 1056 sit
821 1015 882 1056 ita
903 1015 1089 1057 factum:
1121 1031 1217 1072 quae
1239 1032 1380 1068 causa,
1401 1032 1476 1059 cur
1510 1017 1695 1059 Romam

190 1072 256 1133 '49
272 1074 541 1128 properaret?
572 1073 710 1113 curin
744 1081 913 1114 noctem
944 1087 988 1114 se
1012 1074 1272 1129 conjiceret?
1303 1074 1342 1106 68
1355 1075 1458 1130 quid
1489 1074 1696 1116 afferebat

269 1143 440 1169 causam
462 1128 777 1172 festinationis?
806 1130 921 1185 quod
953 1130 1072 1171 heres
1097 1134 1213 1173 erat?
1245 1132 1428 1187 primum
1448 1141 1538 1173 erat
1571 1131 1692 1182 nihil,

268 1200 343 1226 cur
378 1198 605 1241 properato
637 1202 745 1243 opus
776 1197 910 1229 esset:
944 1187 1112 1239 deinde,
1137 1188 1171 1228 si
1202 1188 1303 1243 quid
1325 1197 1449 1239 esset,
1471 1188 1574 1243 quid
1599 1196 1692 1230 tan-

266 1243 362 1283 dem
386 1253 490 1293 erat,
513 1244 628 1298 quod
651 1259 700 1285 ea
722 1254 849 1285 nocte
871 1245 1075 1300 consequi
1108 1254 1264 1301 posset,
1289 1245 1505 1286 amitteret
1532 1254 1692 1296 autem,

265 1299 299 1340 si
323 1300 528 1355 postridie
552 1315 674 1342 mane
709 1301 892 1343 Romam
915 1302 1128 1344 venisset?
1176 1301 1335 1357 Atque,
1359 1311 1406 1342 ut
1438 1302 1494 1342 illi
1517 1311 1694 1343 noctur-

263 1370 343 1397 nus
374 1357 425 1398 ad
458 1359 606 1399 urbem
638 1358 845 1399 adventus
869 1358 1064 1400 vitandus
1097 1359 1256 1415 potius,
1277 1373 1405 1414 quam
1428 1359 1694 1415 expetendus

264 1412 370 1455 fuit:
404 1413 465 1455 sic
499 1414 673 1466 Miloni,
702 1430 800 1456 cum
833 1415 1057 1457 insidiator
1086 1425 1211 1466 esset,
1243 1416 1277 1456 si
1310 1415 1427 1456 illum
1461 1416 1513 1456 ad
1545 1417 1693 1457 urbem

261 1481 390 1512 noctu
425 1486 691 1513 accessurum
728 1473 905 1522 sciebat,
940 1473 1244 1514 subsidendum
1275 1480 1403 1528 atque
1439 1483 1694 1528 exspectan-

200 1534 250 1568 50
263 1527 364 1569 dum
397 1528 491 1569 fuir.

550 1530 762 1580 &mot-tu,
793 1530 1007 1571 invidioso
1038 1539 1082 1571 et
1113 1530 1239 1586 pleno
1267 1530 1481 1571 latronum
1513 1530 1556 1570 in
1595 1529 1690 1571 loco

261 1585 502 1627 occidisset.
524 1601 649 1628 nemo
672 1587 711 1627 ei
733 1587 908 1643 neganti
941 1602 1027 1628 non
1048 1588 1311 1636 credidisset,
1333 1600 1459 1641 quem
1488 1600 1578 1627 csse
1599 1601 1691 1628 om-

259 1656 334 1682 ncs
369 1642 545 1694 salvum,
577 1644 706 1685 etiam
738 1645 1031 1694 confitentem,
1063 1645 1225 1686 volunt.

1287 1643 1568 1685 Sustinuisset
1606 1643 1689 1684 hoc

259 1699 419 1740 crimen
451 1700 636 1756 primum
670 1701 759 1756 ipse
792 1701 858 1742 ilie
893 1702 1104 1742 latronum
1127 1700 1366 1743 occultator
1386 1710 1429 1740 et
1450 1708 1692 1756 receptator

258 1755 389 1807 locus,
421 1757 570 1799 70dum
609 1772 745 1812 neque
775 1768 893 1799 muta
916 1758 1100 1799 solitudo
1131 1759 1375 1808 indicasset,
1408 1770 1544 1812 neque
1574 1771 1692 1798 caeca

257 1826 345 1855 nox
368 1814 623 1856 ostendisset
655 1814 889 1857 Milonem:
922 1815 1075 1856 deinde
1106 1815 1167 1856 ibi
1198 1815 1321 1856 multi
1352 1814 1406 1856 ab
1430 1813 1501 1855 illo
1525 1814 1691 1866 violati,

255 1980 313 2009 per
335 1979 478 2001 errorem
501 1979 673 2010 operarum
697 1971 826 2011 irrepsit
848 1973 948 2002 homi-

255 2021 317 2043 ms.

298 2055 338 2085 66
372 2064 412 2084 ne
444 2054 571 2084 C'odius
599 2054 642 2094 φ]
672 2054 806 2085 Addidit
842 2056 948 2093 igitur

256 2096 403 2126 Graevius
417 2107 434 2126 e
453 2097 529 2127 Mss.
562 2097 740 2134 Vulgatum
759 2097 872 2126 molius
887 2103 947 2128 est.

299 2139 335 2172 67
353 2139 618 2178 siqnidem—non
630 2139 766 2180 ficisset]
795 2139 866 2169 Hot-
884 2149 949 2170 non

257 2180 400 2211 eohaeret
442 2191 516 2211 cum
563 2181 851 2212 antecedentibus:
890 2191 949 2211 nec

257 2232 332 2252 cum
361 2234 412 2258 co,
437 2224 523 2261 quod
548 2224 705 2263 sequitur.
746 2223 843 2253 Video
865 2225 950 2254 cm'm

258 2264 340 2294 nihil
356 2271 432 2295 ante
445 2275 476 2295 se
491 2266 603 2302 habet,
618 2266 656 2295 ad
673 2265 758 2304 quod
774 2265 946 2296 reseratur:

259 2316 374 2346 nempe
412 2309 576 2346 responsio
605 2308 646 2337 ad
676 2307 766 2337 illam
794 2307 949 2345 objectio-

259 2357 351 2379 nem:
376 2359 416 2379 ne
434 2349 561 2379 Clodius
575 2350 703 2389 quidem
720 2350 777 2379 ἄιε.
813 2349 951 2381 Videtur

258 2390 310 2420 hic
325 2400 391 2421 esse
407 2391 534 2421 lar-una.

299 2434 338 2464 63
349 2434 426 2472 quid
435 2431 594 2473 afferebat
604 2433 945 2471 ca1(.eafi¹st⁷'›1ationi's]

256 2476 341 2505 Sanc
365 2475 426 2506 hoc
453 2485 562 2505 verum
595 2485 660 2505 non
684 2480 751 2504 est:
777 2484 836 2504 nec
862 2475 948 2504 enim

255 2516 355 2547 habet
382 2527 510 2547 sensum
537 2517 758 2547 commodum.
802 2516 948 2546 Gra’vius

255 2560 373 2598 probat
389 2559 562 2589 lectionem
579 2559 651 2589 edd.
677 2558 893 2597 quarundam,
909 2565 945 2588 ut

253 2602 327 2631 Asc.
345 2602 434 2631 Crat.
458 2602 545 2631 Vict.
567 2602 647 2641 quid
666 2599 727 2640 qffl
742 2599 945 2639 festinatio?

254 2643 317 2673 Sed
332 2643 407 2673 hnic
423 2643 554 2673 lectioni
571 2652 635 2673 non
652 2648 766 2681 aptum
781 2648 843 2678 est,
858 2641 943 2680 quod

253 2686 436 2723 subjicitur:
475 2685 558 2724 qnod
593 2687 683 2715 heres
716 2684 818 2714 erat?
858 2684 943 2722 quod

252 2728 424 2758 manifeste
451 2728 490 2758 ad
517 2736 648 2758 causam
677 2727 827 2756 refertur.
873 2725 943 2762 Ego

252 2770 365 2800 malim
380 2781 389 2800 :
413 2770 491 2809 quid
504 2779 535 2799 (ι.
550 2768 916 2809 causamfeslinacionis
926 2769 942 2797 .⁹

250 2810 264 2840 Ι
271 2821 289 2840 n
305 2811 376 2841 edd.
394 2821 441 2853 pr.
456 2817 518 2850 est,
532 2812 611 2852 quid
624 2809 785 2852 offerebat
795 2809 942 2850 festina-

250 2854 371 2884 tionis?

1033 1972 1073 2005 69
1089 1971 1212 2008 Noctu,
1227 1968 1597 2009 invidioso—occidisset]
1619 1969 1686 2001 Ab-

990 2018 1039 2043 est
1055 2013 1116 2044 hoc
1131 2014 1171 2043 ab
1187 2013 1259 2043 edd.
1281 2023 1328 2052 pr.
1368 2012 1496 2042 Primus
1512 2012 1614 2043 edidit
1629 2012 1686 2042 Vi·

991 2056 1122 2085 ctorius.
1167 2055 1228 2086 Sed
1250 2055 1390 2085 arbitror
1413 2053 1585 2094 legendum
1607 2055 1687 2085 insi·

991 2098 1093 2127 diosa.-
1117 2097 1202 2136 quod
1230 2097 1337 2133 alteri,
1357 2098 1455 2136 pleno
1478 2097 1500 2126 1.
1523 2097 1587 2126 loco
1609 2105 1690 2126 con-

991 2141 1093 2169 sentit
1115 2145 1149 2170 et
1171 2140 1230 2170 rei.
1274 2139 1364 2169 Talis
1386 2138 1489 2174 locus,
1505 2137 1609 2176 qualis
1633 2138 1687 2169 hic

992 2186 1054 2218 est,
1072 2191 1137 2211 non
1152 2182 1327 2211 invidiosus
1341 2180 1403 2210 dici
1421 2184 1539 2220 potest.

1034 2227 1074 2256 70
1087 2225 1163 2253 dum
1180 2233 1280 2263 neque
1302 2222 1374 2260 &c.]
1394 2223 1473 2252 dum
1496 2221 1614 2251 merito
1628 2230 1683 2252 su-

992 2272 1139 2306 spectum
1155 2271 1204 2295 est
1219 2277 1225 2294 ε
1249 2265 1324 2304 quia
1338 2265 1383 2293 sic
1401 2264 1502 2294 latine
1525 2273 1590 2293 non
1606 2263 1684 2294 dici-

992 2312 1059 2344 tur,
1085 2312 1123 2338 nt
1148 2308 1199 2337 hic
1222 2305 1362 2345 intelligi
1385 2305 1492 2336 debet.
1538 2305 1684 2337 Graevius

994 2350 1026 2379 in
1045 2350 1106 2379 ΜΞ.
1124 2350 1241 2388 reperit
1255 2349 1399 2387 (lenique,
1415 2347 1502 2386 quod
1514 2346 1562 2376 illi
1578 2347 1685 2388 place-

993 2391 1059 2421 bat.
1097 2391 1192 2421 male.
1229 2400 1288 2420 nec
1324 2393 1601 2419 commemoratur
1628 2389 1681 2420 hie

993 2434 1088 2469 ratio,
1112 2443 1168 2472 per
1188 2442 1284 2471 quam
1308 2431 1513 2470 intelligatur
1535 2431 1579 2469 id,
1595 2431 1682 2471 quod

993 2480 1069 2505 ante
1083 2475 1227 2505 dixerat:
1251 2474 1451 2504 sustinuisset
1466 2474 1523 2503 &c.
1548 2473 1633 2512 quod
1654 2473 1681 2504 si

991 2523 1087 2553 esset,
1102 2516 1296 2546 facillimum
1320 2516 1403 2545 foret
1420 2516 1579 2554 corrigere
1593 2525 1682 2552 cum,

990 2559 1040 2588 cui
1056 2564 1089 2588 et
1102 2559 1178 2588 alibi
1193 2559 1407 2588 substitutum
1423 2562 1472 2587 est
1486 2558 1574 2588 dum.
1619 2557 1682 2588 Sed

989 2606 1069 2639 puto
1084 2600 1310 2637 corrigendum
1330 2609 1397 2629 esse
1421 2603 1504 2635 tum,
1521 2598 1571 2629 vel
1594 2599 1677 2629 dein.

986 2648 1064 2672 sunt
1086 2649 1119 2672 et
1142 2642 1204 2671 alia
1220 2642 1368 2681 exempla
1387 2641 1484 2679 hujus
1509 2641 1679 2680 particulae

986 2684 1071 2721 (lein,
1100 2684 1214 2714 deinde
1251 2683 1421 2722 aliquoties
1459 2683 1607 2723 repetitae
1643 2683 1678 2713 in

986 2726 1288 2756 enumerationibus
1310 2726 1464 2765 partium.
1509 2725 1586 2755 Post
1602 2734 1678 2755 vero

985 2778 1059 2798 cum
1088 2768 1216 2798 Graevio
1242 2767 1399 2797 edidimus
1425 2768 1469 2797 ibi
1495 2776 1555 2807 pro
1578 2767 1633 2797 ubi
1658 2776 1677 2797 e

986 2810 1048 2839 Ms.
1065 2810 1132 2840 Erf.
1160 2810 1253 2849 idque
1269 2809 1458 2842 Guilielmio
1479 2818 1539 2842 sua
1559 2812 1681 2850 sponte

984 2852 1018 2882 in
1034 2858 1179 2884 mentem
1192 2856 1336 2884 venerat.
