1812 3147
635 99 760 138 PRO
786 99 829 138 P.
856 100 1059 139 SULLA.
1473 105 1552 145 787

119 212 249 260 quam
269 217 339 246 me
365 202 672 245 53commutati
696 202 845 244 indicii
867 204 1126 260 coargueris,
1148 211 1190 244 te
1213 217 1391 246 summae
1414 205 1550 261 negli-

119 263 296 318 gentiae,
319 270 393 302 tuo
416 260 601 316 judicio,
623 259 872 302 convictum
900 274 990 301 esse
1019 260 1206 302 fateare?
1259 260 1375 301 Mihi
1406 264 1549 317 cujus·
1567 254 1632 308 16

119 334 248 375 quam
287 317 397 359 salus
436 318 542 358 tanti
576 315 741 367 fuisset,
782 327 828 358 ut
863 332 1001 358 meam
1035 317 1325 374 negligerem?
1369 332 1443 374 per
1481 333 1610 365 me45

120 389 204 432 ego
227 375 450 418 veritatem
482 374 743 430 patefactam
772 374 1110 415 contaminarem
1132 375 1275 429 aliquo
1301 375 1549 417 mendacio?

117 446 377 489 quemquam
397 432 582 487 denique
603 445 685 487 ego
708 431 924 486 juvarem,
945 447 970 472 a
990 446 1077 487 quo
1101 441 1144 472 et
1164 430 1354 473 crudeles
1376 432 1551 473 insidias

118 489 163 531 in
201 489 508 546 rempublicam
544 492 584 519 54
598 487 747 539 factas,
778 499 822 529 et
853 489 894 529 in
933 503 1000 529 me
1030 489 1302 544 potissimum
1333 488 1551 530 consulem

116 546 390 597 constitutas,
413 548 635 602 putarem?
687 546 853 592 Quodsi
873 547 967 601 jam
998 560 1133 586 essem
1162 545 1322 587 oblitus
1351 545 1552 586 severita-

116 604 170 646 tis
192 613 236 645 et
264 603 520 646 constantiae
542 617 665 654 meae,
687 612 831 644 tamne
861 618 1007 644 amens
1037 617 1166 653 eram,
1190 613 1237 643 ut
1267 617 1364 644 cum
1398 603 1550 643 litterae

116 662 382 719 posteritatis
403 675 533 702 causa
553 668 733 717 repertae
756 661 854 712 sint,
877 676 974 716 quae
1006 661 1198 701 subsidio
1225 660 1434 700 oblivioni
1459 675 1549 700 esse

113 727 307 775 possent,
333 733 415 775 ego
446 727 661 759 recentem
692 726 888 773 putarem
919 717 1169 758 memoriam
1201 717 1345 758 cuncti
1378 727 1548 757 senatus

116 777 427 818 commentario
456 789 552 816 meo
576 788 700 831 posse
722 775 909 831 superari
931 778 944 817 ?
997 775 1105 815 Fero
1135 789 1217 831 ego
1242 787 1296 825 te,
1317 773 1611 829 Torquate,46

111 833 384 890 jamdudum,
415 832 521 883 fero,
554 843 598 873 et
629 846 954 888 nonnumquam
992 832 1198 883 animum,
1229 831 1456 872 incitatum
1496 831 1549 872 ad

119 890 405 933 ulciscendam
432 889 671 931 orationem
704 898 836 940 tuam,
859 904 1014 930 revoco
1046 890 1137 945 ipse
1158 902 1201 930 et
1232 889 1422 929 reflecto.
1455 903 1550 944 per—

116 948 244 989 mitto
265 947 427 1003 aliquid
451 946 683 988 iracundiae
707 956 808 996 tuae,
831 947 886 988 do
908 946 1224 996 adolescentiae,
1256 949 1295 977 55
1314 946 1421 987 cedo
1444 947 1550 986 ami-

117 1005 248 1056 citiae,
282 1005 425 1046 tribuo
459 1005 640 1061 parenti.
673 1004 761 1054 sed,
795 1004 874 1044 nisi
912 1004 991 1045 tibi
1018 1004 1201 1059 aliquem
1245 1004 1419 1044 modum
1459 1012 1550 1043 tute

116 1062 406 1113 constitueris,
429 1076 557 1118 coges
580 1061 763 1103 oblitum
785 1075 854 1102 me
876 1071 1034 1102 nostrae
1057 1061 1278 1112 amicitiae,
1301 1060 1458 1101 habere
1486 1075 1549 1101 ra-

114 1120 279 1161 tionem
318 1134 424 1161 meae
464 1118 704 1175 dignitatiS.
767 1119 908 1159 Nemo
950 1133 1153 1174 umquam
1193 1132 1261 1158 me
1300 1117 1681 1162 tenuissimap-lm.

117 1177 158 1209 56
171 1177 414 1234 suspicione
465 1176 732 1233 perstrinxit,
781 1190 908 1231 quem
960 1190 1046 1216 non
1097 1175 1404 1232 praeverterirn.
1466 1174 1549 1215 Sed
1562 1176 1590 1195 ³·

116 1234 224 1276 mihi
248 1235 330 1276 hoc
361 1234 506 1276 credas
540 1233 682 1275 velim.
714 1248 800 1274 non
832 1233 883 1274 iis
914 1232 1195 1274 libentissime
1227 1232 1342 1274 soleo
1373 1247 1547 1288 respon-

114 1291 230 1342 dere,
248 1306 355 1347 quos
377 1291 483 1332 mihi
504 1291 650 1332 videor
666 1290 868 1332 facillime
887 1305 1010 1346 posse
1029 1304 1241 1346 superare.
1291 1288 1372 1341 Tu,
1394 1289 1548 1344 quoni·
1561 1295 1610 1331 47

114 1363 184 1390 am
205 1349 383 1390 minime
404 1348 576 1405 ignoras
607 1348 962 1389 consuetudinem
985 1348 1154 1389 dicendi
1179 1361 1332 1398 meam,
1355 1347 1441 1387 noli
1469 1346 1548 1387 hae

115 1421 229 1448 nova
257 1405 433 1447 lenitate
463 1405 584 1447 abuti
616 1420 737 1447 mea:
771 1405 857 1446 noli
889 1405 1058 1447 aculeos
1089 1405 1296 1445 orationis
1329 1418 1450 1454 mese,
1475 1404 1549 1460 qui

113 1463 327 1506 reconditi
350 1472 463 1514 sunt,
484 1477 688 1508 excussos
719 1463 941 1504 arbitrari:
974 1462 1061 1503 noli
1088 1462 1129 1502 id
1153 1472 1303 1517 putare
1325 1461 1503 1502 omnino
1527 1476 1553 1501 a

114 1535 186 1562 me
205 1535 296 1562 esse
326 1521 544 1569 amissum,
567 1520 601 1560 si
626 1520 729 1575 quid
753 1530 817 1560 est
848 1520 927 1561 tibi
956 1519 1179 1560 remissum
1212 1528 1340 1574 atque
1372 1533 1551 1560 conces-

114 1591 226 1619 sum.
287 1577 400 1618 Cum
419 1578 501 1619 illae
527 1577 667 1618 valent
689 1577 801 1633 apud
827 1591 895 1617 me
926 1577 1226 1619 excusationes
1258 1576 1427 1631 injuriae
1450 1585 1553 1626 tuae,

115 1634 248 1677 iratus
280 1635 448 1676 animus
485 1645 598 1685 tuus,
631 1644 750 1685 aeta5‚
784 1634 976 1675 amicitia
1010 1644 1179 1675 nostra:
1223 1642 1314 1675 tum
1346 1633 1553 1684 nondum,

114 1701 274 1744 statuo,
298 1701 340 1733 te
359 1692 511 1734 virium
539 1693 640 1733 satis
668 1692 838 1742 babere,
862 1702 908 1733 ut
931 1707 1013 1748 ego
1045 1702 1186 1732 tecum
1209 1690 1361 1732 luctari
1384 1700 1428 1731 et
1449 1704 1554 1731 con—

116 1750 236 1806 gredi
263 1749 456 1791 debeam.
488 1749 640 1805 quodsi
672 1764 783 1790 esses
809 1764 886 1790 usu
909 1760 1038 1805 atque
1059 1756 1187 1790 aetate
1212 1748 1454 1789 robustior:
1487 1761 1552 1788 es·

115 1821 205 1849 sem
236 1807 364 1856 idem,
387 1808 460 1863 qui
492 1807 622 1858 soleo,
652 1821 751 1847 cum
779 1822 870 1848 sum
900 1807 1136 1849 lacessitus.
1168 1821 1283 1848 nunc
1315 1814 1458 1846 tecum
1490 1804 1552 1845 sic

115 1879 256 1921 agam,
280 1865 425 1906 tulisse
450 1873 497 1906 ut
520 1865 663 1920 potius
683 1865 899 1920 injuriam,
918 1878 1048 1920 quam
1070 1863 1264 1905 retulisse
1283 1863 1465 1918 gratiam
1488 1861 1551 1903 vi-

116 1922 230 1963 dear.
293 1922 444 1978 Neque
471 1937 584 1973 vero,
607 1921 708 1977 quid
732 1921 839 1962 mihi
873 1923 1067 1973 irascare,
1090 1920 1329 1977 intelligere
1359 1933 1549 1975 possum.
1566 1911 1633 1971 17

115 1979 164 2031 si,
187 1979 303 2035 quod
332 1994 428 2020 eum
460 1979 659 2030 defendo,
688 1994 815 2034 quem
850 1988 893 2020 tu
927 1993 1130 2020 accusas:
1163 1993 1238 2018 cur
1269 1977 1349 2018 tibi
1380 1987 1615 2032 quoque48

115 2037 207 2094 ipse
231 2051 318 2078 non
348 2052 596 2089 succenseo,
619 2037 691 2092 qui
723 2051 897 2078 accuses
928 2051 1040 2085 eum,
1066 2049 1194 2091 quem
1225 2049 1308 2091 ego
1338 2033 1552 2075 defendo?

157 2180 196 2208 53
218 2179 410 2209 commutati
427 2178 552 2217 indicii]
579 2178 641 2208 Pro
657 2178 812 2209 immuta·
857 2187 897 2208 ne
926 2177 1059 2214 dicitur,
1080 2181 1113 2207 et
1138 2181 1213 2216 apte
1237 2175 1276 2206 ad
1301 2176 1471 2215 praesentis
1495 2174 1557 2204 loci

111 2221 142 2250 nti
156 2221 190 2250 in
203 2220 355 2251 deterius.
400 2221 499 2251 Plene
520 2220 602 2251 dixit
618 2221 688 2251 Fat.
708 2223 754 2254 17.
773 2231 813 2251 es*
856 2221 1074 2250 sententiam:
1112 2220 1168 2249 sed
1191 2219 1300 2248 omnia
1329 2223 1437 2248 cetera
1460 2217 1559 2247 verba

117 2263 199 2293 veris
210 2262 347 2302 insalsa
361 2267 573 2294 commutare.
857 2263 1044 2293 referuntur
1056 2261 1097 2292 ad
1117 2261 1254 2301 aliquid,
1277 2261 1377 2290 etiarn
1399 2259 1558 2290 ultimum

158 2307 198 2336 54
208 2304 339 2344 sin-tas,
355 2310 385 2336 et
400 2307 436 2336 in
451 2316 501 2336 me
510 2315 544 2345 p.
560 2315 587 2335 c.
602 2303 807 2343 constitutas]

122 2346 316 2378 Constitutus
341 2359 358 2378 e
385 2348 448 2378 Ms.
478 2348 548 2378 Erf.
573 2354 660 2378 reete
687 2346 811 2378 addidit

117 2389 299 2427 Gruterus;
333 2391 480 2420 Graevius
503 2389 627 2428 rejecit,
650 2400 717 2420 non
739 2399 812 2420 sen-

117 2432 202 2462 tiens
224 2433 451 2463 necessitatem
468 2433 567 2471 hujus
582 2433 690 2462 verbi:
726 2431 812 2471 quod

116 2474 142 2504 si
157 2474 259 2507 abest,
275 2483 368 2505 aures
387 2475 538 2505 adsuetas
561 2475 705 2505 numeris
721 2474 813 2505 Cice-

118 2517 273 2553 ronianis,
288 2520 323 2546 et
338 2518 508 2557 praeeeptis
523 2518 591 2556 ejus
607 2517 645 2547 do
662 2526 812 2553 numero,

116 2568 184 2589 non
194 2559 309 2599 implet
320 2560 438 2591 oratio.
483 2559 516 2589 Si
531 2569 597 2589 non
611 2559 658 2589 ita
670 2559 814 2599 scripsis-

119 2605 168 2631 set
190 2601 316 2639 Cicero,
332 2601 449 2632 saltem
458 2601 578 2641 factas
599 2601 731 2632 deberet
745 2611 814 2632 esse

119 2648 196 2673 ante
211 2647 387 2682 putarem:
411 2644 466 2674 sed
488 2644 521 2673 in
544 2644 605 2674 hae
627 2644 734 2675 forma
754 2653 814 2674 nu-

119 2685 200 2715 meri
213 2685 308 2725 longe
324 2685 440 2716 melius
450 2691 484 2716 et
495 2687 667 2716 sonantius
679 2686 813 2717 cadunt.

119 2726 279 2757 Similiter
300 2728 376 2757 infr.
399 2739 427 2759 c.
455 2731 503 2762 17.
532 2728 614 2758 bene
640 2738 813 2759 numerum

120 2768 261 2808 explevit
274 2769 385 2800 addito
396 2780 435 2800 ex
447 2770 560 2800 eodem
577 2771 642 2801 Ms.
655 2780 814 2810 unquam.

163 2812 202 2841 55
225 2811 297 2842 cecla
312 2812 478 2852 uniit-ieie]
512 2813 669 2844 Absolute
683 2813 746 2843 hoe
761 2812 816 2842 be-

854 2306 973 2341 tribuo,
994 2314 1134 2343 quocum
1150 2304 1223 2333 cedo
1238 2303 1334 2333 amic.
1350 2311 1417 2332 non
1440 2311 1557 2332 couve-

855 2348 917 2378 nit.
954 2348 1043 2377 Puto
1058 2345 1264 2376 scribendum
1274 2345 1416 2375 concedo.
1443 2344 1558 2374 Paullo

855 2397 946 2430 post:
969 2391 998 2420 si
1019 2389 1100 2428 quid
1118 2393 1165 2418 est
1187 2388 1245 2418 tibi
1267 2388 1437 2417 remissum
1461 2391 1558 2425 atque

855 2442 1048 2462 concessum.
1092 2431 1174 2461 Mox
1197 2434 1267 2460 tute
1289 2429 1412 2469 optime
1437 2429 1558 2459 Grute-

857 2484 911 2504 rus
926 2473 1055 2505 induxit
1069 2483 1127 2513 pro
1144 2472 1278 2511 vulgato
1291 2472 1376 2502 vitoe.

899 2517 939 2547 56
959 2517 1137 2556 suspicione
1144 2514 1555 2554 μενεῖνίηπίἰ-Ρνιῑιφνίε·

856 2559 936 2598 rim]
982 2558 1187 2589 Perstrinxit
1217 2556 1356 2587 refertur
1385 2555 1424 2585 ad
1454 2554 1555 2590 dicta,

857 2602 973 2640 quibus
996 2600 1083 2631 mala
1107 2599 1248 2639 suspicio
1273 2602 1445 2628 movetur:
1468 2604 1556 2636 prae-

856 2644 1011 2673 verterim
1024 2648 1074 2673 est
1086 2641 1280 2682 superarim,
1293 2650 1356 2679 quo
1370 2639 1466 2670 verbo
1481 2642 1555 2679 post

857 2687 984 2716 utitur:
1009 2686 1030 2715 i.
1053 2696 1082 2715 e.
1106 2684 1159 2714 cui
1181 2692 1242 2722 ego
1267 2691 1333 2712 non
1353 2681 1460 2711 multo
1482 2679 1558 2720 plus

857 2727 1064 2764 reddiderim,
1077 2728 1111 2757 in
1125 2736 1164 2756 eo
1177 2734 1308 2765 genere,
1322 2732 1419 2763 quam
1434 2722 1474 2753 ab
1487 2723 1560 2762 ipso

858 2770 1066 2811 accepissem.
1094 2768 1230 2799 Frustra
1244 2767 1337 2798 haesit
1354 2765 1546 2804 Lambinus,

779 2876 898 2913 31²4
