<?xml version="1.0" encoding="UTF-8"?>
<!DOCTYPE html PUBLIC "-//W3C//DTD XHTML 1.0 Transitional//EN"
    "http://www.w3.org/TR/xhtml1/DTD/xhtml1-transitional.dtd">
<html xmlns="http://www.w3.org/1999/xhtml" xml:lang="en" lang="en">
 <head>
  <title>
</title>
<meta http-equiv="Content-Type" content="text/html;charset=utf-8" />
  <meta name='ocr-system' content='tesseract 3.04.00' />
  <meta name='ocr-capabilities' content='ocr_page ocr_carea ocr_par ocr_line ocrx_word'/>
</head>
<body>
  <div class='ocr_page' id='page_1' title='image "./p2operaomnia02ciceuoft_0640.png"; bbox 0 0 1785 3185; ppageno 0'>
   <div class='ocr_carea' id='block_1_1' title="bbox 301 85 1174 126">
    <p class='ocr_par' dir='ltr' id='par_1_1' title="bbox 301 85 1174 126">
     <span class='ocr_line' id='line_1_1' title="bbox 301 85 1174 126; baseline 0.006 -4"><span class='ocrx_word' id='word_1_1' title='bbox 301 85 400 126; x_wconf 67' lang='lat'>1854</span> <span class='ocrx_word' id='word_1_2' title='bbox 886 86 1174 126; x_wconf 64' lang='lat' dir='ltr'>ORATIO‘*</span> 
     </span>
    </p>
   </div>
   <div class='ocr_carea' id='block_1_2' title="bbox 144 189 1715 2273">
    <p class='ocr_par' dir='ltr' id='par_1_2' title="bbox 144 189 1715 2273">
     <span class='ocr_line' id='line_1_2' title="bbox 295 189 1714 255; baseline 0.005 -27"><span class='ocrx_word' id='word_1_3' title='bbox 295 189 414 229; x_wconf 75' lang='lat' dir='ltr'>xum!</span> <span class='ocrx_word' id='word_1_4' title='bbox 445 202 522 229; x_wconf 87' lang='lat' dir='ltr'>cur</span> <span class='ocrx_word' id='word_1_5' title='bbox 543 196 735 231; x_wconf 79' lang='lat' dir='ltr'>&#39;senatum</span> <span class='ocrx_word' id='word_1_6' title='bbox 759 204 905 246; x_wconf 84' lang='lat' dir='ltr'>cogor,</span> <span class='ocrx_word' id='word_1_7' title='bbox 927 206 1053 246; x_wconf 87' lang='lat' dir='ltr'>quem</span> <span class='ocrx_word' id='word_1_8' title='bbox 1085 190 1251 232; x_wconf 78' lang='lat' dir='ltr'>laudavi</span> <span class='ocrx_word' id='word_1_9' title='bbox 1277 204 1455 255; x_wconf 83' lang='lat' dir='ltr'><strong>semper,</strong></span> <span class='ocrx_word' id='word_1_10' title='bbox 1488 190 1714 249; x_wconf 67' lang='lat' dir='ltr'>reprehen⁴</span> 
     </span>
     <span class='ocr_line' id='line_1_3' title="bbox 295 244 1710 303; baseline 0.005 -19"><span class='ocrx_word' id='word_1_11' title='bbox 295 244 419 285; x_wconf 86' lang='lat' dir='ltr'>dere?</span> <span class='ocrx_word' id='word_1_12' title='bbox 450 245 580 300; x_wconf 87' lang='lat' dir='ltr'>quid?</span> <span class='ocrx_word' id='word_1_13' title='bbox 611 261 685 287; x_wconf 84' lang='lat' dir='ltr'>vos</span> <span class='ocrx_word' id='word_1_14' title='bbox 707 249 901 298; x_wconf 83' lang='lat' dir='ltr'>censetis,</span> <span class='ocrx_word' id='word_1_15' title='bbox 925 258 1063 303; x_wconf 87' lang='lat' dir='ltr'>patres</span> <span class='ocrx_word' id='word_1_16' title='bbox 1085 248 1332 303; x_wconf 79' lang='lat' dir='ltr'>conscripti,</span> <span class='ocrx_word' id='word_1_17' title='bbox 1353 248 1588 303; x_wconf 84' lang='lat' dir='ltr'>legatorum</span> <span class='ocrx_word' id='word_1_18' title='bbox 1611 251 1710 291; x_wconf 82' lang='lat' dir='ltr'>mis—</span> 
     </span>
     <span class='ocr_line' id='line_1_4' title="bbox 295 280 1710 361; baseline 0.004 -19"><span class='ocrx_word' id='word_1_19' title='bbox 295 301 460 342; x_wconf 77' lang='lat' dir='ltr'>sionem</span> <span class='ocrx_word' id='word_1_20' title='bbox 482 304 521 333; x_wconf 76' lang='lat'>‘23</span> <span class='ocrx_word' id='word_1_21' title='bbox 535 303 692 358; x_wconf 86' lang='lat' dir='ltr'>populo</span> <span class='ocrx_word' id='word_1_22' title='bbox 722 280 918 345; x_wconf 70' lang='lat' dir='ltr'>Romani)</span> <span class='ocrx_word' id='word_1_23' title='bbox 942 306 1211 360; x_wconf 83' lang='lat' dir='ltr'>probavisse?</span> <span class='ocrx_word' id='word_1_24' title='bbox 1241 320 1326 345; x_wconf 91' lang='lat' dir='ltr'>non</span> <span class='ocrx_word' id='word_1_25' title='bbox 1351 305 1601 361; x_wconf 80' lang='lat' dir='ltr'>intelligitis,</span> <span class='ocrx_word' id='word_1_26' title='bbox 1625 322 1710 347; x_wconf 89' lang='lat' dir='ltr'>non</span> 
     </span>
     <span class='ocr_line' id='line_1_5' title="bbox 291 358 1713 416; baseline 0.004 -19"><span class='ocrx_word' id='word_1_27' title='bbox 291 358 467 408; x_wconf 74' lang='lat' dir='ltr'>auditis,</span> <span class='ocrx_word' id='word_1_28' title='bbox 501 373 638 400; x_wconf 81' lang='lat' dir='ltr'>meam</span> <span class='ocrx_word' id='word_1_29' title='bbox 671 362 924 402; x_wconf 78' lang='lat' dir='ltr'>sententiam</span> <span class='ocrx_word' id='word_1_30' title='bbox 964 362 1004 401; x_wconf 84' lang='lat' dir='ltr'>ss</span> <span class='ocrx_word' id='word_1_31' title='bbox 1007 361 1171 411; x_wconf 65' lang='lat' dir='ltr'>1⁰1t¹111²</span> <span class='ocrx_word' id='word_1_32' title='bbox 1212 361 1280 402; x_wconf 89' lang='lat' dir='ltr'>cui</span> <span class='ocrx_word' id='word_1_33' title='bbox 1322 377 1421 402; x_wconf 78' lang='lat' dir='ltr'>cuni</span> <span class='ocrx_word' id='word_1_34' title='bbox 1463 363 1598 416; x_wconf 82' lang='lat' dir='ltr'>piidie</span> <span class='ocrx_word' id='word_1_35' title='bbox 1629 363 1713 403; x_wconf 90' lang='lat' dir='ltr'>fre—</span> 
     </span>
     <span class='ocr_line' id='line_1_6' title="bbox 291 417 1711 478; baseline 0.003 -24"><span class='ocrx_word' id='word_1_36' title='bbox 291 425 472 478; x_wconf 79' lang='lat' dir='ltr'>quentes</span> <span class='ocrx_word' id='word_1_37' title='bbox 507 418 652 457; x_wconf 87' lang='lat' dir='ltr'>essetis</span> <span class='ocrx_word' id='word_1_38' title='bbox 688 418 860 467; x_wconf 86' lang='lat' dir='ltr'>assensi,</span> <span class='ocrx_word' id='word_1_39' title='bbox 884 418 1089 472; x_wconf 81' lang='lat' dir='ltr'><strong>postridie</strong></span> <span class='ocrx_word' id='word_1_40' title='bbox 1122 419 1161 448; x_wconf 71' lang='lat'>9⁴</span> <span class='ocrx_word' id='word_1_41' title='bbox 1175 417 1226 458; x_wconf 88' lang='lat' dir='ltr'>ad</span> <span class='ocrx_word' id='word_1_42' title='bbox 1257 432 1375 472; x_wconf 87' lang='lat' dir='ltr'>spem</span> <span class='ocrx_word' id='word_1_43' title='bbox 1408 419 1507 459; x_wconf 82' lang='lat' dir='ltr'>estis</span> <span class='ocrx_word' id='word_1_44' title='bbox 1541 420 1711 460; x_wconf 90' lang='lat' dir='ltr'>inanem</span> 
     </span>
     <span class='ocr_line' id='line_1_7' title="bbox 289 472 1711 529; baseline 0.003 -18"><span class='ocrx_word' id='word_1_45' title='bbox 289 472 412 525; x_wconf 82' lang='lat' dir='ltr'>pacis</span> <span class='ocrx_word' id='word_1_46' title='bbox 433 472 637 514; x_wconf 83' lang='lat' dir='ltr'>devoluti.</span> <span class='ocrx_word' id='word_1_47' title='bbox 698 475 840 520; x_wconf 78' lang='lat' dir='ltr'>Quam</span> <span class='ocrx_word' id='word_1_48' title='bbox 864 486 985 528; x_wconf 84' lang='lat' dir='ltr'>tuipc</span> <span class='ocrx_word' id='word_1_49' title='bbox 1010 488 1133 529; x_wconf 73' lang='lat' dir='ltr'>porro</span> <span class='ocrx_word' id='word_1_50' title='bbox 1155 483 1232 523; x_wconf 85' lang='lat' dir='ltr'>est,</span> <span class='ocrx_word' id='word_1_51' title='bbox 1255 473 1493 529; x_wconf 70' lang='lat' dir='ltr'>‘251egi0ncs</span> <span class='ocrx_word' id='word_1_52' title='bbox 1515 477 1565 517; x_wconf 84' lang='lat' dir='ltr'>ad</span> <span class='ocrx_word' id='word_1_53' title='bbox 1591 490 1711 516; x_wconf 83' lang='lat' dir='ltr'>sena-</span> 
     </span>
     <span class='ocr_line' id='line_1_8' title="bbox 292 507 1709 596; baseline 0.004 -29"><span class='ocrx_word' id='word_1_54' title='bbox 292 536 385 568; x_wconf 87' lang='lat' dir='ltr'>tum</span> <span class='ocrx_word' id='word_1_55' title='bbox 420 528 581 584; x_wconf 85' lang='lat' dir='ltr'>legatos</span> <span class='ocrx_word' id='word_1_56' title='bbox 619 531 802 580; x_wconf 83' lang='lat' dir='ltr'>mitteic,</span> <span class='ocrx_word' id='word_1_57' title='bbox 835 543 1027 570; x_wconf 75' lang='lat' dir='ltr'>senatum</span> <span class='ocrx_word' id='word_1_58' title='bbox 1069 530 1120 570; x_wconf 83' lang='lat' dir='ltr'>ad</span> <span class='ocrx_word' id='word_1_59' title='bbox 1154 507 1420 572; x_wconf 82' lang='lat' dir='ltr'>Antonium?</span> <span class='ocrx_word' id='word_1_60' title='bbox 1451 546 1709 596; x_wconf 37' lang='lat' dir='ltr'>quamq-uam</span> 
     </span>
     <span class='ocr_line' id='line_1_9' title="bbox 291 583 1708 642; baseline 0.003 -18"><span class='ocrx_word' id='word_1_61' title='bbox 291 583 364 624; x_wconf 84' lang='lat' dir='ltr'>illa</span> <span class='ocrx_word' id='word_1_62' title='bbox 396 585 552 641; x_wconf 81' lang='lat' dir='ltr'>legatio</span> <span class='ocrx_word' id='word_1_63' title='bbox 575 601 660 626; x_wconf 88' lang='lat' dir='ltr'>non</span> <span class='ocrx_word' id='word_1_64' title='bbox 693 596 781 627; x_wconf 84' lang='lat' dir='ltr'>est:</span> <span class='ocrx_word' id='word_1_65' title='bbox 812 586 1079 627; x_wconf 76' lang='lat' dir='ltr'>denuntiatio</span> <span class='ocrx_word' id='word_1_66' title='bbox 1102 596 1180 635; x_wconf 90' lang='lat' dir='ltr'>est,</span> <span class='ocrx_word' id='word_1_67' title='bbox 1215 598 1406 642; x_wconf 80' lang='lat' dir='ltr'>paratum</span> <span class='ocrx_word' id='word_1_68' title='bbox 1430 588 1488 629; x_wconf 86' lang='lat' dir='ltr'>illi</span> <span class='ocrx_word' id='word_1_69' title='bbox 1511 590 1708 639; x_wconf 80' lang='lat' dir='ltr'>exitium,</span> 
     </span>
     <span class='ocr_line' id='line_1_10' title="bbox 289 641 1709 700; baseline 0.001 -18"><span class='ocrx_word' id='word_1_70' title='bbox 289 641 372 682; x_wconf 85' lang='lat' dir='ltr'>nisi</span> <span class='ocrx_word' id='word_1_71' title='bbox 404 643 591 697; x_wconf 85' lang='lat' dir='ltr'>paruciit</span> <span class='ocrx_word' id='word_1_72' title='bbox 621 643 721 683; x_wconf 85' lang='lat' dir='ltr'>huic</span> <span class='ocrx_word' id='word_1_73' title='bbox 742 643 895 683; x_wconf 85' lang='lat' dir='ltr'>Oidini.</span> <span class='ocrx_word' id='word_1_74' title='bbox 958 642 1074 688; x_wconf 84' lang='lat' dir='ltr'>Quid</span> <span class='ocrx_word' id='word_1_75' title='bbox 1108 642 1263 684; x_wconf 77' lang='lat' dir='ltr'>refert?</span> <span class='ocrx_word' id='word_1_76' title='bbox 1295 655 1435 684; x_wconf 86' lang='lat' dir='ltr'>tamen</span> <span class='ocrx_word' id='word_1_77' title='bbox 1466 646 1613 700; x_wconf 90' lang='lat' dir='ltr'>opinio</span> <span class='ocrx_word' id='word_1_78' title='bbox 1645 657 1709 686; x_wconf 86' lang='lat' dir='ltr'>est</span> 
     </span>
     <span class='ocr_line' id='line_1_11' title="bbox 289 698 1709 754; baseline 0.002 -15.004"><span class='ocrx_word' id='word_1_79' title='bbox 289 700 475 754; x_wconf 80' lang='lat' dir='ltr'>gravior.</span> <span class='ocrx_word' id='word_1_80' title='bbox 497 700 647 739; x_wconf 87' lang='lat' dir='ltr'>missos</span> <span class='ocrx_word' id='word_1_81' title='bbox 670 700 784 739; x_wconf 88' lang='lat' dir='ltr'>enim</span> <span class='ocrx_word' id='word_1_82' title='bbox 806 699 885 754; x_wconf 67' lang='lat' dir='ltr'>leo-¹</span> <span class='ocrx_word' id='word_1_83' title='bbox 877 698 968 740; x_wconf 83' lang='lat' dir='ltr'>atos</span> <span class='ocrx_word' id='word_1_84' title='bbox 991 714 1137 740; x_wconf 88' lang='lat' dir='ltr'>omnes</span> <span class='ocrx_word' id='word_1_85' title='bbox 1155 699 1323 741; x_wconf 87' lang='lat' dir='ltr'>vident:</span> <span class='ocrx_word' id='word_1_86' title='bbox 1356 702 1396 730; x_wconf 77' lang='lat'>‘26</span> <span class='ocrx_word' id='word_1_87' title='bbox 1409 701 1566 747; x_wconf 84' lang='lat' dir='ltr'>decreti</span> <span class='ocrx_word' id='word_1_88' title='bbox 1582 703 1709 743; x_wconf 74' lang='lat' dir='ltr'>vestri</span> 
     </span>
     <span class='ocr_line' id='line_1_12' title="bbox 287 755 1708 812; baseline 0.002 -17"><span class='ocrx_word' id='word_1_89' title='bbox 287 768 375 795; x_wconf 87' lang='lat' dir='ltr'>non</span> <span class='ocrx_word' id='word_1_90' title='bbox 395 770 542 796; x_wconf 84' lang='lat' dir='ltr'>omnes</span> <span class='ocrx_word' id='word_1_91' title='bbox 562 757 690 797; x_wconf 76' lang='lat' dir='ltr'>verba</span> <span class='ocrx_word' id='word_1_92' title='bbox 711 765 933 797; x_wconf 78' lang='lat' dir='ltr'>noverunt.</span> <span class='ocrx_word' id='word_1_93' title='bbox 968 755 1210 797; x_wconf 83' lang='lat' dir='ltr'>Retinenda</span> <span class='ocrx_word' id='word_1_94' title='bbox 1227 765 1289 797; x_wconf 88' lang='lat' dir='ltr'>est</span> <span class='ocrx_word' id='word_1_95' title='bbox 1313 757 1444 812; x_wconf 76' lang='lat' dir='ltr'>igitur</span> <span class='ocrx_word' id='word_1_96' title='bbox 1467 758 1587 798; x_wconf 91' lang='lat' dir='ltr'>vobis</span> <span class='ocrx_word' id='word_1_97' title='bbox 1606 773 1708 800; x_wconf 90' lang='lat' dir='ltr'>con-</span> 
     </span>
     <span class='ocr_line' id='line_1_13' title="bbox 288 812 1708 869; baseline 0.002 -17"><span class='ocrx_word' id='word_1_98' title='bbox 288 812 459 863; x_wconf 77' lang='lat' dir='ltr'>stantia,</span> <span class='ocrx_word' id='word_1_99' title='bbox 482 814 684 869; x_wconf 58' lang='lat' dir='ltr'>gimnus,</span> <span class='ocrx_word' id='word_1_100' title='bbox 709 827 855 868; x_wconf 81' lang='lat' dir='ltr'><strong>persev</strong></span> <span class='ocrx_word' id='word_1_101' title='bbox 860 827 913 853; x_wconf 90' lang='lat' dir='ltr'>er</span> <span class='ocrx_word' id='word_1_102' title='bbox 906 822 1035 854; x_wconf 81' lang='lat' dir='ltr'>mt11</span> <span class='ocrx_word' id='word_1_103' title='bbox 1070 813 1300 868; x_wconf 83' lang='lat' dir='ltr'>repetenda</span> <span class='ocrx_word' id='word_1_104' title='bbox 1325 825 1389 854; x_wconf 81' lang='lat' dir='ltr'>est</span> <span class='ocrx_word' id='word_1_105' title='bbox 1411 821 1531 855; x_wconf 82' lang='lat' dir='ltr'>vetus</span> <span class='ocrx_word' id='word_1_106' title='bbox 1554 814 1624 855; x_wconf 88' lang='lat' dir='ltr'>illa</span> <span class='ocrx_word' id='word_1_107' title='bbox 1644 829 1708 855; x_wconf 89' lang='lat' dir='ltr'>se-</span> 
     </span>
     <span class='ocr_line' id='line_1_14' title="bbox 287 869 467 911; baseline 0.006 -3"><span class='ocrx_word' id='word_1_108' title='bbox 287 869 467 911; x_wconf 57' lang='lat' dir='ltr'>vetitas:</span> 
     </span>
     <span class='ocr_line' id='line_1_15' title="bbox 283 923 1705 981; baseline 0.002 -15"><span class='ocrx_word' id='word_1_109' title='bbox 283 923 468 977; x_wconf 56' lang='lat' dir='ltr'>laudem,</span> <span class='ocrx_word' id='word_1_110' title='bbox 493 927 748 981; x_wconf 68' lang='lat' dir='ltr'>dignititcm</span> <span class='ocrx_word' id='word_1_111' title='bbox 782 926 1012 967; x_wconf 73' lang='lat' dir='ltr'>desiderat.</span> <span class='ocrx_word' id='word_1_112' title='bbox 1045 927 1199 981; x_wconf 87' lang='lat' dir='ltr'>quibus</span> <span class='ocrx_word' id='word_1_113' title='bbox 1232 926 1302 967; x_wconf 89' lang='lat' dir='ltr'>hic</span> <span class='ocrx_word' id='word_1_114' title='bbox 1332 925 1436 968; x_wconf 84' lang='lat' dir='ltr'>ordo</span> <span class='ocrx_word' id='word_1_115' title='bbox 1467 929 1603 969; x_wconf 74' lang='lat' dir='ltr'>caruit</span> <span class='ocrx_word' id='word_1_116' title='bbox 1640 929 1705 969; x_wconf 92' lang='lat' dir='ltr'>ni-</span> 
     </span>
     <span class='ocr_line' id='line_1_16' title="bbox 282 982 1705 1039; baseline 0.003 -17"><span class='ocrx_word' id='word_1_117' title='bbox 282 982 419 1022; x_wconf 85' lang='lat' dir='ltr'>mium</span> <span class='ocrx_word' id='word_1_118' title='bbox 438 983 525 1024; x_wconf 85' lang='lat' dir='ltr'>diu.</span> <span class='ocrx_word' id='word_1_119' title='bbox 587 983 667 1023; x_wconf 88' lang='lat' dir='ltr'>Sed</span> <span class='ocrx_word' id='word_1_120' title='bbox 701 997 746 1023; x_wconf 84' lang='lat' dir='ltr'>ei</span> <span class='ocrx_word' id='word_1_121' title='bbox 749 995 793 1023; x_wconf 86' lang='lat' dir='ltr'>at</span> <span class='ocrx_word' id='word_1_122' title='bbox 828 993 930 1024; x_wconf 89' lang='lat' dir='ltr'>tunc</span> <span class='ocrx_word' id='word_1_123' title='bbox 960 984 1181 1024; x_wconf 80' lang='lat' dir='ltr'>excusatio</span> <span class='ocrx_word' id='word_1_124' title='bbox 1208 985 1435 1039; x_wconf 80' lang='lat' dir='ltr'>oppressis,</span> <span class='ocrx_word' id='word_1_125' title='bbox 1462 985 1614 1026; x_wconf 83' lang='lat' dir='ltr'>misera</span> <span class='ocrx_word' id='word_1_126' title='bbox 1634 985 1705 1026; x_wconf 74' lang='lat' dir='ltr'>illu</span> 
     </span>
     <span class='ocr_line' id='line_1_17' title="bbox 279 1038 1704 1103; baseline 0.002 -24"><span class='ocrx_word' id='word_1_127' title='bbox 279 1039 471 1103; x_wconf 83' lang='lat' dir='ltr'>quidem,</span> <span class='ocrx_word' id='word_1_128' title='bbox 491 1038 575 1079; x_wconf 84' lang='lat' dir='ltr'>scd</span> <span class='ocrx_word' id='word_1_129' title='bbox 607 1049 748 1080; x_wconf 87' lang='lat' dir='ltr'>tamen</span> <span class='ocrx_word' id='word_1_130' title='bbox 773 1039 917 1094; x_wconf 87' lang='lat' dir='ltr'>justa:</span> <span class='ocrx_word' id='word_1_131' title='bbox 967 1054 1078 1080; x_wconf 88' lang='lat' dir='ltr'>nunc</span> <span class='ocrx_word' id='word_1_132' title='bbox 1110 1039 1223 1080; x_wconf 85' lang='lat' dir='ltr'>nulla</span> <span class='ocrx_word' id='word_1_133' title='bbox 1252 1041 1579 1083; x_wconf 86' lang='lat' dir='ltr'>est.Libe1¹ati</span> <span class='ocrx_word' id='word_1_134' title='bbox 1613 1051 1704 1082; x_wconf 81' lang='lat' dir='ltr'>tuin</span> 
     </span>
     <span class='ocr_line' id='line_1_18' title="bbox 282 1096 1704 1154; baseline 0.003 -18"><span class='ocrx_word' id='word_1_135' title='bbox 282 1096 402 1151; x_wconf 77' lang='lat' dir='ltr'>regio</span> <span class='ocrx_word' id='word_1_136' title='bbox 421 1096 642 1137; x_wconf 81' lang='lat' dir='ltr'>dominatu</span> <span class='ocrx_word' id='word_1_137' title='bbox 667 1097 940 1138; x_wconf 71' lang='lat' dir='ltr'>xidebamur:</span> <span class='ocrx_word' id='word_1_138' title='bbox 974 1096 1108 1137; x_wconf 85' lang='lat' dir='ltr'>inulto</span> <span class='ocrx_word' id='word_1_139' title='bbox 1143 1110 1292 1152; x_wconf 77' lang='lat' dir='ltr'>postea</span> <span class='ocrx_word' id='word_1_140' title='bbox 1323 1098 1492 1153; x_wconf 47' lang='lat' dir='ltr'>pravius</span> <span class='ocrx_word' id='word_1_141' title='bbox 1525 1099 1704 1154; x_wconf 67' lang='grc' dir='ltr'>υι·(τρῐ)ιι-</span> 
     </span>
     <span class='ocr_line' id='line_1_19' title="bbox 282 1153 1707 1209; baseline 0.002 -16"><span class='ocrx_word' id='word_1_142' title='bbox 282 1166 378 1193; x_wconf 86' lang='lat' dir='ltr'>mur</span> <span class='ocrx_word' id='word_1_143' title='bbox 400 1153 525 1194; x_wconf 77' lang='lat' dir='ltr'>almis</span> <span class='ocrx_word' id='word_1_144' title='bbox 548 1153 807 1194; x_wconf 84' lang='lat' dir='ltr'>domesticis.</span> <span class='ocrx_word' id='word_1_145' title='bbox 831 1168 866 1194; x_wconf 70' lang='lat' dir='ltr'>ez</span> <span class='ocrx_word' id='word_1_146' title='bbox 869 1170 881 1194; x_wconf 85' lang='lat'>1</span> <span class='ocrx_word' id='word_1_147' title='bbox 902 1154 1246 1209; x_wconf 77' lang='lat' dir='ltr'>ipsadepulinius</span> <span class='ocrx_word' id='word_1_148' title='bbox 1269 1169 1345 1194; x_wconf 86' lang='lat' dir='ltr'>nos</span> <span class='ocrx_word' id='word_1_149' title='bbox 1359 1155 1557 1208; x_wconf 79' lang='lat' dir='ltr'>quidem3</span> <span class='ocrx_word' id='word_1_150' title='bbox 1578 1160 1616 1190; x_wconf 74' lang='lat'>27</span> <span class='ocrx_word' id='word_1_151' title='bbox 1632 1155 1707 1197; x_wconf 83' lang='lat' dir='ltr'>sed</span> 
     </span>
     <span class='ocr_line' id='line_1_20' title="bbox 278 1210 1705 1265; baseline 0.002 -16"><span class='ocrx_word' id='word_1_152' title='bbox 278 1210 578 1264; x_wconf 73' lang='lat' dir='ltr'>extorquenda</span> <span class='ocrx_word' id='word_1_153' title='bbox 609 1221 721 1251; x_wconf 89' lang='lat' dir='ltr'>sunt.</span> <span class='ocrx_word' id='word_1_154' title='bbox 751 1211 866 1265; x_wconf 83' lang='lat' dir='ltr'>quod</span> <span class='ocrx_word' id='word_1_155' title='bbox 900 1226 932 1251; x_wconf 83' lang='lat' dir='ltr'>si</span> <span class='ocrx_word' id='word_1_156' title='bbox 963 1226 1049 1252; x_wconf 88' lang='lat' dir='ltr'>non</span> <span class='ocrx_word' id='word_1_157' title='bbox 1085 1225 1307 1264; x_wconf 85' lang='lat' dir='ltr'>possumus</span> <span class='ocrx_word' id='word_1_158' title='bbox 1340 1210 1493 1261; x_wconf 82' lang='lat' dir='ltr'>facere,</span> <span class='ocrx_word' id='word_1_159' title='bbox 1529 1212 1705 1265; x_wconf 85' lang='lat' dir='ltr'>(dicam,</span> 
     </span>
     <span class='ocr_line' id='line_1_21' title="bbox 278 1267 1704 1332; baseline 0.001 -25"><span class='ocrx_word' id='word_1_160' title='bbox 278 1267 395 1321; x_wconf 88' lang='lat' dir='ltr'>quod</span> <span class='ocrx_word' id='word_1_161' title='bbox 418 1268 598 1322; x_wconf 82' lang='lat' dir='ltr'>dignum</span> <span class='ocrx_word' id='word_1_162' title='bbox 620 1278 747 1308; x_wconf 84' lang='lat' dir='ltr'>estet</span> <span class='ocrx_word' id='word_1_163' title='bbox 769 1277 976 1332; x_wconf 78' lang='lat' dir='ltr'>senatore,</span> <span class='ocrx_word' id='word_1_164' title='bbox 1007 1278 1049 1308; x_wconf 83' lang='lat' dir='ltr'>et</span> <span class='ocrx_word' id='word_1_165' title='bbox 1084 1268 1280 1309; x_wconf 88' lang='lat' dir='ltr'>Romano</span> <span class='ocrx_word' id='word_1_166' title='bbox 1313 1267 1519 1319; x_wconf 82' lang='lat' dir='ltr'>liomine,)</span> <span class='ocrx_word' id='word_1_167' title='bbox 1550 1270 1704 1310; x_wconf 83' lang='lat' dir='ltr'>moria-</span> 
     </span>
     <span class='ocr_line' id='line_1_22' title="bbox 220 1324 1703 1388; baseline 0.002 -25"><span class='ocrx_word' id='word_1_168' title='bbox 220 1340 266 1386; x_wconf 53' lang='lat'>35</span> <span class='ocrx_word' id='word_1_169' title='bbox 281 1336 387 1364; x_wconf 85' lang='lat' dir='ltr'>mur.</span> <span class='ocrx_word' id='word_1_170' title='bbox 450 1326 625 1371; x_wconf 77' lang='lat' dir='ltr'>Quanta</span> <span class='ocrx_word' id='word_1_171' title='bbox 645 1326 759 1366; x_wconf 90' lang='lat' dir='ltr'>enim</span> <span class='ocrx_word' id='word_1_172' title='bbox 781 1325 861 1365; x_wconf 87' lang='lat' dir='ltr'>erit</span> <span class='ocrx_word' id='word_1_173' title='bbox 884 1325 954 1365; x_wconf 87' lang='lat' dir='ltr'>illa</span> <span class='ocrx_word' id='word_1_174' title='bbox 975 1324 1221 1388; x_wconf 82' lang='lat' dir='ltr'>ieipublicae</span> <span class='ocrx_word' id='word_1_175' title='bbox 1245 1325 1480 1379; x_wconf 70' lang='lat' dir='ltr'>turpitudo,</span> <span class='ocrx_word' id='word_1_176' title='bbox 1495 1336 1703 1380; x_wconf 86' lang='lat' dir='ltr'>quantum</span> 
     </span>
     <span class='ocr_line' id='line_1_23' title="bbox 277 1380 1701 1437; baseline 0.001 -16"><span class='ocrx_word' id='word_1_177' title='bbox 277 1380 476 1432; x_wconf 81' lang='lat' dir='ltr'>dedecus,</span> <span class='ocrx_word' id='word_1_178' title='bbox 499 1391 660 1437; x_wconf 85' lang='lat' dir='ltr'>quanta</span> <span class='ocrx_word' id='word_1_179' title='bbox 683 1383 811 1432; x_wconf 80' lang='lat' dir='ltr'>labes,</span> <span class='ocrx_word' id='word_1_180' title='bbox 835 1382 944 1424; x_wconf 73' lang='lat' dir='ltr'>dicei</span> <span class='ocrx_word' id='word_1_181' title='bbox 943 1397 975 1422; x_wconf 84' lang='lat' dir='ltr'>e</span> <span class='ocrx_word' id='word_1_182' title='bbox 1000 1396 1042 1422; x_wconf 84' lang='lat' dir='ltr'>in</span> <span class='ocrx_word' id='word_1_183' title='bbox 1065 1381 1148 1423; x_wconf 89' lang='lat' dir='ltr'>hoc</span> <span class='ocrx_word' id='word_1_184' title='bbox 1176 1382 1325 1422; x_wconf 82' lang='lat' dir='ltr'>ordine</span> <span class='ocrx_word' id='word_1_185' title='bbox 1355 1383 1610 1423; x_wconf 84' lang='lat' dir='ltr'>sententiam</span> <span class='ocrx_word' id='word_1_186' title='bbox 1633 1382 1701 1424; x_wconf 90' lang='lat' dir='ltr'>M.</span> 
     </span>
     <span class='ocr_line' id='line_1_24' title="bbox 278 1436 1715 1494; baseline 0.001 -16"><span class='ocrx_word' id='word_1_187' title='bbox 278 1436 517 1479; x_wconf 85' lang='lat' dir='ltr'>Antonium</span> <span class='ocrx_word' id='word_1_188' title='bbox 545 1438 755 1479; x_wconf 88' lang='lat' dir='ltr'>consulari</span> <span class='ocrx_word' id='word_1_189' title='bbox 779 1439 902 1481; x_wconf 73' lang='lat' dir='ltr'>loco?</span> <span class='ocrx_word' id='word_1_190' title='bbox 933 1439 1055 1494; x_wconf 86' lang='lat' dir='ltr'>cujus</span> <span class='ocrx_word' id='word_1_191' title='bbox 1085 1448 1133 1479; x_wconf 88' lang='lat' dir='ltr'>ut</span> <span class='ocrx_word' id='word_1_192' title='bbox 1154 1439 1354 1479; x_wconf 82' lang='lat' dir='ltr'>omittam</span> <span class='ocrx_word' id='word_1_193' title='bbox 1376 1438 1715 1481; x_wconf 62' lang='lat' dir='ltr'>innumeiabilia„</span> 
     </span>
     <span class='ocr_line' id='line_1_25' title="bbox 144 1495 1702 1559; baseline 0.001 -24"><span class='ocrx_word' id='word_1_194' title='bbox 144 1522 177 1553; x_wconf 79' lang='lat' dir='ltr'>p</span> <span class='ocrx_word' id='word_1_195' title='bbox 192 1513 264 1544; x_wconf 73' lang='lat'>212</span> <span class='ocrx_word' id='word_1_196' title='bbox 278 1495 435 1536; x_wconf 86' lang='lat' dir='ltr'>scelera</span> <span class='ocrx_word' id='word_1_197' title='bbox 458 1496 608 1537; x_wconf 84' lang='lat' dir='ltr'>urbani</span> <span class='ocrx_word' id='word_1_198' title='bbox 630 1496 890 1547; x_wconf 80' lang='lat' dir='ltr'>consulatus,</span> <span class='ocrx_word' id='word_1_199' title='bbox 919 1495 964 1537; x_wconf 87' lang='lat' dir='ltr'>in</span> <span class='ocrx_word' id='word_1_200' title='bbox 995 1510 1080 1552; x_wconf 89' lang='lat' dir='ltr'>quo</span> <span class='ocrx_word' id='word_1_201' title='bbox 1104 1496 1329 1559; x_wconf 76' lang='lat' dir='ltr'>pecuniam</span> <span class='ocrx_word' id='word_1_202' title='bbox 1366 1495 1582 1550; x_wconf 84' lang='lat' dir='ltr'>publicam</span> <span class='ocrx_word' id='word_1_203' title='bbox 1611 1511 1702 1536; x_wconf 88' lang='lat' dir='ltr'>ma-</span> 
     </span>
     <span class='ocr_line' id='line_1_26' title="bbox 231 1552 1698 1616; baseline 0.001 -24"><span class='ocrx_word' id='word_1_204' title='bbox 231 1566 263 1587; x_wconf 80' lang='lat' dir='ltr'>a.</span> <span class='ocrx_word' id='word_1_205' title='bbox 278 1552 439 1593; x_wconf 82' lang='lat' dir='ltr'>ximam</span> <span class='ocrx_word' id='word_1_206' title='bbox 461 1553 699 1616; x_wconf 79' lang='lat' dir='ltr'>dissipavit,</span> <span class='ocrx_word' id='word_1_207' title='bbox 717 1553 884 1595; x_wconf 78' lang='lat' dir='ltr'>exsules</span> <span class='ocrx_word' id='word_1_208' title='bbox 907 1553 997 1594; x_wconf 87' lang='lat' dir='ltr'>sine</span> <span class='ocrx_word' id='word_1_209' title='bbox 1020 1552 1113 1609; x_wconf 82' lang='lat' dir='ltr'>lege</span> <span class='ocrx_word' id='word_1_210' title='bbox 1134 1553 1335 1603; x_wconf 87' lang='lat' dir='ltr'>restituit,</span> <span class='ocrx_word' id='word_1_211' title='bbox 1346 1553 1575 1609; x_wconf 84' lang='lat' dir='ltr'>vectigalia</span> <span class='ocrx_word' id='word_1_212' title='bbox 1597 1567 1698 1594; x_wconf 91' lang='lat' dir='ltr'>ven-</span> 
     </span>
     <span class='ocr_line' id='line_1_27' title="bbox 271 1586 1700 1674; baseline 0.001 -25"><span class='ocrx_word' id='word_1_213' title='bbox 271 1609 397 1660; x_wconf 87' lang='lat' dir='ltr'>didit,</span> <span class='ocrx_word' id='word_1_214' title='bbox 426 1624 667 1665; x_wconf 64' lang='grc' dir='ltr'>ρι’·οιιιιοιει5</span> <span class='ocrx_word' id='word_1_215' title='bbox 689 1610 742 1650; x_wconf 90' lang='lat' dir='ltr'>de</span> <span class='ocrx_word' id='word_1_216' title='bbox 767 1610 912 1674; x_wconf 79' lang='lat' dir='ltr'>populi</span> <span class='ocrx_word' id='word_1_217' title='bbox 939 1586 1085 1651; x_wconf 74' lang='lat' dir='ltr'>hom·0</span> <span class='ocrx_word' id='word_1_218' title='bbox 1056 1609 1124 1650; x_wconf 84' lang='grc' dir='ltr'>ιιιιί</span> <span class='ocrx_word' id='word_1_219' title='bbox 1148 1609 1336 1674; x_wconf 79' lang='lat' dir='ltr'>impeiio</span> <span class='ocrx_word' id='word_1_220' title='bbox 1359 1610 1544 1661; x_wconf 85' lang='lat' dir='ltr'>sustulit,</span> <span class='ocrx_word' id='word_1_221' title='bbox 1568 1624 1700 1666; x_wconf 83' lang='lat' dir='ltr'>regna</span> 
     </span>
     <span class='ocr_line' id='line_1_28' title="bbox 273 1666 1699 1723; baseline 0.001 -17"><span class='ocrx_word' id='word_1_222' title='bbox 273 1666 442 1707; x_wconf 84' lang='lat' dir='ltr'>addixit</span> <span class='ocrx_word' id='word_1_223' title='bbox 475 1681 670 1722; x_wconf 68' lang='lat' dir='ltr'>pecuniz‚1</span> <span class='ocrx_word' id='word_1_224' title='bbox 692 1667 805 1722; x_wconf 82' lang='lat' dir='ltr'>leges</span> <span class='ocrx_word' id='word_1_225' title='bbox 828 1667 995 1708; x_wconf 82' lang='lat' dir='ltr'>civitati</span> <span class='ocrx_word' id='word_1_226' title='bbox 1022 1681 1096 1723; x_wconf 86' lang='lat' dir='ltr'>per</span> <span class='ocrx_word' id='word_1_227' title='bbox 1119 1667 1204 1707; x_wconf 88' lang='lat' dir='ltr'>vim</span> <span class='ocrx_word' id='word_1_228' title='bbox 1227 1667 1448 1722; x_wconf 84' lang='lat' dir='ltr'>imposuit,</span> <span class='ocrx_word' id='word_1_229' title='bbox 1467 1667 1594 1708; x_wconf 86' lang='lat' dir='ltr'>armis</span> <span class='ocrx_word' id='word_1_230' title='bbox 1625 1678 1699 1708; x_wconf 87' lang='lat' dir='ltr'>aut.</span> 
     </span>
     <span class='ocr_line' id='line_1_29' title="bbox 273 1701 1695 1778; baseline 0.001 -15"><span class='ocrx_word' id='word_1_231' title='bbox 273 1723 442 1764; x_wconf 84' lang='lat' dir='ltr'>obsedit</span> <span class='ocrx_word' id='word_1_232' title='bbox 472 1733 546 1764; x_wconf 83' lang='lat' dir='ltr'>aut</span> <span class='ocrx_word' id='word_1_233' title='bbox 577 1701 763 1764; x_wconf 77' lang='lat' dir='ltr'>exclusit</span> <span class='ocrx_word' id='word_1_234' title='bbox 797 1733 1015 1765; x_wconf 73' lang='lat' dir='ltr'>sen-itum:</span> <span class='ocrx_word' id='word_1_235' title='bbox 1052 1734 1097 1764; x_wconf 88' lang='lat' dir='ltr'>ut</span> <span class='ocrx_word' id='word_1_236' title='bbox 1119 1723 1228 1774; x_wconf 84' lang='lat' dir='ltr'>haec,</span> <span class='ocrx_word' id='word_1_237' title='bbox 1258 1738 1447 1778; x_wconf 83' lang='lat' dir='ltr'>inquam,</span> <span class='ocrx_word' id='word_1_238' title='bbox 1468 1724 1695 1766; x_wconf 87' lang='lat' dir='ltr'>omittam.</span> 
     </span>
     <span class='ocr_line' id='line_1_30' title="bbox 271 1780 1696 1844; baseline 0.001 -24"><span class='ocrx_word' id='word_1_239' title='bbox 271 1793 325 1820; x_wconf 90' lang='lat' dir='ltr'>ne</span> <span class='ocrx_word' id='word_1_240' title='bbox 348 1780 429 1821; x_wconf 87' lang='lat' dir='ltr'>hoc</span> <span class='ocrx_word' id='word_1_241' title='bbox 451 1781 622 1844; x_wconf 82' lang='lat' dir='ltr'>quidem</span> <span class='ocrx_word' id='word_1_242' title='bbox 646 1781 864 1837; x_wconf 83' lang='lat' dir='ltr'>cogitatis,</span> <span class='ocrx_word' id='word_1_243' title='bbox 887 1795 999 1832; x_wconf 86' lang='lat' dir='ltr'>eum,</span> <span class='ocrx_word' id='word_1_244' title='bbox 1023 1780 1094 1835; x_wconf 90' lang='lat' dir='ltr'>qui</span> <span class='ocrx_word' id='word_1_245' title='bbox 1126 1780 1361 1831; x_wconf 69' lang='lat' dir='ltr'>Mutinam,</span> <span class='ocrx_word' id='word_1_246' title='bbox 1383 1781 1595 1822; x_wconf 88' lang='lat' dir='ltr'>coloniam</span> <span class='ocrx_word' id='word_1_247' title='bbox 1619 1796 1696 1836; x_wconf 91' lang='lat' dir='ltr'>po-</span> 
     </span>
     <span class='ocr_line' id='line_1_31' title="bbox 303 1825 1694 1894; baseline 0.001 -17"><span class='ocrx_word' id='word_1_248' title='bbox 303 1836 360 1877; x_wconf 93' lang='lat' dir='ltr'>uli</span> <span class='ocrx_word' id='word_1_249' title='bbox 384 1836 509 1878; x_wconf 85' lang='lat' dir='ltr'>Rom·</span> <span class='ocrx_word' id='word_1_250' title='bbox 502 1853 571 1878; x_wconf 81' lang='lat' dir='ltr'>ani</span> <span class='ocrx_word' id='word_1_251' title='bbox 594 1825 897 1889; x_wconf 73' lang='lat' dir='ltr'>finnissimam,</span> <span class='ocrx_word' id='word_1_252' title='bbox 919 1847 1205 1894; x_wconf 69' lang='grc' dir='ltr'>ορρυσιιιιιοῑ,</span> <span class='ocrx_word' id='word_1_253' title='bbox 1225 1837 1523 1892; x_wconf 83' lang='lat' dir='ltr'>imperatorem</span> <span class='ocrx_word' id='word_1_254' title='bbox 1547 1837 1694 1894; x_wconf 89' lang='lat' dir='ltr'>populi</span> 
     </span>
     <span class='ocr_line' id='line_1_32' title="bbox 271 1851 1694 1958; baseline -0.001 -22"><span class='ocrx_word' id='word_1_255' title='bbox 271 1851 474 1945; x_wconf 50' lang='lat' dir='ltr'>Romani,</span> <span class='ocrx_word' id='word_1_256' title='bbox 487 1895 703 1935; x_wconf 85' lang='lat' dir='ltr'>consulem</span> <span class='ocrx_word' id='word_1_257' title='bbox 722 1894 1009 1950; x_wconf 80' lang='lat' dir='ltr'>designatum,</span> <span class='ocrx_word' id='word_1_258' title='bbox 1026 1895 1257 1945; x_wconf 87' lang='lat' dir='ltr'>obsederit,</span> <span class='ocrx_word' id='word_1_259' title='bbox 1269 1895 1553 1958; x_wconf 84' lang='lat' dir='ltr'>depopulatus</span> <span class='ocrx_word' id='word_1_260' title='bbox 1569 1909 1694 1951; x_wconf 79' lang='lat' dir='ltr'>agros</span> 
     </span>
     <span class='ocr_line' id='line_1_33' title="bbox 269 1951 1697 2007; baseline 0.001 -16"><span class='ocrx_word' id='word_1_261' title='bbox 269 1951 345 2003; x_wconf 83' lang='lat' dir='ltr'>sit3</span> <span class='ocrx_word' id='word_1_262' title='bbox 379 1951 523 1992; x_wconf 88' lang='lat' dir='ltr'>hunc</span> <span class='ocrx_word' id='word_1_263' title='bbox 514 1966 558 1992; x_wconf 84' lang='lat' dir='ltr'>in</span> <span class='ocrx_word' id='word_1_264' title='bbox 580 1966 676 1992; x_wconf 84' lang='lat' dir='ltr'>eum</span> <span class='ocrx_word' id='word_1_265' title='bbox 700 1953 894 1995; x_wconf 76' lang='lat' dir='ltr'>ordinem</span> <span class='ocrx_word' id='word_1_266' title='bbox 922 1951 1069 2007; x_wconf 80' lang='lat' dir='ltr'>recipi,</span> <span class='ocrx_word' id='word_1_267' title='bbox 1099 1967 1123 1992; x_wconf 83' lang='lat' dir='ltr'>a</span> <span class='ocrx_word' id='word_1_268' title='bbox 1144 1967 1229 2006; x_wconf 83' lang='lat' dir='ltr'>quo</span> <span class='ocrx_word' id='word_1_269' title='bbox 1255 1953 1382 1992; x_wconf 88' lang='lat' dir='ltr'>toties</span> <span class='ocrx_word' id='word_1_270' title='bbox 1404 1953 1460 1992; x_wconf 85' lang='lat' dir='ltr'>ob</span> <span class='ocrx_word' id='word_1_271' title='bbox 1484 1951 1592 1992; x_wconf 84' lang='lat' dir='ltr'>has</span> <span class='ocrx_word' id='word_1_272' title='bbox 1584 1966 1697 2007; x_wconf 83' lang='lat' dir='ltr'>ipsas</span> 
     </span>
     <span class='ocr_line' id='line_1_34' title="bbox 267 2007 1695 2065; baseline 0.001 -17"><span class='ocrx_word' id='word_1_273' title='bbox 267 2022 416 2049; x_wconf 81' lang='lat' dir='ltr'>causas</span> <span class='ocrx_word' id='word_1_274' title='bbox 454 2008 589 2050; x_wconf 86' lang='lat' dir='ltr'>hostis</span> <span class='ocrx_word' id='word_1_275' title='bbox 614 2007 836 2064; x_wconf 80' lang='lat' dir='ltr'>judicatus</span> <span class='ocrx_word' id='word_1_276' title='bbox 876 2008 945 2060; x_wconf 80' lang='lat' dir='ltr'>sit,</span> <span class='ocrx_word' id='word_1_277' title='bbox 977 2023 1104 2064; x_wconf 82' lang='lat' dir='ltr'>quain</span> <span class='ocrx_word' id='word_1_278' title='bbox 1143 2008 1311 2050; x_wconf 84' lang='lat' dir='ltr'>foedum</span> <span class='ocrx_word' id='word_1_279' title='bbox 1347 2009 1695 2065; x_wconf 81' lang='lat' dir='ltr'>flagitiosumque</span> 
     </span>
     <span class='ocr_line' id='line_1_35' title="bbox 269 2065 351 2106; baseline 0.012 -2"><span class='ocrx_word' id='word_1_280' title='bbox 269 2065 351 2106; x_wconf 78' lang='lat' dir='ltr'>sit?</span> 
     </span>
     <span class='ocr_line' id='line_1_36' title="bbox 310 2149 959 2189; baseline 0.003 -11"><span class='ocrx_word' id='word_1_281' title='bbox 310 2150 349 2179; x_wconf 74' lang='lat'>‘23</span> <span class='ocrx_word' id='word_1_282' title='bbox 372 2149 490 2189; x_wconf 77' lang='lat' dir='ltr'>populo</span> <span class='ocrx_word' id='word_1_283' title='bbox 514 2149 663 2180; x_wconf 77' lang='lat' dir='ltr'>Romano</span> <span class='ocrx_word' id='word_1_284' title='bbox 681 2149 806 2188; x_wconf 73' lang='lat' dir='ltr'>prolum</span> <span class='ocrx_word' id='word_1_285' title='bbox 809 2149 881 2189; x_wconf 67' lang='lat' dir='ltr'>esee]</span> <span class='ocrx_word' id='word_1_286' title='bbox 906 2150 959 2180; x_wconf 84' lang='lat' dir='ltr'>Sic</span> 
     </span>
     <span class='ocr_line' id='line_1_37' title="bbox 267 2188 961 2231; baseline 0.003 -11"><span class='ocrx_word' id='word_1_287' title='bbox 267 2188 443 2229; x_wconf 86' lang='lat' dir='ltr'>legendum</span> <span class='ocrx_word' id='word_1_288' title='bbox 469 2198 539 2221; x_wconf 86' lang='lat' dir='ltr'>erat</span> <span class='ocrx_word' id='word_1_289' title='bbox 567 2191 796 2231; x_wconf 82' lang='lat' dir='ltr'>compendium</span> <span class='ocrx_word' id='word_1_290' title='bbox 824 2192 903 2222; x_wconf 81' lang='lat' dir='ltr'>Mss.</span> <span class='ocrx_word' id='word_1_291' title='bbox 926 2196 961 2223; x_wconf 83' lang='lat' dir='ltr'>et</span> 
     </span>
     <span class='ocr_line' id='line_1_38' title="bbox 267 2232 961 2273; baseline 0.004 -12"><span class='ocrx_word' id='word_1_292' title='bbox 267 2232 338 2262; x_wconf 80' lang='lat' dir='ltr'>edd.</span> <span class='ocrx_word' id='word_1_293' title='bbox 355 2243 401 2272; x_wconf 86' lang='lat' dir='ltr'>p.r</span> <span class='ocrx_word' id='word_1_294' title='bbox 427 2232 470 2263; x_wconf 81' lang='lat' dir='ltr'>P.</span> <span class='ocrx_word' id='word_1_295' title='bbox 496 2233 538 2264; x_wconf 79' lang='lat' dir='ltr'>R.</span> <span class='ocrx_word' id='word_1_296' title='bbox 564 2243 628 2264; x_wconf 90' lang='lat' dir='ltr'>non</span> <span class='ocrx_word' id='word_1_297' title='bbox 641 2234 798 2273; x_wconf 75' lang='lat' dir='ltr'>populum</span> <span class='ocrx_word' id='word_1_298' title='bbox 812 2234 906 2264; x_wconf 80' lang='lat' dir='ltr'>Rom</span> <span class='ocrx_word' id='word_1_299' title='bbox 923 2240 961 2264; x_wconf 89' lang='lat' dir='ltr'>ut</span> 
     </span>
    </p>
   </div>
   <div class='ocr_carea' id='block_1_3' title="bbox 265 2274 961 2357">
    <p class='ocr_par' dir='ltr' id='par_1_3' title="bbox 265 2274 961 2357">
     <span class='ocr_line' id='line_1_39' title="bbox 267 2274 961 2315; baseline 0.001 -11"><span class='ocrx_word' id='word_1_300' title='bbox 267 2278 339 2314; x_wconf 85' lang='lat' dir='ltr'>post</span> <span class='ocrx_word' id='word_1_301' title='bbox 354 2274 477 2305; x_wconf 79' lang='lat' dir='ltr'>editum</span> <span class='ocrx_word' id='word_1_302' title='bbox 493 2279 553 2304; x_wconf 86' lang='lat' dir='ltr'>cst.</span> <span class='ocrx_word' id='word_1_303' title='bbox 596 2275 673 2306; x_wconf 87' lang='lat' dir='ltr'>Non</span> <span class='ocrx_word' id='word_1_304' title='bbox 697 2276 842 2315; x_wconf 65' lang='lat' dir='ltr'>profecto</span> <span class='ocrx_word' id='word_1_305' title='bbox 863 2276 961 2306; x_wconf 84' lang='lat' dir='ltr'>dixis-</span> 
     </span>
     <span class='ocr_line' id='line_1_40' title="bbox 265 2317 960 2357; baseline 0.003 -11"><span class='ocrx_word' id='word_1_306' title='bbox 265 2320 316 2346; x_wconf 85' lang='lat' dir='ltr'>set</span> <span class='ocrx_word' id='word_1_307' title='bbox 331 2326 382 2345; x_wconf 80' lang='lat' dir='ltr'>vos</span> <span class='ocrx_word' id='word_1_308' title='bbox 393 2319 524 2346; x_wconf 77' lang='lat' dir='ltr'>censetis</span> <span class='ocrx_word' id='word_1_309' title='bbox 539 2317 584 2347; x_wconf 88' lang='lat' dir='ltr'>P.</span> <span class='ocrx_word' id='word_1_310' title='bbox 599 2318 642 2348; x_wconf 80' lang='lat' dir='ltr'>R.</span> <span class='ocrx_word' id='word_1_311' title='bbox 663 2320 721 2347; x_wconf 53' lang='lat' dir='ltr'>&amp;a</span> <span class='ocrx_word' id='word_1_312' title='bbox 737 2318 792 2347; x_wconf 84' lang='lat' dir='ltr'>sed</span> <span class='ocrx_word' id='word_1_313' title='bbox 803 2320 960 2357; x_wconf 78' lang='lat' dir='ltr'>populum</span> 
     </span>
    </p>
   </div>
   <div class='ocr_carea' id='block_1_4' title="bbox 1001 2149 1698 2357">
    <p class='ocr_par' dir='ltr' id='par_1_4' title="bbox 1003 2149 1695 2264">
     <span class='ocr_line' id='line_1_41' title="bbox 1003 2149 1695 2180; baseline -0.001 0"><span class='ocrx_word' id='word_1_314' title='bbox 1003 2150 1043 2180; x_wconf 86' lang='lat' dir='ltr'>ab</span> <span class='ocrx_word' id='word_1_315' title='bbox 1059 2150 1205 2180; x_wconf 82' lang='lat' dir='ltr'>Antonio</span> <span class='ocrx_word' id='word_1_316' title='bbox 1221 2149 1408 2180; x_wconf 77' lang='lat' dir='ltr'>defecerant</span> <span class='ocrx_word' id='word_1_317' title='bbox 1424 2154 1457 2180; x_wconf 79' lang='lat' dir='ltr'>et</span> <span class='ocrx_word' id='word_1_318' title='bbox 1471 2159 1504 2179; x_wconf 88' lang='lat' dir='ltr'>se</span> <span class='ocrx_word' id='word_1_319' title='bbox 1515 2149 1554 2180; x_wconf 86' lang='lat' dir='ltr'>ad</span> <span class='ocrx_word' id='word_1_320' title='bbox 1567 2149 1695 2180; x_wconf 68' lang='lat' dir='ltr'>Octavii</span> 
     </span>
     <span class='ocr_line' id='line_1_42' title="bbox 1003 2191 1695 2232; baseline 0.001 -10"><span class='ocrx_word' id='word_1_321' title='bbox 1003 2197 1111 2232; x_wconf 83' lang='lat' dir='ltr'>partes</span> <span class='ocrx_word' id='word_1_322' title='bbox 1125 2192 1174 2222; x_wconf 71' lang='lat' dir='ltr'>vel</span> <span class='ocrx_word' id='word_1_323' title='bbox 1189 2192 1269 2232; x_wconf 85' lang='lat' dir='ltr'>reip.</span> <span class='ocrx_word' id='word_1_324' title='bbox 1286 2192 1494 2223; x_wconf 84' lang='lat' dir='ltr'>contulerant</span> <span class='ocrx_word' id='word_1_325' title='bbox 1507 2204 1513 2221; x_wconf 91' lang='lat'><strong>:</strong></span> <span class='ocrx_word' id='word_1_326' title='bbox 1530 2191 1616 2231; x_wconf 88' lang='lat' dir='ltr'>quod</span> <span class='ocrx_word' id='word_1_327' title='bbox 1628 2202 1695 2223; x_wconf 82' lang='lat' dir='ltr'>me-</span> 
     </span>
     <span class='ocr_line' id='line_1_43' title="bbox 1003 2233 1222 2264; baseline -0.005 0"><span class='ocrx_word' id='word_1_328' title='bbox 1003 2234 1066 2264; x_wconf 83' lang='lat' dir='ltr'>lius</span> <span class='ocrx_word' id='word_1_329' title='bbox 1082 2233 1222 2264; x_wconf 72' lang='lat' dir='ltr'>videtur.</span> 
     </span>
    </p>

    <p class='ocr_par' dir='ltr' id='par_1_5' title="bbox 1001 2275 1698 2357">
     <span class='ocr_line' id='line_1_44' title="bbox 1043 2275 1691 2314; baseline 0 -8"><span class='ocrx_word' id='word_1_330' title='bbox 1043 2275 1083 2306; x_wconf 69' lang='lat'>26</span> <span class='ocrx_word' id='word_1_331' title='bbox 1113 2277 1233 2306; x_wconf 76' lang='lat' dir='ltr'>decreti</span> <span class='ocrx_word' id='word_1_332' title='bbox 1261 2275 1375 2314; x_wconf 78' lang='lat' dir='ltr'>vestri]</span> <span class='ocrx_word' id='word_1_333' title='bbox 1411 2275 1556 2305; x_wconf 66' lang='lat' dir='ltr'>Graevius</span> <span class='ocrx_word' id='word_1_334' title='bbox 1590 2278 1691 2306; x_wconf 65' lang='lat' dir='ltr'>nostri</span> 
     </span>
     <span class='ocr_line' id='line_1_45' title="bbox 1001 2316 1698 2357; baseline 0.001 -10"><span class='ocrx_word' id='word_1_335' title='bbox 1001 2317 1115 2354; x_wconf 81' lang='lat' dir='ltr'>edidit,</span> <span class='ocrx_word' id='word_1_336' title='bbox 1133 2319 1179 2357; x_wconf 80' lang='lat' dir='ltr'>(in</span> <span class='ocrx_word' id='word_1_337' title='bbox 1193 2328 1258 2357; x_wconf 86' lang='lat' dir='ltr'>quo</span> <span class='ocrx_word' id='word_1_338' title='bbox 1267 2318 1475 2348; x_wconf 78' lang='lat' dir='ltr'>consentiunt</span> <span class='ocrx_word' id='word_1_339' title='bbox 1489 2317 1566 2347; x_wconf 85' lang='lat' dir='ltr'>Mss.</span> <span class='ocrx_word' id='word_1_340' title='bbox 1579 2316 1615 2346; x_wconf 81' lang='lat' dir='ltr'>L.</span> <span class='ocrx_word' id='word_1_341' title='bbox 1631 2317 1698 2356; x_wconf 79' lang='lat' dir='ltr'>H.).</span> 
     </span>
    </p>
   </div>
   <div class='ocr_carea' id='block_1_5' title="bbox 482 845 1756 924">
    <p class='ocr_par' dir='ltr' id='par_1_6' title="bbox 482 845 1756 924">
     <span class='ocr_line' id='line_1_46' title="bbox 482 845 1756 924; baseline 0.002 -15.053"><span class='ocrx_word' id='word_1_342' title='bbox 482 845 713 924; x_wconf 65' lang='lat' dir='ltr'>Usiquidein</span> <span class='ocrx_word' id='word_1_343' title='bbox 756 870 987 910; x_wconf 84' lang='lat' dir='ltr'>auctoritas</span> <span class='ocrx_word' id='word_1_344' title='bbox 1023 880 1206 921; x_wconf 72' lang='lat' dir='ltr'>senatuS,</span> <span class='ocrx_word' id='word_1_345' title='bbox 1242 870 1385 918; x_wconf 86' lang='lat' dir='ltr'>decus,</span> <span class='ocrx_word' id='word_1_346' title='bbox 1424 871 1708 921; x_wconf 83' lang='lat' dir='ltr'>honestatem,</span> <span class='ocrx_word' id='word_1_347' title='bbox 1750 878 1756 880; x_wconf 76' lang='grc'><em>“</em></span> 
     </span>
    </p>
   </div>
   <div class='ocr_carea' id='block_1_6' title="bbox 261 2357 959 2862">
    <p class='ocr_par' dir='ltr' id='par_1_7' title="bbox 261 2357 959 2523">
     <span class='ocr_line' id='line_1_47' title="bbox 267 2357 959 2398; baseline 0.003 -10"><span class='ocrx_word' id='word_1_348' title='bbox 267 2357 311 2389; x_wconf 79' lang='lat' dir='ltr'>R.</span> <span class='ocrx_word' id='word_1_349' title='bbox 327 2359 458 2388; x_wconf 68' lang='lat' dir='ltr'>oensem</span> <span class='ocrx_word' id='word_1_350' title='bbox 472 2358 514 2388; x_wconf 90' lang='lat' dir='ltr'>P.</span> <span class='ocrx_word' id='word_1_351' title='bbox 536 2358 567 2388; x_wconf 81' lang='lat' dir='ltr'>C.</span> <span class='ocrx_word' id='word_1_352' title='bbox 592 2359 680 2389; x_wconf 79' lang='lat' dir='ltr'>Bene</span> <span class='ocrx_word' id='word_1_353' title='bbox 695 2360 796 2398; x_wconf 82' lang='lat' dir='ltr'>igitur</span> <span class='ocrx_word' id='word_1_354' title='bbox 808 2361 855 2390; x_wconf 86' lang='lat' dir='ltr'>ita</span> <span class='ocrx_word' id='word_1_355' title='bbox 867 2360 959 2390; x_wconf 88' lang='lat' dir='ltr'>Grae-</span> 
     </span>
     <span class='ocr_line' id='line_1_48' title="bbox 266 2400 956 2438; baseline 0.004 -9"><span class='ocrx_word' id='word_1_356' title='bbox 266 2400 349 2438; x_wconf 86' lang='lat' dir='ltr'>vius,</span> <span class='ocrx_word' id='word_1_357' title='bbox 364 2404 400 2430; x_wconf 81' lang='lat' dir='ltr'>at</span> <span class='ocrx_word' id='word_1_358' title='bbox 423 2401 508 2430; x_wconf 86' lang='lat' dir='ltr'>male</span> <span class='ocrx_word' id='word_1_359' title='bbox 522 2400 647 2431; x_wconf 81' lang='lat' dir='ltr'>addidit</span> <span class='ocrx_word' id='word_1_360' title='bbox 670 2411 731 2431; x_wconf 64' lang='lat' dir='ltr'>tvos.</span> <span class='ocrx_word' id='word_1_361' title='bbox 755 2411 830 2432; x_wconf 83' lang='lat' dir='ltr'>nam</span> <span class='ocrx_word' id='word_1_362' title='bbox 855 2401 886 2431; x_wconf 92' lang='lat' dir='ltr'>id</span> <span class='ocrx_word' id='word_1_363' title='bbox 907 2407 956 2432; x_wconf 84' lang='lat' dir='ltr'>est</span> 
     </span>
     <span class='ocr_line' id='line_1_49' title="bbox 261 2443 955 2481; baseline 0.006 -10"><span class='ocrx_word' id='word_1_364' title='bbox 261 2443 334 2481; x_wconf 85' lang='lat' dir='ltr'>jam</span> <span class='ocrx_word' id='word_1_365' title='bbox 357 2451 472 2481; x_wconf 78' lang='lat' dir='ltr'>supi-a:</span> <span class='ocrx_word' id='word_1_366' title='bbox 493 2452 547 2472; x_wconf 67' lang='lat' dir='ltr'>vos</span> <span class='ocrx_word' id='word_1_367' title='bbox 567 2444 699 2473; x_wconf 73' lang='lat' dir='ltr'>censetis</span> <span class='ocrx_word' id='word_1_368' title='bbox 720 2445 778 2473; x_wconf 71' lang='grc' dir='ltr'>διο.</span> <span class='ocrx_word' id='word_1_369' title='bbox 822 2443 885 2474; x_wconf 83' lang='lat' dir='ltr'>Ms.</span> <span class='ocrx_word' id='word_1_370' title='bbox 912 2444 955 2475; x_wconf 89' lang='lat' dir='ltr'>H.</span> 
     </span>
     <span class='ocr_line' id='line_1_50' title="bbox 266 2484 722 2523; baseline 0.002 -10"><span class='ocrx_word' id='word_1_371' title='bbox 266 2488 380 2519; x_wconf 61' lang='lat' dir='ltr'>,tamen</span> <span class='ocrx_word' id='word_1_372' title='bbox 395 2484 492 2514; x_wconf 80' lang='lat' dir='ltr'>habet</span> <span class='ocrx_word' id='word_1_373' title='bbox 501 2486 659 2523; x_wconf 78' lang='lat' dir='ltr'>populum</span> <span class='ocrx_word' id='word_1_374' title='bbox 677 2495 722 2514; x_wconf 83' lang='lat' dir='ltr'>ro.</span> 
     </span>
    </p>

    <p class='ocr_par' dir='ltr' id='par_1_8' title="bbox 264 2526 958 2691">
     <span class='ocr_line' id='line_1_51' title="bbox 309 2526 957 2566; baseline 0.002 -10"><span class='ocrx_word' id='word_1_375' title='bbox 309 2528 351 2557; x_wconf 81' lang='lat'>24</span> <span class='ocrx_word' id='word_1_376' title='bbox 386 2526 432 2556; x_wconf 82' lang='lat' dir='ltr'>ad</span> <span class='ocrx_word' id='word_1_377' title='bbox 453 2527 673 2566; x_wconf 76' lang='lat' dir='ltr'>spem—pacis</span> <span class='ocrx_word' id='word_1_378' title='bbox 706 2526 860 2566; x_wconf 73' lang='lat' dir='ltr'>devoluti]</span> <span class='ocrx_word' id='word_1_379' title='bbox 905 2527 957 2557; x_wconf 87' lang='grc' dir='ltr'>Αιι</span> 
     </span>
     <span class='ocr_line' id='line_1_52' title="bbox 267 2568 957 2609; baseline 0.001 -11"><span class='ocrx_word' id='word_1_380' title='bbox 267 2569 396 2608; x_wconf 80' lang='lat' dir='ltr'>scripsit</span> <span class='ocrx_word' id='word_1_381' title='bbox 409 2568 575 2598; x_wconf 74' lang='lat' dir='ltr'>revoluti?</span> <span class='ocrx_word' id='word_1_382' title='bbox 598 2577 674 2598; x_wconf 83' lang='lat' dir='ltr'>nam</span> <span class='ocrx_word' id='word_1_383' title='bbox 696 2575 730 2599; x_wconf 83' lang='lat' dir='ltr'>et</span> <span class='ocrx_word' id='word_1_384' title='bbox 751 2574 828 2598; x_wconf 85' lang='lat' dir='ltr'>ante</span> <span class='ocrx_word' id='word_1_385' title='bbox 850 2578 957 2609; x_wconf 76' lang='lat' dir='ltr'>spera-</span> 
     </span>
     <span class='ocr_line' id='line_1_53' title="bbox 266 2610 958 2651; baseline 0.001 -10"><span class='ocrx_word' id='word_1_386' title='bbox 266 2614 382 2641; x_wconf 83' lang='lat' dir='ltr'>verant</span> <span class='ocrx_word' id='word_1_387' title='bbox 396 2620 521 2650; x_wconf 88' lang='lat' dir='ltr'>pacem.</span> <span class='ocrx_word' id='word_1_388' title='bbox 537 2610 635 2641; x_wconf 86' lang='lat' dir='ltr'>verba</span> <span class='ocrx_word' id='word_1_389' title='bbox 647 2610 715 2641; x_wconf 83' lang='lat' dir='ltr'>haee</span> <span class='ocrx_word' id='word_1_390' title='bbox 728 2615 958 2651; x_wconf 85' lang='lat' dir='ltr'>permutantur</span> 
     </span>
     <span class='ocr_line' id='line_1_54' title="bbox 264 2660 364 2691; baseline 0.01 -10"><span class='ocrx_word' id='word_1_391' title='bbox 264 2660 364 2691; x_wconf 81' lang='lat' dir='ltr'>saepe.</span> 
     </span>
    </p>

    <p class='ocr_par' dir='ltr' id='par_1_9' title="bbox 261 2694 954 2862">
     <span class='ocr_line' id='line_1_55' title="bbox 305 2694 950 2734; baseline 0 -11"><span class='ocrx_word' id='word_1_392' title='bbox 305 2696 344 2723; x_wconf 84' lang='lat'>25</span> <span class='ocrx_word' id='word_1_393' title='bbox 368 2694 506 2733; x_wconf 80' lang='lat' dir='ltr'>legiones</span> <span class='ocrx_word' id='word_1_394' title='bbox 519 2694 566 2724; x_wconf 77' lang='lat' dir='ltr'>acl</span> <span class='ocrx_word' id='word_1_395' title='bbox 579 2703 645 2724; x_wconf 82' lang='lat' dir='ltr'>sen.</span> <span class='ocrx_word' id='word_1_396' title='bbox 671 2696 793 2732; x_wconf 75' lang='lat' dir='ltr'>legatos</span> <span class='ocrx_word' id='word_1_397' title='bbox 809 2694 950 2734; x_wconf 78' lang='lat' dir='ltr'>mittere]</span> 
     </span>
     <span class='ocr_line' id='line_1_56' title="bbox 261 2734 953 2775; baseline 0.001 -10"><span class='ocrx_word' id='word_1_398' title='bbox 261 2734 434 2766; x_wconf 82' lang='lat' dir='ltr'>Manutius</span> <span class='ocrx_word' id='word_1_399' title='bbox 456 2736 614 2775; x_wconf 82' lang='lat' dir='ltr'>intelligit</span> <span class='ocrx_word' id='word_1_400' title='bbox 636 2736 779 2775; x_wconf 74' lang='lat' dir='ltr'>legiones</span> <span class='ocrx_word' id='word_1_401' title='bbox 803 2736 953 2775; x_wconf 87' lang='lat' dir='ltr'>Antonii,</span> 
     </span>
     <span class='ocr_line' id='line_1_57' title="bbox 261 2777 953 2818; baseline 0.004 -12"><span class='ocrx_word' id='word_1_402' title='bbox 261 2786 334 2815; x_wconf 86' lang='lat' dir='ltr'>quae</span> <span class='ocrx_word' id='word_1_403' title='bbox 344 2777 384 2807; x_wconf 87' lang='lat' dir='ltr'>ad</span> <span class='ocrx_word' id='word_1_404' title='bbox 394 2782 559 2815; x_wconf 84' lang='lat' dir='ltr'>senatum,</span> <span class='ocrx_word' id='word_1_405' title='bbox 571 2778 722 2818; x_wconf 84' lang='lat' dir='ltr'>Cotylam</span> <span class='ocrx_word' id='word_1_406' title='bbox 733 2788 778 2808; x_wconf 79' lang='lat' dir='ltr'>sc.</span> <span class='ocrx_word' id='word_1_407' title='bbox 792 2779 953 2809; x_wconf 86' lang='lat' dir='ltr'>miserint.</span> 
     </span>
     <span class='ocr_line' id='line_1_58' title="bbox 261 2818 954 2862; baseline 0.003 -14"><span class='ocrx_word' id='word_1_408' title='bbox 261 2818 423 2851; x_wconf 78' lang='lat' dir='ltr'>Ferratius</span> <span class='ocrx_word' id='word_1_409' title='bbox 450 2830 525 2862; x_wconf 68' lang='lat' dir='ltr'>epp.</span> <span class='ocrx_word' id='word_1_410' title='bbox 549 2831 581 2862; x_wconf 88' lang='lat' dir='ltr'>p.</span> <span class='ocrx_word' id='word_1_411' title='bbox 605 2822 678 2856; x_wconf 78' lang='lat'>399.</span> <span class='ocrx_word' id='word_1_412' title='bbox 699 2820 858 2861; x_wconf 73' lang='lat' dir='ltr'>legiones,</span> <span class='ocrx_word' id='word_1_413' title='bbox 881 2830 954 2860; x_wconf 65' lang='lat' dir='ltr'>qum</span> 
     </span>
    </p>
   </div>
   <div class='ocr_carea' id='block_1_7' title="bbox 995 2359 1692 2821">
    <p class='ocr_par' dir='ltr' id='par_1_10' title="bbox 999 2359 1692 2600">
     <span class='ocr_line' id='line_1_59' title="bbox 1000 2359 1692 2407; baseline -0.001 -18"><span class='ocrx_word' id='word_1_414' title='bbox 1000 2359 1107 2398; x_wconf 85' lang='lat' dir='ltr'>male,</span> <span class='ocrx_word' id='word_1_415' title='bbox 1098 2371 1105 2378; x_wconf 93' lang='lat'>¹</span> <span class='ocrx_word' id='word_1_416' title='bbox 1125 2369 1200 2390; x_wconf 89' lang='lat' dir='ltr'>nam</span> <span class='ocrx_word' id='word_1_417' title='bbox 1216 2360 1361 2400; x_wconf 77' lang='lat' dir='ltr'>profecto</span> <span class='ocrx_word' id='word_1_418' title='bbox 1378 2361 1443 2407; x_wconf 80' lang='lat' dir='ltr'>ipse</span> <span class='ocrx_word' id='word_1_419' title='bbox 1457 2360 1490 2388; x_wconf 87' lang='lat' dir='ltr'>in</span> <span class='ocrx_word' id='word_1_420' title='bbox 1500 2359 1692 2389; x_wconf 73' lang='lat' dir='ltr'>societatem</span> 
     </span>
     <span class='ocr_line' id='line_1_60' title="bbox 1000 2401 1692 2437; baseline -0.001 -6"><span class='ocrx_word' id='word_1_421' title='bbox 1000 2402 1093 2431; x_wconf 84' lang='lat' dir='ltr'>istius</span> <span class='ocrx_word' id='word_1_422' title='bbox 1115 2401 1236 2432; x_wconf 83' lang='lat' dir='ltr'>decreti</span> <span class='ocrx_word' id='word_1_423' title='bbox 1253 2412 1317 2431; x_wconf 89' lang='lat' dir='ltr'>non</span> <span class='ocrx_word' id='word_1_424' title='bbox 1332 2402 1432 2437; x_wconf 69' lang='lat' dir='ltr'>icnit,</span> <span class='ocrx_word' id='word_1_425' title='bbox 1451 2407 1490 2431; x_wconf 86' lang='lat' dir='ltr'>ut</span> <span class='ocrx_word' id='word_1_426' title='bbox 1504 2401 1621 2431; x_wconf 75' lang='lat' dir='ltr'>decreti</span> <span class='ocrx_word' id='word_1_427' title='bbox 1636 2412 1692 2431; x_wconf 78' lang='lat' dir='ltr'>no-</span> 
     </span>
     <span class='ocr_line' id='line_1_61' title="bbox 999 2443 1692 2483; baseline 0 -10"><span class='ocrx_word' id='word_1_428' title='bbox 999 2445 1061 2474; x_wconf 61' lang='grc' dir='ltr'>ιιι-ι’</span> <span class='ocrx_word' id='word_1_429' title='bbox 1075 2443 1204 2480; x_wconf 78' lang='lat' dir='ltr'>dixerit,</span> <span class='ocrx_word' id='word_1_430' title='bbox 1223 2453 1281 2474; x_wconf 84' lang='lat' dir='ltr'>nec</span> <span class='ocrx_word' id='word_1_431' title='bbox 1298 2445 1424 2483; x_wconf 72' lang='lat' dir='ltr'>magisu.</span> <span class='ocrx_word' id='word_1_432' title='bbox 1425 2444 1442 2473; x_wconf 87' lang='lat' dir='ltr'>i</span> <span class='ocrx_word' id='word_1_433' title='bbox 1459 2444 1612 2473; x_wconf 78' lang='lat' dir='ltr'>convenit</span> <span class='ocrx_word' id='word_1_434' title='bbox 1627 2448 1692 2473; x_wconf 87' lang='lat' dir='ltr'>sta-</span> 
     </span>
     <span class='ocr_line' id='line_1_62' title="bbox 1000 2485 1690 2526; baseline 0 -11"><span class='ocrx_word' id='word_1_435' title='bbox 1000 2486 1060 2516; x_wconf 81' lang='lat' dir='ltr'>tim</span> <span class='ocrx_word' id='word_1_436' title='bbox 1077 2490 1169 2526; x_wconf 83' lang='lat' dir='ltr'>post:</span> <span class='ocrx_word' id='word_1_437' title='bbox 1194 2486 1362 2515; x_wconf 71' lang='lat' dir='ltr'>retinenda</span> <span class='ocrx_word' id='word_1_438' title='bbox 1376 2490 1420 2515; x_wconf 71' lang='lat' dir='ltr'>est</span> <span class='ocrx_word' id='word_1_439' title='bbox 1435 2485 1533 2521; x_wconf 65' lang='lat' dir='ltr'>.zohi.,v</span> <span class='ocrx_word' id='word_1_440' title='bbox 1550 2494 1607 2524; x_wconf 82' lang='lat' dir='ltr'>pio</span> <span class='ocrx_word' id='word_1_441' title='bbox 1621 2486 1690 2515; x_wconf 78' lang='lat' dir='ltr'>vul-</span> 
     </span>
     <span class='ocr_line' id='line_1_63' title="bbox 1001 2527 1689 2567; baseline 0 -9"><span class='ocrx_word' id='word_1_442' title='bbox 1001 2533 1077 2566; x_wconf 75' lang='lat' dir='ltr'>gato</span> <span class='ocrx_word' id='word_1_443' title='bbox 1094 2528 1197 2558; x_wconf 66' lang='lat' dir='ltr'>tobis:</span> <span class='ocrx_word' id='word_1_444' title='bbox 1222 2537 1297 2557; x_wconf 83' lang='lat' dir='ltr'>nam</span> <span class='ocrx_word' id='word_1_445' title='bbox 1319 2529 1385 2567; x_wconf 80' lang='lat' dir='ltr'>ipse</span> <span class='ocrx_word' id='word_1_446' title='bbox 1402 2527 1531 2567; x_wconf 77' lang='lat' dir='ltr'>quidem</span> <span class='ocrx_word' id='word_1_447' title='bbox 1546 2528 1689 2558; x_wconf 80' lang='lat' dir='ltr'>retinue-</span> 
     </span>
     <span class='ocr_line' id='line_1_64' title="bbox 1001 2574 1063 2600; baseline -0.016 0"><span class='ocrx_word' id='word_1_448' title='bbox 1001 2574 1063 2600; x_wconf 80' lang='lat' dir='ltr'>rat.</span> 
     </span>
    </p>

    <p class='ocr_par' dir='ltr' id='par_1_11' title="bbox 995 2610 1690 2821">
     <span class='ocr_line' id='line_1_65' title="bbox 1041 2610 1690 2650; baseline -0.002 -9"><span class='ocrx_word' id='word_1_449' title='bbox 1041 2614 1080 2644; x_wconf 82' lang='grc'>27</span> <span class='ocrx_word' id='word_1_450' title='bbox 1103 2611 1159 2641; x_wconf 86' lang='lat' dir='ltr'>sed</span> <span class='ocrx_word' id='word_1_451' title='bbox 1181 2611 1398 2650; x_wconf 59' lang='lat' dir='ltr'>extorquenda</span> <span class='ocrx_word' id='word_1_452' title='bbox 1424 2610 1514 2649; x_wconf 75' lang='lat' dir='ltr'>sunt]</span> <span class='ocrx_word' id='word_1_453' title='bbox 1551 2610 1690 2644; x_wconf 68' lang='lat' dir='ltr'>videtui¹</span> 
     </span>
     <span class='ocr_line' id='line_1_66' title="bbox 998 2653 1688 2693; baseline 0 -9"><span class='ocrx_word' id='word_1_454' title='bbox 998 2653 1151 2684; x_wconf 81' lang='lat' dir='ltr'>excidisse</span> <span class='ocrx_word' id='word_1_455' title='bbox 1165 2658 1213 2683; x_wconf 85' lang='lat' dir='ltr'>et:</span> <span class='ocrx_word' id='word_1_456' title='bbox 1238 2654 1294 2683; x_wconf 80' lang='lat' dir='ltr'>sed</span> <span class='ocrx_word' id='word_1_457' title='bbox 1315 2658 1345 2683; x_wconf 71' lang='lat' dir='ltr'>et</span> <span class='ocrx_word' id='word_1_458' title='bbox 1367 2653 1586 2693; x_wconf 69' lang='lat' dir='ltr'>extorquenda</span> <span class='ocrx_word' id='word_1_459' title='bbox 1600 2657 1688 2684; x_wconf 77' lang='lat' dir='ltr'>snut.</span> 
     </span>
     <span class='ocr_line' id='line_1_67' title="bbox 996 2694 1688 2736; baseline 0 -11"><span class='ocrx_word' id='word_1_460' title='bbox 996 2695 1087 2736; x_wconf 84' lang='lat' dir='ltr'>Saepe</span> <span class='ocrx_word' id='word_1_461' title='bbox 1102 2700 1131 2725; x_wconf 79' lang='lat' dir='ltr'>ee</span> <span class='ocrx_word' id='word_1_462' title='bbox 1147 2701 1219 2734; x_wconf 87' lang='lat' dir='ltr'>post</span> <span class='ocrx_word' id='word_1_463' title='bbox 1235 2696 1290 2725; x_wconf 82' lang='lat' dir='ltr'>sed</span> <span class='ocrx_word' id='word_1_464' title='bbox 1307 2695 1438 2726; x_wconf 73' lang='lat' dir='ltr'>excidit.</span> <span class='ocrx_word' id='word_1_465' title='bbox 1475 2695 1539 2725; x_wconf 87' lang='lat' dir='ltr'>Ms.</span> <span class='ocrx_word' id='word_1_466' title='bbox 1554 2695 1616 2725; x_wconf 86' lang='lat' dir='ltr'>Gn.</span> <span class='ocrx_word' id='word_1_467' title='bbox 1633 2694 1688 2725; x_wconf 81' lang='lat' dir='ltr'>hie</span> 
     </span>
     <span class='ocr_line' id='line_1_68' title="bbox 995 2736 1690 2768; baseline -0.001 -1"><span class='ocrx_word' id='word_1_468' title='bbox 995 2741 1043 2767; x_wconf 82' lang='lat' dir='ltr'>est</span> <span class='ocrx_word' id='word_1_469' title='bbox 1068 2738 1222 2767; x_wconf 74' lang='lat' dir='ltr'>vitiosus:</span> <span class='ocrx_word' id='word_1_470' title='bbox 1250 2737 1305 2768; x_wconf 85' lang='lat' dir='ltr'>sed</span> <span class='ocrx_word' id='word_1_471' title='bbox 1328 2737 1426 2768; x_wconf 76' lang='lat' dir='ltr'>habet</span> <span class='ocrx_word' id='word_1_472' title='bbox 1448 2736 1501 2768; x_wconf 80' lang='lat' dir='ltr'>hic</span> <span class='ocrx_word' id='word_1_473' title='bbox 1524 2736 1557 2767; x_wconf 79' lang='lat' dir='ltr'>vi</span> <span class='ocrx_word' id='word_1_474' title='bbox 1581 2739 1690 2767; x_wconf 71' lang='lat' dir='ltr'>extor-</span> 
     </span>
     <span class='ocr_line' id='line_1_69' title="bbox 995 2779 1390 2821; baseline -0.008 -9"><span class='ocrx_word' id='word_1_475' title='bbox 995 2781 1122 2821; x_wconf 77' lang='lat' dir='ltr'>quenda</span> <span class='ocrx_word' id='word_1_476' title='bbox 1136 2783 1225 2817; x_wconf 77' lang='lat' dir='ltr'>sunt,</span> <span class='ocrx_word' id='word_1_477' title='bbox 1240 2779 1308 2811; x_wconf 79' lang='lat' dir='ltr'>sinc</span> <span class='ocrx_word' id='word_1_478' title='bbox 1324 2780 1390 2810; x_wconf 70' lang='lat' dir='ltr'>ced.</span> 
     </span>
    </p>
   </div>
  </div>
 </body>
</html>
