1769 3174
365 73 442 113 DE
467 73 822 113 HARUSPICUM
849 71 1104 113 RESPONSI
1109 75 1145 113 S.

1405 78 1485 117 907

18 176 129 220 ‘licta
153 179 552 233 quaero.36Lunos
590 191 750 220 Mutus
790 191 1110 220 DILIGENTER
1147 189 1329 219 FAc‘ros
1368 191 1483 220 1³01.-

30 247 307 286 LUTOSQUE.

369 236 492 282 Quos
524 235 670 277 ludos?
710 245 752 276 te
783 235 967 291 appello,
1001 234 1196 285 Lentule,
1228 236 1310 287 (tui
1343 249 1482 276 sacer·

26 291 136 333 dotii
160 304 258 334 sunt
286 303 434 344 tensae,
455 292 680 344 curricula,
703 293 956 348 praecentio,
978 292 1081 343 ludi,
1103 291 1347 341 libationes,
1375 307 1482 348 epu-

26 347 167 404 laeque
198 349 396 391 ludorum
431 350 736 406 publicorum,)

770 364 945 405 vosque,
978 349 1220 405 pontifices,
1244 351 1281 382 37
1298 349 1348 388 ad
1373 364 1482 403 quos

6 407 232 462 epulones
254 407 379 449 Jovis
405 407 588 463 Optimi,
614 406 819 456 Maximi,
843 409 877 448 si
909 406 1012 462 quid
1042 417 1106 447 est
1129 405 1481 462 praetermissum,

28 474 104 504 aut
126 465 420 515 commissum,
443 464 654 505 afferunt:
687 479 870 519 quorum
902 464 955 505 de
986 465 1200 505 sententia
1231 462 1301 503 illa
1331 463 1481 504 eadem

28 531 235 562 renovata
267 530 396 576 atque
423 522 656 562 instaurata
677 521 972 564 celebrantur:
1004 521 1077 576 qui
1106 530 1206 562 sunt
1228 520 1314 560 ludi
1339 519 1480 560 minus

29 576 259 634 diligenter
301 579 436 620 facti?
477 581 708 634 3&quanto
749 587 824 619 aut
865 593 952 634 quo
993 577 1150 619 scelere
1191 576 1372 633 polluti?
1415 591 1481 618 re-

29 635 261 690 spondebis
297 646 340 676 et
374 651 451 692 pro
475 645 531 687 te,
553 647 596 676 et
617 650 694 691 pro
717 635 894 691 collegis
925 636 1023 686 tuis,
1046 644 1089 676 et
1119 649 1196 692 pro
1220 633 1478 691 pontificum

0 691 226 748 ⁵collegio,
253 692 361 734 nihil
392 693 647 749 cujusquam
679 702 754 733 aut
785 693 1053 749 negligentia
1090 701 1374 742 contemtum,
1404 701 1480 732 aut

0 747 2 767 l

0 799 1 805 ἵ
29 748 186 790 scelere
217 765 308 791 esse
337 751 574 806 pollutum:
608 750 754 791 omnia
786 751 1008 791 sollemnia
1037 765 1086 790 ac
1111 750 1232 806 justa
1262 749 1478 800 ludorum,

0 825 5 835 ·⁷
26 807 226 848 omnibus
251 808 374 850 rebus
403 809 655 860 observatis,
678 822 845 849 sumina
876 822 976 849 cum
1003 807 1254 848 caerimonia
1274 821 1365 847 esse
1390 820 1477 846 ser-

29 873 142 907 vata.

204 867 326 913 Quos
350 866 482 922 igitur
502 865 748 921 haruspices
769 865 892 907 ludos
922 865 1064 906 minus
1087 864 1316 921 diligenter
1337 863 1475 904 factos
1494 863 1557 911 11

30 921 304 979 pollutosque
334 937 426 964 esse
456 923 636 964 dicunt?
666 937 754 973 eos,
775 937 958 978 quorum
991 922 1073 978 ipsi
1105 922 1165 963 dii
1197 921 1539 972 immortales,22

29 989 158 1034 atque
189 980 260 1021 illa
280 983 320 1014 39
336 980 482 1021 Mater
505 980 637 1031 Idaea,
659 988 716 1031 te,
737 990 792 1031 te,
817 980 899 1021 Cn.
925 979 1119 1030 Lentule,
1140 982 1181 1011 40
1194 979 1318 1034 cujus
1349 979 1477 1020 abavi

27 1037 226 1078 manibus
247 1048 358 1078 esset
378 1047 571 1094 accepta,
592 1046 878 1093 spectatorem
909 1052 1000 1079 esse
1031 1036 1181 1078 voluit.
1213 1037 1329 1092 quod
1359 1036 1404 1076 ni
1429 1045 1477 1077 tu

31 1093 272 1149 Megalesia
295 1094 367 1135 illo
398 1095 467 1137 die
498 1104 692 1151 spectare
723 1095 952 1137 voluisses:
985 1094 1099 1135 haud
1132 1094 1221 1135 scio
1254 1108 1308 1134 an
1334 1094 1478 1136 vivere

29 1152 170 1202 nobis,
192 1161 321 1207 atque
343 1152 408 1193 his
430 1153 482 1193 de
504 1153 630 1193 rebus
645 1151 738 1206 jam
756 1153 875 1207 queri
898 1152 1059 1193 liceret.
1081 1154 1119 1182 41
1137 1152 1199 1192 vis
1218 1151 1334 1192 enim
1351 1151 1477 1192 innu-

27 1209 244 1250 merabilis
266 1210 446 1251 incitata
465 1224 519 1251 ex
537 1210 737 1250 omnibus
754 1210 857 1250 vicis
873 1210 1053 1251 collecta
1071 1223 1290 1250 servorum
1314 1210 1369 1250 ab
1390 1208 1475 1250 hoc

29 1265 145 1308 aedili
177 1266 394 1323 religioso,
426 1275 602 1323 repente
633 1266 870 1309 fornicibus
901 1267 1109 1321 ostiisque
1140 1266 1474 1318 omnibus,42in

29 1337 216 1376 scenam,
248 1324 374 1380 signo
404 1325 522 1376 dato,
553 1324 745 1365 immissa
776 1324 944 1381 irrupit.

29 1379 226 1433 Lentule,
249 1382 398 1424 eadem
429 1383 564 1424 virtus
594 1381 692 1434 fuit,
715 1396 812 1437 quae
833 1382 931 1423 43in
954 1381 1124 1438 privato
1154 1381 1374 1437 quondam
1398 1391 1472 1423 tuo
1485 1381 1600 1455 2249·

70 1512 111 1542 36
134 1512 245 1543 Ludos
266 1522 310 1543 m.
337 1511 384 1552 cL]
410 1513 556 1543 Graevius
578 1513 615 1544 ob
641 1512 728 1543 exci-

29 1552 112 1585 disse
122 1555 274 1593 judicat:
298 1555 384 1595 quod
399 1560 433 1586 et
455 1555 508 1586 hic
531 1555 626 1586 facile
642 1555 728 1585 exci-

28 1594 102 1626 dere
117 1597 237 1637 potuit.
281 1597 344 1628 Sed
370 1598 404 1628 in
426 1597 543 1629 ceteris
557 1596 727 1638 particulis

28 1637 185 1679 Responsi
199 1649 229 1670 c.
250 1639 286 1670 16
302 1649 386 1679 seqq.
405 1640 526 1680 pariter
540 1645 618 1670 sunt
634 1649 728 1671 accu-

29 1681 124 1711 sativi
139 1691 253 1711 omnes
274 1682 344 1712 sine
358 1684 406 1720 ob,
422 1688 460 1713 ut
475 1682 727 1721 intelligendum

29 1722 176 1754 videatur
190 1733 264 1755 esse.

25 1766 150 1806 sponsi.

70 1810 110 1842 37
122 1809 169 1838 ad
180 1806 462 1849 quos-afferunt]
486 1808 631 1839 Verbum
652 1818 727 1849 pro-

22 1851 136 1890 prium
152 1851 186 1880 in
199 1850 260 1881 hac
274 1861 307 1882 re
321 1856 371 1882 est
382 1850 534 1891 deferunt
545 1863 554 1880 .-
576 1856 611 1882 et
623 1851 669 1881 sic
681 1851 727 1881 le-

29 1893 174 1931 gendum
204 1892 340 1924 videtur.
383 1894 491 1924 Verba
512 1893 582 1924 haec
610 1895 645 1924 in
668 1893 729 1924 bac

30 1935 196 1965 sententia
209 1935 374 1966 interdum
387 1936 420 1966 in
435 1935 525 1966 libris
538 1942 729 1976 permutan-

30 1980 97 2008 tur.
112 1987 142 2008 v.
160 1976 332 2008 Drakenb.
355 1977 396 2008 ad
410 1978 482 2010 Liv.
497 1981 529 2015 2,
544 1979 598 2009 36.
644 1979 731 2009 Sunt

31 2022 142 2049 tamen
157 2025 191 2050 et
203 2019 351 2059 quaedam
373 2020 458 2057 loca,
471 2020 528 2050 ubi
542 2018 666 2061 qfferre
680 2025 730 2051 est

33 2069 91 2100 pro
106 2060 245 2101 deferre,
268 2072 341 2101 quae
364 2067 478 2094 tamen
505 2067 539 2093 et
567 2064 638 2103 ipsa
660 2072 731 2093 sus-

33 2107 128 2143 pecta
140 2109 230 2135 sunt.

43 2181 49 2184 y
72 2147 112 2177 38
133 2152 265 2186 quanto,
281 2151 342 2177 aut
355 2156 416 2187 quo
429 2147 559 2187 scelere]
579 2147 646 2178 Cur
661 2156 728 2178 non

31 2185 168 2225 inverse,
190 2199 251 2229 quo
275 2194 337 2219 αιιι
359 2189 508 2230 quanto?
534 2189 591 2219 sed
614 2189 728 2220 Cicero

31 2228 160 2261 videtur
181 2231 344 2272 scripsisse
366 2232 495 2272 quando
516 2236 577 2262 aut
591 2241 650 2272 quo
664 2241 729 2262 sce-

33 2273 100 2304 lere
110 2286 119 2300 .-
141 2274 268 2312 quando
281 2278 344 2311 est,
360 2284 424 2313 qua
436 2274 472 2304 in
486 2283 531 2305 re.

73 2317 114 2349 39
135 2315 247 2346 Mater
259 2316 362 2356 Idoea]
388 2317 441 2347 Sic
463 2325 539 2347 cum
565 2315 728 2347 Lambino

33 2366 73 2388 ex
86 2356 313 2389 emendatione
328 2358 445 2389 Faerni
467 2357 552 2389 edidi
573 2368 634 2398 pro
657 2358 729 2388 vul-

33 2403 110 2438 gato
134 2398 247 2431 Mater
269 2400 367 2432 Dea.-
388 2401 475 2441 quod
496 2405 546 2431 est
562 2400 730 2431 evidenter

33 2441 196 2472 vitiosum.
239 2443 292 2474 Sic
305 2449 356 2474 est
367 2448 401 2473 et
414 2444 449 2474 in
460 2443 553 2474 Verr.
564 2442 608 2481 V,
624 2445 675 2478 72.
690 2443 729 2473 de

32 2481 132 2523 Legg.
150 2483 194 2521 11,
216 2489 247 2519 9.

74 2527 116 2556 40
136 2525 230 2566 cujus
250 2527 291 2557 ab
314 2526 404 2567 avia]
430 2528 482 2558 Sic
504 2527 578 2558 edd.
601 2536 728 2564 omnes,

34 2572 152 2607 proeter
171 2568 206 2598 P.
221 2568 377 2605 Manutii,
392 2570 447 2608 qui
468 2571 566 2600 abavi
587 2580 616 2601 a.
638 2572 728 2600 1540.

35 2607 148 2646 edidit,
166 2620 240 2640 cum
263 2610 379 2641 mallet
400 2612 504 2648 atavi,
520 2617 559 2642 ut
580 2613 615 2642 in
642 2612 730 2642 notis

33 2648 144 2688 habet,
161 2652 242 2682 nibil
257 2653 447 2691 admonens,
463 2653 549 2684 unde
563 2654 606 2684 sit
619 2655 726 2684 abavi.

33 2691 108 2724 Jam
129 2694 170 2724 ab
191 2695 267 2724 avia
290 2705 349 2735 per
371 2700 526 2726 naturam
549 2697 593 2726 rei
617 2705 729 2726 verum

33 2743 101 2765 esse
123 2745 189 2767 non
216 2741 338 2775 potest.
380 2737 468 2768 Nam
497 2737 637 2768 Claudia
656 2737 728 2775 illa,

33 2784 107 2815 que
120 2779 245 2818 accepit
257 2788 333 2809 cum
345 2779 497 2820 Scipione
510 2786 652 2811 matrem
663 2781 730 2817 De-

36 2826 142 2859 orum,
157 2819 257 2861 Virgo
270 2819 410 2854 Vestalis
426 2821 503 2860 fuit,
527 2832 587 2854 nee
600 2833 639 2855 ea
660 2826 739 2863 pot-

309 1724 437 1766 Nempe
459 1731 538 1755 sunt
559 1725 658 1757 verba
679 1734 727 1755 re-

1003 1323 1098 1365 Tua
1129 1333 1236 1374 tum,
1268 1333 1356 1374 tua,
1389 1323 1472 1365 Cn.

769 1515 819 1542 est
846 1512 919 1543 avia
939 1520 1019 1543 esse.
1063 1510 1151 1550 Ergo
1173 1510 1264 1541 locus
1291 1512 1473 1543 necessario

769 1554 980 1593 corrigendus
1001 1558 1063 1584 est.
1108 1554 1294 1584 Lenissima
1313 1556 1476 1585 eorrectio

769 1603 820 1627 est
835 1598 943 1633 abavi,
955 1601 1053 1636 atque
1069 1595 1101 1626 id
1117 1597 1310 1636 recepimus,
1322 1597 1398 1636 quia
1409 1607 1477 1628 una

770 1639 868 1669 modo
884 1639 978 1669 litera
996 1649 1015 1668 a
1029 1638 1164 1678 vulgata
1178 1639 1259 1669 abit.
1287 1639 1477 1670 Secundum

770 1682 886 1711 seriem
909 1681 1038 1720 quidem
1064 1680 1199 1711 familiae
1219 1680 1354 1711 Lentuli
1378 1681 1475 1721 hujus

773 1723 971 1760 Marcellini,
996 1733 1074 1753 ams
1101 1728 1151 1753 est
1173 1723 1294 1763 Scipio,
1316 1724 1371 1762 qui
1399 1723 1477 1755 belli

770 1765 963 1806 Jugurthini
986 1774 1074 1796 anno
1102 1766 1208 1805 primo
1237 1770 1386 1796 mortuus
1413 1773 1477 1804 est,

770 1817 921 1848 proavus,
938 1808 993 1848 qui
1008 1807 1141 1847 Serapio
1155 1808 1350 1848 cognomine
1370 1808 1479 1840 dictus

770 1855 832 1887 est,
848 1850 887 1881 de
901 1860 964 1890 quo
979 1859 1056 1880 mox
1064 1849 1126 1880 hoc
1137 1850 1207 1890 ipso
1218 1851 1337 1890 capite,
1351 1851 1473 1882 abavus

771 1893 880 1933 Scipio
908 1891 1099 1929 Corculum,
1125 1898 1251 1928 atavus.
1280 1893 1319 1929 is,
1342 1893 1398 1932 qui
1427 1894 1478 1924 vir

771 1935 916 1976 optimus
935 1939 985 1965 est
992 1933 1173 1974 judicatus,
1190 1934 1229 1965 de
1243 1942 1306 1974 quo
1322 1934 1355 1965 h.
1370 1935 1393 1966 1.
1408 1945 1476 1967 ser.

772 1987 827 2008 mo
839 1981 900 2008 est.
945 1977 1008 2008 Sed
1024 1976 1139 2007 Cicero
1153 1977 1263 2016 potuit
1286 1977 1321 2007 in
1342 1977 1404 2008 hac
1419 1988 1476 2017 ge-

773 2020 925 2059 nealogia
947 2018 1107 2051 memoria
1125 2018 1203 2057 labi,
1217 2023 1257 2050 ut
1271 2025 1306 2050 et
1319 2019 1380 2060 ipsi
1395 2020 1474 2052 alibi

772 2068 807 2093 et
821 2061 892 2093 aliis
908 2061 1038 2092 accidit.

815 2107 852 2134 41
888 2105 937 2135 vis
963 2104 1214 2134 innumerabilis
1232 2104 1375 2135 incitata
1396 2103 1472 2145 δῖα]

770 2146 915 2178 Verbum
940 2146 1080 2176 incitata
1103 2146 1185 2176 mihi
1209 2146 1363 2176 vitiosum
1387 2147 1474 2177 vide-

769 2193 837 2219 tur.
869 2189 926 2219 Vis
938 2189 1068 2219 innum.
1084 2197 1252 2219 servorum
1267 2198 1306 2218 ex
1321 2189 1475 2220 omnibus

771 2232 848 2261 vicis
863 2230 1003 2261 collecta
1016 2235 1078 2261 est.
1128 2230 1276 2262 Ina-itata
1298 2230 1353 2261 hic
1375 2231 1476 2271 plane

771 2278 821 2303 est
835 2272 994 2311 alienum,
1008 2278 1042 2303 et
1065 2272 1151 2313 quod
1172 2273 1206 2303 in
1223 2272 1281 2303 illo
1295 2273 1475 2313 significari

771 2319 893 2356 potest,
920 2315 954 2345 id
981 2319 1032 2346 est
1058 2316 1093 2345 in
1128 2316 1285 2346 immissa.
1343 2315 1475 2346 Ferrem

770 2362 897 2394 tamen,
912 2358 939 2388 si
953 2361 1036 2388 esset
1060 2358 1094 2387 in
1107 2357 1212 2388 altero
1235 2358 1401 2388 membro:
1424 2359 1476 2388 iu-

771 2401 875 2431 ez'tata
889 2400 930 2431 ab
943 2402 1011 2431 Ιιοε.
1056 2399 1117 2430 Est
1131 2404 1170 2430 ut
1183 2400 1301 2441 opinor
1315 2411 1335 2430 a
1353 2400 1477 2440 glossa-

771 2446 855 2473 tore.

812 2487 854 2515 4⁶2
876 2486 912 2514 in
924 2484 1069 2523 scenam]
1096 2484 1233 2514 Scenam
1247 2484 1330 2514 dixit
1351 2493 1410 2525 pro
1424 2494 1478 2515 ca-

771 2536 832 2558 vea
846 2536 1061 2565 consessuque
1075 2531 1313 2566 spectatorum,
1331 2533 1369 2557 ut
1391 2527 1479 2557 infra

772 2569 898 2610 patebit
911 2580 921 2600 z
943 2567 1030 2608 quod
1051 2568 1130 2600 alibi
1145 2578 1212 2599 non
1229 2569 1346 2610 reperi,
1360 2579 1420 2599 nec
1435 2568 1477 2600 ab

773 2611 838 2642 alio
853 2615 1019 2642 notatum.

812 2656 853 2684 43
876 2655 911 2683 in
927 2654 1062 2693 privato
1083 2663 1137 2693 qu.
1161 2658 1217 2684 tuo
1234 2651 1371 2693 proavo]
1408 2652 1478 2682 Sci-

773 2696 868 2736 pione
897 2695 1087 2735 Serapione,
1117 2696 1172 2735 qui
1199 2695 1334 2725 consule
1362 2694 1477 2726 Mucio

773 2747 864 2768 arma
879 2738 966 2778 cepit
977 2738 1138 2777 privatus,
1155 2747 1184 2771 v,
1197 2747 1296 2778 supra
1309 2736 1410 2769 Dom.
1425 2740 1475 2769 34.

772 2784 848 2823 post
863 2779 975 2811 Plane.
992 2779 1042 2814 36.
