1785 3185
476 118 824 157 PHILIPPICA
850 118 1144 156 SECUNDA.
1426 121 1525 161 1297

96 228 239 262 tamen
262 218 306 262 in
325 221 394 263 via
410 220 677 262 habitabant.
740 221 858 267 Quid
880 220 1127 275 Anagnini?
1157 220 1246 275 qui,
1268 235 1366 262 cum
1382 231 1525 263 essent

91 277 222 328 devii,
243 277 616 328 98descemlerant,
650 287 696 319 ut
731 278 873 327 istum,
905 287 1120 331 tamquam
1151 278 1182 317 si
1223 288 1331 317 esset
1359 277 1523 330 consul,

93 333 339 376 salutarent.
371 334 620 376 incredibile
641 334 784 386 dictu;
818 344 958 375 tamen
983 334 1091 373 inter
1112 347 1258 372 omnes
1280 337 1523 386 constabat,

92 390 304 432 neminem
348 405 438 432 esse
476 391 778 433 resalutatum:
821 391 1057 447 praesertim
1097 404 1195 431 cum
1233 390 1340 430 duos
1378 407 1522 433 secum

93 445 348 502 Anagninos
381 449 569 500 liaberet,
595 448 827 490 Mustelam
857 457 900 489 et
935 448 1173 489 Laconem:
1205 460 1386 501 quorum
1410 450 1522 489 9931-

94 511 158 544 ter
195 506 433 560 gladiorum
477 516 540 546 est
574 507 785 562 princeps,
817 504 922 546 alter
957 503 1223 561 poculorum.
1284 503 1402 550 Quid
1439 519 1521 560 ego
1540 513 1612 551 107

93 559 184 601 illas
211 563 329 603 istius
356 563 491 603 minas
518 563 883 617 contumeliasque
906 574 1254 611 commemorem,
1277 562 1433 615 quibus
1459 564 1522 602 in-

93 627 242 659 vectus
279 630 344 659 est
373 621 412 659 in
445 620 674 671 Sidicinos,
700 621 872 660 vexavit
910 618 1180 667 Puteolanos,
1202 622 1317 672 quod
1343 617 1395 658 C.
1420 617 1524 659 Cas-

91 673 217 726 sium,
248 677 361 731 quod
401 677 551 717 Brutos
586 687 786 732 patronos
818 677 1120 732 adopt-assent?
1159 689 1318 731 magno
1350 675 1523 731 quidem

81 729 270 785 judicto,
293 735 449 784 studio,
475 734 773 783 benivolentia,
796 735 988 783 caritate,
1013 746 1098 773 nou
1122 742 1168 772 ut
1200 742 1255 781 te,
1283 734 1339 762 ¹0⁰
1360 742 1405 773 ut
1441 733 1525 774 Ba-

92 788 233 839 silum,
260 791 297 830 vi
331 801 373 831 et
402 791 546 842 armis,
569 803 611 830 et
639 791 744 831 alios
770 791 895 830 vestri
928 789 1100 839 similes,
1122 803 1230 844 quos
1252 787 1428 830 clientes
1451 804 1523 831 ne·

92 859 164 886 mo
194 847 348 888 habere
382 848 496 897 velit,
523 851 636 888 lnon
662 847 789 889 modo
818 861 907 888 esse
936 846 1103 887 illorum
1136 845 1281 886 cliens.
1353 845 1523 888 Interea
1537 839 1605 890 42

93 902 195 943 dum
216 916 259 944 tu
282 905 397 953 abes,
419 905 525 959 2²qu
550 904 639 944 dies
670 904 740 945 ille
756 904 933 960 collegae
958 904 1048 955 tui;
1078 917 1173 943 cum
1202 901 1318 954 illud,
1338 905 1454 958 quod
1478 914 1524 946 tu

92 961 282 1002 venerari
307 962 485 1012 solebas,
510 962 680 1002 bustum
704 962 745 1002 in
781 961 874 1002 foro
896 962 1074 1002 evertit?
1104 975 1190 1016 qua
1215 975 1259 1003 re
1282 960 1360 1001 tibi
1380 962 1527 1003 nunti·

93 1026 177 1068 ata,
203 1030 245 1058 ut
266 1020 493 1059 constabat
517 1020 627 1059 inter
648 1033 735 1069 eos,
753 1019 825 1073 qui
849 1033 932 1059 una
953 1018 1141 1068 fuerunt,
1162 1017 1406 1059 concidisti.
1422 1018 1527 1073 quid

89 1075 279 1115 evenerit
323 1087 484 1131 postea,
527 1077 685 1117 nescio.
718 1085 878 1117 metum
919 1076 1048 1116 credo
1092 1074 1271 1115 valuisse
1312 1085 1356 1116 et
1391 1090 1525 1116 arma.

93 1127 314 1187 Collegam
338 1133 512 1188 quidem
538 1134 591 1173 de
623 1133 729 1174 caelo
761 1132 1012 1174 detraxisti:
1054 1131 1335 1187 effecistique,
1359 1147 1442 1174 non
1476 1142 1525 1174 tu

88 1188 262 1244 quidem
282 1191 410 1230 etiam
436 1205 563 1241 nunc,
590 1199 634 1231 ut
657 1191 710 1231 sit
729 1189 878 1232 similis
902 1191 979 1241 tui,
998 1189 1071 1229 sed
1093 1198 1221 1241 certe,
1239 1200 1286 1230 ut
1306 1189 1524 1231 dissimilis

89 1255 199 1286 esset
223 1261 303 1287 sui.

148 1303 236 1349 Qui
281 1318 379 1344 vero
421 1303 578 1345 reditus
620 1303 720 1346 inde
763 1303 977 1346 Romam?
1009 1317 1106 1359 quae
1149 1303 1416 1360 perturbatio
1459 1312 1524 1346 to·
1541 1309 1615 1344 103

90 1359 176 1400 tius
214 1361 362 1401 urbis?
394 1362 721 1402 memineramus
758 1361 943 1403 Cinnam
987 1361 1113 1401 nimis
1154 1370 1390 1416 potentem,
1428 1361 1525 1403 Sul-

87 1417 171 1459 lam
199 1428 346 1473 postea
375 1419 696 1470 dominantem3
729 1422 856 1459 modo
889 1428 1138 1474 regnantem
1171 1417 1385 1463 Caesarem
1409 1420 1526 1460 vide-

88 1489 244 1516 ramus.
266 1484 385 1516 erant
418 1475 596 1516 fortasse
626 1475 772 1531 gladii,
795 1476 898 1516 3sed
923 1475 1182 1525 absconditi,
1200 1490 1279 1516 nec
1303 1476 1363 1516 ita
1386 1476 1523 1518 multi.

88 1531 170 1573 ista
214 1546 310 1572 vero
343 1548 440 1588 quae
479 1542 522 1573 et
554 1544 713 1587 quanta
754 1533 950 1573 barbaria
985 1535 1076 1574 est?
1107 1533 1280 1588 agmine
1314 1538 1523 1588 quadrato

86 1603 186 1631 cuin
219 1589 372 1645 gladiis
403 1602 637 1644 sequuntur
668 1590 848 1631 milites:
883 1592 1136 1630 4scutorum
1166 1590 1338 1631 lecticas
1363 1591 1521 1646 portari
1534 1601 1565 1632 P·
1586 1593 1656 1624 181.

63 1646 297 1687 videmus.
357 1646 501 1702 Atque
531 1648 597 1688 his
628 1648 799 1702 quidem
825 1648 919 1701 jam
953 1647 1215 1698 inveteratis,
1249 1657 1388 1702 patres
1421 1645 1566 1689 con-²²·

88 1703 253 1760 scripti,
291 1704 601 1745 consuetudine
641 1704 937 1744 obduruimus.
999 1703 1204 1747 Kalendis
1241 1704 1384 1746 Juniis
1425 1720 1524 1747 cum

87 1759 131 1802 in
177 1771 385 1811 senatum,
422 1771 466 1801 ut
506 1771 595 1802 erat
635 1761 934 1811 constitutum,
974 1761 1116 1802 venire
1152 1761 1368 1812 vellemus,
1406 1772 1525 1804 metu

89 1818 304 1874 perterriti
329 1828 502 1873 repente
525 1819 791 1874 diffugimus.
852 1818 912 1859 At
933 1819 1027 1868 iste,
1050 1818 1122 1873 qui
1147 1828 1296 1859 senatu
1320 1833 1405 1860 non
1426 1824 1613 1875 ege-10⁹

91 1884 170 1924 ret,
195 1889 330 1929 neque
351 1876 607 1916 desideravit
628 1890 902 1930 quemquam,
924 1885 967 1917 et
999 1875 1143 1931 potius
1169 1876 1355 1916 discessu
1380 1890 1526 1918 nostro

91 1931 263 1972 laetatus
284 1941 362 1982 est,
387 1935 404 1962 5
420 1933 650 1988 statimque
681 1932 751 1973 illa
775 1932 985 1974 mirabilia
1007 1932 1198 1973 facinora
1219 1933 1376 1974 effecit.
1439 1934 1527 1981 Qui

90 1987 379 2045 chirographa
417 1988 600 2030 Caesaris
631 1989 893 2030 defendisset
925 1989 1029 2030 lucri
1065 1990 1127 2029 sui
1165 2004 1308 2040 causa,
1340 1991 1375 2030 is
1414 1990 1529 2047 leges

91 2045 291 2097 Caesaris,
313 2060 468 2102 easque
489 2045 730 2104 praeclaras,
754 2055 799 2087 ut
831 2046 1138 2103 rempublicam
1169 2055 1400 2088 concutere
1433 2063 1530 2104 pos,

130 2194 173 2224 98
195 2191 320 2222 obviam
335 2191 364 2221 ei
386 2190 631 2231 descenderant]
663 2192 789 2222 obviam
831 2201 890 2232 pro
911 2192 1042 2222 nedum.
1064 2191 1128 2222 alia
1149 2192 1300 2232 exempla
1321 2202 1340 2222 e
1362 2193 1530 2226 Ciceronis

91 2234 121 2263 ei
135 2243 202 2263 non
216 2234 299 2263 ben„²
312 2237 465 2265 convenit
482 2235 576 2264 »erbo
589 2234 788 2264 descendere.
832 2234 922 2264 libris
939 2244 970 2264 v,
986 2235 1021 2264 in
1037 2233 1149 2270 clave,
1167 2235 1201 2265 in
1219 2235 1319 2265 modo.

89 2275 248 2307 Deievere
280 2276 436 2312 Faernus,
461 2276 624 2312 Muretus,
648 2275 716 2313 alii,
741 2286 790 2306 re·
875 2279 894 2306 2
918 2277 972 2316 qui
986 2277 1052 2306 dies
1065 2277 1120 2306 ille
1142 2278 1272 2315 collegoe
1293 2275 1357 2316 tui]
1383 2276 1529 2308 Graevius

90 2323 153 2347 cte.
181 2317 320 2348 Tenuere
336 2320 475 2357 repetita
491 2324 567 2348 sunt
583 2329 600 2348 e
615 2318 791 2358 superiori.
834 2327 909 2348 cum
933 2318 1072 2355 Fassrno,
1096 2319 1242 2355 Mur-eto,
1266 2318 1382 2350 Lamb.
1405 2318 1531 2350 addidit

87 2359 160 2391 bus.
208 2359 291 2391 Edd.
313 2369 362 2400 pr.
379 2361 621 2390 descende-mni.
822 2360 910 2400 suit.
935 2360 1014 2391 Mox
1029 2369 1088 2401 pro
1090 2360 1238 2401 suerunt
1251 2360 1338 2398 forte
1352 2361 1530 2400 legendum

131 2405 172 2436 99
196 2404 282 2433 alter
294 2402 501 2442 gladiorum]
528 2403 635 2442 Vulgo
655 2402 789 2441 gladia·
821 2401 980 2442 Jiaeercmt.

91 2448 210 2474 torum.
233 2445 288 2474 sed
311 2444 390 2476 illud
410 2446 481 2483 jam
505 2444 649 2475 FaErnus
671 2450 706 2474 et
732 2444 788 2474 alii
874 2448 893 2475 3
915 2445 970 2474 sed
991 2443 1181 2484 absconditi]
1208 2445 1261 2475 Sic
1285 2444 1350 2475 ΜΞ.
1373 2444 1450 2481 ναῒ,
1473 2444 1530 2476 alii

90 2485 231 2517 edidere.
254 2492 287 2517 et
310 2486 342 2516 id
370 2489 472 2518 etiam
498 2487 704 2517 concinnitas
732 2497 789 2527 po·
832 2486 882 2516 vel
897 2487 953 2516 sed
963 2492 1086 2523 tamen,
1103 2487 1154 2518 vel
1168 2487 1224 2517 sed
1245 2487 1279 2517 ιε’.
1302 2486 1385 2518 nihil
1408 2486 1528 2518 refert:

89 2528 207 2559 stulat.
834 2528 889 2558 sed
920 2534 1031 2559 tamen
1060 2531 1084 2559 ii
1112 2536 1147 2559 et
1177 2533 1288 2559 tamen
1315 2529 1531 2568 glossatorem

136 2573 196 2600 100
230 2574 268 2600 ut
296 2570 464 2607 Basilum,
490 2571 524 2601 vi
558 2575 589 2601 et
616 2571 732 2604 armis,
761 2575 793 2601 et
836 2571 938 2610 magis
960 2571 1109 2611 sapiunt:
1133 2576 1167 2601 et
1190 2580 1258 2603 non
1280 2570 1377 2602 suave
1392 2576 1441 2601 est
1454 2573 1532 2610 gla-

91 2612 200 2651 alios]
219 2612 361 2643 Gruter-o
391 2612 498 2653 placet
527 2613 656 2643 schotti
685 2623 791 2646 corre-
834 2613 893 2648 dii,
907 2613 962 2642 sec]
976 2613 1009 2642 ii.
1260 2613 1263 2616 ’

90 2654 170 2690 ctio,
185 2658 220 2684 ut
231 2654 398 2691 Bas-elam,
413 2659 450 2684 ut
466 2654 661 2691 Tamis-ium,
680 2657 790 2685 ucali-
874 2657 895 2686 4
916 2659 1082 2689 scutorum
1099 2654 1242 2694 lecticas]
1267 2654 1410 2687 Lectieae
1430 2655 1532 2686 scuti·

14 2692 17 2693 ⁷
50 2736 53 2739 Α
90 2705 135 2732 os,
148 2705 225 2726 sane
240 2697 420 2737 ingeniosa.
445 2696 485 2726 Vi
497 2702 527 2727 et
540 2697 644 2726 armis
659 2707 793 2737 respon·
834 2696 979 2736 repletae.
1003 2707 1034 2730 v,
1059 2697 1143 2728 Phil.
1159 2697 1200 2733 V,
1224 2697 1255 2727 6.
1278 2696 1414 2735 genitivi
1436 2696 1532 2737 hujus
1584 2701 1588 2702 ⁷

89 2736 170 2768 dent
184 2738 248 2769 illis
261 2750 267 2767 :
294 2748 337 2768 m.
345 2737 485 2780 judicio,
500 2739 606 2769 studio
620 2739 680 2769 ἃς.
696 2740 795 2770 intel.
836 2747 914 2768 usus
929 2738 1046 2775 rarior,
1060 2738 1116 2769 sed
1129 2743 1163 2769 et
1178 2738 1244 2768 alia
1256 2739 1358 2778 hujus
1370 2738 1484 2769 sormae
1498 2743 1533 2770 et

91 2777 336 2819 lugendumque,
353 2780 466 2810 coacti.
511 2781 574 2812 Pro
589 2784 628 2811 εἰ,
642 2781 723 2811 alios
738 2793 794 2812 au.
837 2779 987 2820 ellipseos
999 2781 1151 2820 exempla
1165 2787 1256 2813 sunt.

19 2851 32 2861 κ
93 2826 162 2851 tem
178 2822 311 2862 legerim
328 2827 365 2851 ue
379 2823 470 2852 ulios.
881 2825 898 2852 5
920 2822 1110 2861 statimque]
1142 2822 1181 2852 In
1210 2821 1260 2852 ed.
1289 2821 1386 2854 Gmt.
1411 2822 1534 2856 excidit

133 2865 150 2894 1
172 2873 238 2894 non
258 2865 350 2894 modo
371 2874 400 2895 e.
425 2865 447 2894 i.
471 2863 583 2904 cliens]
613 2874 678 2895 non
699 2867 793 2897 modo
837 2873 910 2903 que.
924 2864 1016 2895 abest
1029 2869 1144 2894 tamen
1159 2874 1178 2895 a
1193 2863 1258 2894 ΜΞ.
1275 2863 1320 2894 Η.

746 2910 879 2951 41³3
