1785 3185
281 97 382 133 1420

868 95 1115 135 ORATIO

273 197 498 251 pellentur.
560 199 669 241 Sunt
690 199 759 240 alii
793 199 931 255 plures
960 200 1160 242 fortasse:
1194 199 1265 240 sed
1287 212 1380 239 mea
1402 201 1605 242 memoria
1627 200 1692 242 di·

275 254 490 295 labuntur.
553 254 646 311 Ego
675 258 804 297 etiam
839 270 910 297 eos
942 257 1054 307 dico,
1076 257 1148 311 qui
1183 256 1369 297 hostium
1405 271 1580 298 numero
1602 272 1687 299 non

277 320 389 361 sunt,
414 312 695 367 Pompeianas
729 314 1027 369 possessiones,
1049 313 1196 367 quanti
1222 314 1414 363 emerint,
1437 313 1524 354 filio
1549 315 1686 355 reddi-

215 373 261 406 12
278 375 408 408 turos.
468 368 579 409 Satis
612 370 913 411 inconsiderati
946 369 1042 419 fuit,
1072 384 1124 410 ne
1145 370 1285 410 dicam
1306 369 1491 419 audacis,
1514 385 1601 411 rem
1626 371 1687 411 ul-

275 422 356 463 lam
381 438 434 464 ex
458 424 538 465 illis
560 427 783 481 attingere.
807 425 987 466 retinere
1010 439 1106 465 vero
1124 427 1226 480 -quis
1250 426 1421 480 poterit,
1451 426 1686 468 clarissimo

274 479 449 522 domino
472 483 693 524 restituto?
724 482 791 524 An
826 482 860 522 is
894 496 977 522 non
1011 482 1169 531 reddet,
1191 483 1264 536 qui
1285 481 1447 522 domini
1480 484 1685 537 patrimo-

275 537 389 577 nium
424 538 752 594 circumplexus,
779 538 898 593 quasi
930 538 1174 578 thesaurum
1199 539 1343 587 draco,
1373 538 1567 594 Pompeii
1599 554 1683 580 ser-

228 606 260 636 b.
275 606 364 644 vus,
387 594 561 635 libertus
585 596 781 644 Caesaris,
804 595 894 649 agri
921 595 1081 635 Lucani
1116 595 1400 649 possessiones
1427 597 1681 651 occupavit?

272 648 415 704 Atque
436 651 584 692 :millud
616 653 769 706 septies
793 651 957 701 millies,
985 651 1099 706 quod
1122 650 1394 700 adolescenti,
1419 662 1557 706 patres
1579 668 1682 694 con-

268 707 432 762 scripti,
466 709 770 762 spopondistis,
804 708 863 747 ita
893 708 1168 757 describetur,
1205 717 1251 748 ut
1286 707 1477 751 videatur
1513 724 1537 749 a
1560 710 1679 750 vobis

269 762 351 802 Cn.
386 763 579 819 Pompeii
605 765 714 805 filius
738 765 779 804 in
803 764 1060 819 patrimonio
1083 779 1158 804 suo
1179 763 1426 805 collocatus.
1485 763 1596 806 Haec
1618 780 1683 806 se-

267 829 406 859 natus.
431 820 589 874 reliqua
618 821 799 876 populus
832 820 1050 861 Romanus
1084 820 1125 860 in
1158 836 1208 861 ea
1228 820 1401 871 familia,
1423 835 1550 875 quam
1575 822 1681 863 vidit

267 876 585 931 amplissimam,
608 886 904 933 persequetur:
938 878 980 917 in
1015 877 1161 932 primis
1195 887 1416 932 paternum
1449 888 1678 933 auguratus

268 931 424 983 locum,
465 933 507 973 in
544 949 669 988 quem
707 948 788 989 ego
823 948 934 982 eum,
967 943 1027 981 ut,
1058 933 1172 988 quod
1202 949 1226 974 a
1258 947 1376 989 patre
1406 936 1566 990 accepi,
1589 935 1676 976 filio

266 988 452 1038 reddam,
477 1004 569 1030 mea
601 990 893 1031 nominatione
925 991 1153 1046 cooptabo.
1214 990 1368 1032 Utrum
1393 991 1522 1046 igitur
1543 1006 1677 1047 augu-

265 1059 352 1084 rem
385 1045 508 1087 Jovis
530 1047 683 1102 optimi
705 1047 897 1097 maximi,
919 1047 1042 1102 cujus
1065 1048 1315 1102 interpretes
1343 1048 1676 1103 internuntiique

264 1102 488 1142 constituti
511 1118 668 1154 sumus,
692 1114 832 1144 utrum
859 1104 1038 1159 populus
1063 1104 1282 1144 Romanus
1304 1106 1343 1134 33
1359 1104 1558 1145 libentius
1581 1120 1676 1145 san-

265 1159 363 1209 ciet,
388 1158 641 1215 Pompeium
663 1175 717 1201 an
739 1160 1004 1202 Antonium?
1035 1159 1150 1201 Mihi
1179 1161 1350 1215 quidem
1382 1162 1554 1203 numine
1574 1162 1674 1202 deo-

265 1228 358 1254 rum
384 1216 687 1258 immortalium
722 1218 887 1258 videtur
920 1217 1002 1257 hoe
1039 1216 1210 1258 fortuna
1247 1217 1442 1268 voluisse,
1474 1228 1536 1266 ut,
1568 1219 1673 1259 actis

266 1270 446 1312 Caesaris
482 1273 611 1314 firmis
634 1289 683 1315 ac
705 1274 820 1324 ratis,
843 1273 924 1314 Cn.
957 1274 1152 1330 Pompeii
1175 1274 1284 1314 filius
1308 1284 1449 1329 posset
1469 1285 1512 1315 et
1533 1275 1674 1330 digni-

216 1327 395 1381 6taten1
417 1338 459 1369 et
482 1330 672 1371 fortunas
707 1332 860 1386 patrias
895 1345 1154 1389 recuperare.
1215 1329 1279 1371 Ae
1302 1345 1354 1371 ne
1377 1330 1477 1372 illud
1499 1332 1669 1386 quidem

203 1405 249 1439 13
264 1384 445 1436 silentio,
476 1398 612 1442 patres
645 1387 892 1443 conscripti,
926 1387 1265 1443 praetereundum
1301 1396 1420 1443 puto,
1448 1389 1562 1442 quod
1587 1388 1671 1430 cla-

262 1441 414 1483 rissimi
440 1443 514 1483 viri
538 1445 734 1499 34legati,
760 1444 807 1485 L.
843 1444 1028 1495 Paullus,
1062 1445 1119 1490 Q.
1152 1443 1375 1493 Thermus,
1396 1443 1446 1485 C.
1471 1445 1672 1497 Fannius,

258 1512 438 1552 quorum
456 1499 621 1541 habetis
641 1501 858 1556 cognitam
880 1502 1140 1541 voluntatem
1159 1501 1199 1541 in
1222 1501 1540 1556 rempublicam,
1558 1517 1671 1543 eam-

255 1569 337 1608 que
359 1566 605 1611 perpetuam
629 1568 756 1612 atque
769 1568 1050 1607 constantem,
1066 1558 1278 1609 nuntiant,
1297 1573 1340 1598 se
1358 1557 1550 1613 Pompeii
1567 1574 1669 1600 con-

256 1612 451 1653 veniendi
485 1628 613 1654 causa
644 1615 872 1655 devertisse
907 1614 1159 1665 Massiliam,
1194 1628 1376 1669 eumque
1415 1615 1667 1670 cognovisse

253 1669 524 1722 paratissimo
547 1671 704 1721 auimo,
729 1682 774 1712 ut
796 1687 890 1713 cum
916 1672 1000 1712 suis
1022 1672 1158 1727 copiis
1180 1672 1259 1712 iret
1281 1673 1331 1712 ad
1358 1670 1590 1723 Mutinam,
1621 1674 1664 1714 ni

254 1736 467 1766 vereretur
503 1737 795 1769 veteranorum
838 1729 1002 1769 animos
1043 1728 1271 1769 offendere.
1334 1727 1409 1768 Est
1442 1743 1540 1768 vero
1573 1730 1666 1785 ejus

251 1782 383 1835 patris
409 1782 532 1834 filius,
555 1785 626 1839 qui
659 1785 870 1839 sapienter
892 1785 1077 1826 faciebat
1098 1800 1180 1826 non
1207 1785 1344 1825 minus
1369 1784 1513 1835 multa,
1536 1800 1664 1840 quam

250 1837 432 1879 fortiter.
475 1840 626 1895 Itaque
649 1841 885 1898 intelligitis
906 1852 948 1882 et
969 1843 1157 1883 animum
1179 1843 1216 1882 ei
1242 1852 1396 1897 praesto
1420 1841 1562 1891 fuisse,
1582 1858 1662 1885 nec

249 1896 473 1936 consilium
497 1897 695 1938 defuisse.
734 1899 890 1954 ¹Atque
910 1899 1039 1939 etiam
1061 1902 1141 1940 hoe
1166 1898 1232 1939 M.
1258 1899 1419 1954 Lepido
1437 1900 1664 1954 providen-

249 1950 349 1992 dum
373 1962 450 2002 est,
482 1968 532 1994 ne
555 1956 656 2009 quid
689 1955 971 2011 arrogantius,
993 1959 1032 1987 35
1049 1971 1176 2010 quam
1209 1955 1300 2010 ejus
1333 1970 1469 1996 mores
1503 1956 1659 2008 ferunt,

190 2019 231 2053 14
250 2007 387 2049 facere
412 2010 616 2052 videatur.
681 2012 725 2052 Si
761 2014 872 2053 enini
912 2027 986 2052 nos
1016 2014 1205 2053 exercitu
1235 2023 1375 2062 terret,
1404 2027 1489 2052 non
1513 2014 1662 2053 memi-

246 2065 324 2116 nit,
345 2065 460 2107 illum
483 2069 734 2120 exereitum,
757 2080 926 2111 senatus
962 2069 1191 2125 populique
1217 2069 1397 2110 Romani
1421 2079 1546 2124 atque
1571 2071 1662 2110 uni-

1771 73 1779 166 ..u-

285 2191 325 2219 32
347 2191 433 2220 illud
453 2194 565 2230 septies
589 2193 791 2223 millies—ilci
813 2194 929 2224 descri-

246 2230 350 2270 betur]
378 2233 495 2273 Recepi
523 2235 583 2264 hoc
608 2245 681 2265 cum
707 2235 847 2272 Grawio,
872 2245 930 2275 pro

244 2273 430 2303 describite.-
468 2285 543 2306 nam
574 2277 606 2306 id
632 2282 665 2306 et
695 2286 743 2306 res
772 2279 929 2317 postulat,

243 2324 316 2344 curn
335 2315 386 2345 hic
402 2317 512 2346 omnia
527 2319 571 2347 sic
586 2319 816 2354 enuncientur,
840 2325 873 2349 et
893 2319 931 2349 li-

244 2355 292 2385 bri
312 2366 372 2386 scr.
401 2359 432 2387 in
460 2359 508 2388 his
535 2365 568 2390 et
594 2360 700 2389 Guelf.
717 2361 763 2390 ita
778 2361 930 2391 habeant.

243 2397 282 2427 ad
298 2397 359 2428 hoc
374 2400 566 2431 describetur
581 2402 621 2436 P„
638 2402 807 2432 Manutius
833 2404 931 2433 refert

241 2441 459 2480 spopondisti-⁹,
486 2453 552 2472 non
586 2443 625 2472 ad
658 2445 770 2483 septies
794 2446 930 2475 millies.-

242 2490 371 2522 nempe,
389 2493 429 2513 ne
445 2489 553 2514 totum
570 2484 650 2515 illud
675 2487 790 2525 septies
814 2487 930 2516 millies

242 2522 396 2563 Pompeio
411 2525 610 2556 destinatum
626 2527 784 2564 videatur,
799 2538 928 2558 sumnia

240 2563 404 2596 immanis.
451 2567 571 2606 Septies
587 2569 702 2599 millies
725 2569 807 2599 idem
831 2570 927 2600 intel-

239 2604 313 2644 ligit
329 2607 368 2637 de
392 2610 538 2647 pecunia»
553 2620 680 2640 summa
702 2621 751 2646 ea,
778 2622 873 2650 quam
889 2622 926 2642 ex

239 2649 354 2678 a-rario
370 2650 409 2679 ad
424 2650 502 2689 Opis
518 2651 619 2682 aedem
635 2653 813 2683 abstulerat
824 2655 927 2683 Anto-

239 2690 312 2719 nius
337 2691 420 2721 Phil.
449 2692 495 2728 ΙΙ,
519 2696 569 2726 37.
613 2694 674 2724 Sed
701 2694 780 2725 illud
805 2697 922 2734 septim-s

238 2730 356 2762 millies
372 2735 521 2774 nuspiam
536 2740 616 2766 erat.
644 2745 718 2767 nam
743 2737 922 2768 abstulerat

236 2777 271 2802 et
293 2774 486 2813 prodegerat
510 2776 684 2809 Antonius.
730 2778 846 2810 Fateor
869 2789 920 2810 me

236 2821 305 2844 rem
321 2824 388 2849 non
404 2817 587 2858 intelligere
602 2820 692 2852 satis.

1014 2196 1053 2223 33
1079 2194 1227 2223 libentius
1247 2192 1381 2231 sauciet]
1408 2193 1430 2223 i.
1457 2203 1485 2224 e.
1512 2193 1661 2233 probabit

973 2241 1164 2274 cooptatum
1203 2236 1234 2265 in
1266 2235 1437 2273 collegium
1473 2245 1656 2273 augurum:

974 2287 1014 2306 ne
1036 2278 1104 2316 quis
1133 2287 1206 2306 cum
1233 2278 1267 2306 P.
1293 2278 1444 2307 Manutio
1471 2277 1575 2315 legem
1604 2287 1662 2316 po-

974 2319 1041 2358 puli
1065 2319 1250 2358 intelligat:
1283 2320 1384 2358 qualis
1410 2319 1557 2348 Domitia
1581 2325 1658 2350 ante

972 2361 1092 2395 fuerat,
1117 2367 1189 2391 tum
1215 2360 1356 2391 sublata.
1388 2371 1418 2391 v.
1445 2360 1534 2390 Clav.
1557 2361 1589 2390 in
1619 2361 1660 2392 L.

973 2403 1132 2433 Domitia.

1014 2447 1055 2475 34
1089 2445 1202 2483 legati,
1230 2443 1302 2482 &e.]
1345 2443 1484 2483 Legatos
1510 2449 1655 2481 senatus,

973 2487 1085 2516 missos
1110 2486 1150 2516 ad
1175 2487 1378 2525 Pompeium,
1398 2486 1553 2524 intelligit
1579 2487 1651 2516 Ma-

971 2529 1093 2564 nutiuS,
1111 2538 1226 2568 nempe
1251 2528 1291 2557 nd
1314 2528 1569 2566 cognoscendam
1587 2529 1654 2566 ejus

971 2571 1183 2600 voluntatem.
1245 2572 1287 2599 At
1317 2569 1347 2598 hi
1390 2569 1486 2608 legati
1525 2577 1655 2599 tantum

970 2612 1136 2641 devertisse
1159 2611 1314 2641 dicuntur
1339 2612 1531 2647 Massiliam,
1559 2612 1654 2641 Pom-

972 2655 1033 2691 peii
1061 2654 1270 2683 conveniendi
1300 2662 1421 2684 caussa.
1479 2653 1566 2692 Ergo
1586 2653 1651 2683 alio

971 2697 1034 2725 iter
1049 2695 1175 2735 proprie
1194 2694 1368 2724 habebant.

1005 2740 1044 2768 :35
1078 2747 1176 2776 quam
1204 2736 1273 2776 ejus
1299 2746 1399 2766 mores
1424 2735 1560 2776 serunt]
1598 2736 1650 2766 An

955 2777 1104 2818 ferant?
1131 2780 1178 2809 ita
1194 2787 1270 2808 sane
1297 2778 1442 2808 latinitas
1471 2778 1653 2818 elegantior

968 2821 1125 2860 postulat.
1170 2821 1230 2852 Me.
1249 2818 1517 2860 Huyd.Jiaee2·unt.
