<?xml version="1.0" encoding="UTF-8"?>
<!DOCTYPE html PUBLIC "-//W3C//DTD XHTML 1.0 Transitional//EN"
    "http://www.w3.org/TR/xhtml1/DTD/xhtml1-transitional.dtd">
<html xmlns="http://www.w3.org/1999/xhtml" xml:lang="en" lang="en">
 <head>
  <title>
</title>
<meta http-equiv="Content-Type" content="text/html;charset=utf-8" />
  <meta name='ocr-system' content='tesseract 3.04.00' />
  <meta name='ocr-capabilities' content='ocr_page ocr_carea ocr_par ocr_line ocrx_word'/>
</head>
<body>
  <div class='ocr_page' id='page_1' title='image "./p2operaomnia02ciceuoft_0669.png"; bbox 0 0 1785 3185; ppageno 0'>
   <div class='ocr_carea' id='block_1_1' title="bbox 477 117 1506 159">
    <p class='ocr_par' dir='ltr' id='par_1_1' title="bbox 477 117 1506 159">
     <span class='ocr_line' id='line_1_1' title="bbox 477 117 1506 159; baseline -0.002 0"><span class='ocrx_word' id='word_1_1' title='bbox 477 118 827 159; x_wconf 85' lang='lat' dir='ltr'>PHILIPPICA</span> <span class='ocrx_word' id='word_1_2' title='bbox 853 117 1099 157; x_wconf 85' lang='lat' dir='ltr'>DECIMA.</span> <span class='ocrx_word' id='word_1_3' title='bbox 1407 123 1506 157; x_wconf 77' lang='lat'>1383</span> 
     </span>
    </p>
   </div>
   <div class='ocr_carea' id='block_1_2' title="bbox 82 221 1610 2562">
    <p class='ocr_par' dir='ltr' id='par_1_2' title="bbox 82 221 1507 337">
     <span class='ocr_line' id='line_1_2' title="bbox 84 221 1507 280; baseline -0.004 -12"><span class='ocrx_word' id='word_1_4' title='bbox 84 224 204 268; x_wconf 81' lang='lat' dir='ltr'>Bruti</span> <span class='ocrx_word' id='word_1_5' title='bbox 228 223 552 280; x_wconf 76' lang='lat' dir='ltr'><strong>reprehendant,</strong></span> <span class='ocrx_word' id='word_1_6' title='bbox 566 232 709 265; x_wconf 85' lang='lat' dir='ltr'>tamen</span> <span class='ocrx_word' id='word_1_7' title='bbox 727 221 856 262; x_wconf 89' lang='lat' dir='ltr'>iidem</span> <span class='ocrx_word' id='word_1_8' title='bbox 879 221 1214 262; x_wconf 84' lang='lat' dir='ltr'>moderationem</span> <span class='ocrx_word' id='word_1_9' title='bbox 1236 221 1507 278; x_wconf 86' lang='lat' dir='ltr'>patientiam-</span> 
     </span>
     <span class='ocr_line' id='line_1_3' title="bbox 82 282 406 337; baseline 0 -15"><span class='ocrx_word' id='word_1_10' title='bbox 82 296 165 337; x_wconf 88' lang='lat' dir='ltr'>que</span> <span class='ocrx_word' id='word_1_11' title='bbox 187 282 406 323; x_wconf 82' lang='lat' dir='ltr'>mirantur.</span> 
     </span>
    </p>

    <p class='ocr_par' dir='ltr' id='par_1_3' title="bbox 82 333 1610 2562">
     <span class='ocr_line' id='line_1_4' title="bbox 139 333 1569 393; baseline -0.001 -14"><span class='ocrx_word' id='word_1_12' title='bbox 139 339 223 379; x_wconf 84' lang='lat' dir='ltr'>Sed</span> <span class='ocrx_word' id='word_1_13' title='bbox 248 337 342 393; x_wconf 87' lang='lat' dir='ltr'>jam</span> <span class='ocrx_word' id='word_1_14' title='bbox 373 337 511 387; x_wconf 84' lang='lat' dir='ltr'>video,</span> <span class='ocrx_word' id='word_1_15' title='bbox 542 336 645 392; x_wconf 91' lang='lat' dir='ltr'>quid</span> <span class='ocrx_word' id='word_1_16' title='bbox 682 335 925 390; x_wconf 82' lang='lat' dir='ltr'>loquantur,</span> <span class='ocrx_word' id='word_1_17' title='bbox 951 347 1088 388; x_wconf 88' lang='lat' dir='ltr'>neque</span> <span class='ocrx_word' id='word_1_18' title='bbox 1118 333 1231 374; x_wconf 88' lang='lat' dir='ltr'>enim</span> <span class='ocrx_word' id='word_1_19' title='bbox 1262 335 1303 375; x_wconf 92' lang='lat' dir='ltr'>id</span> <span class='ocrx_word' id='word_1_20' title='bbox 1341 335 1507 377; x_wconf 83' lang='lat' dir='ltr'>occulte</span> <span class='ocrx_word' id='word_1_21' title='bbox 1522 348 1569 384; x_wconf 75' lang='lat'>15</span> 
     </span>
     <span class='ocr_line' id='line_1_5' title="bbox 83 390 1510 447; baseline -0.001 -12"><span class='ocrx_word' id='word_1_22' title='bbox 83 394 261 445; x_wconf 81' lang='lat' dir='ltr'>faciunt.</span> <span class='ocrx_word' id='word_1_23' title='bbox 294 395 441 436; x_wconf 88' lang='lat' dir='ltr'>timere</span> <span class='ocrx_word' id='word_1_24' title='bbox 473 407 517 434; x_wconf 87' lang='lat' dir='ltr'>se</span> <span class='ocrx_word' id='word_1_25' title='bbox 542 394 707 442; x_wconf 88' lang='lat' dir='ltr'>dicunt,</span> <span class='ocrx_word' id='word_1_26' title='bbox 728 391 945 447; x_wconf 89' lang='lat' dir='ltr'>quomodo</span> <span class='ocrx_word' id='word_1_27' title='bbox 981 390 1118 430; x_wconf 63' lang='lat' dir='ltr'>fer-int</span> <span class='ocrx_word' id='word_1_28' title='bbox 1151 392 1356 442; x_wconf 80' lang='lat' dir='ltr'>veterani,</span> <span class='ocrx_word' id='word_1_29' title='bbox 1388 407 1510 434; x_wconf 89' lang='lat' dir='ltr'>exer-</span> 
     </span>
     <span class='ocr_line' id='line_1_6' title="bbox 82 447 1512 502; baseline -0.001 -10"><span class='ocrx_word' id='word_1_30' title='bbox 82 453 216 493; x_wconf 89' lang='lat' dir='ltr'>citum</span> <span class='ocrx_word' id='word_1_31' title='bbox 238 452 417 492; x_wconf 80' lang='lat' dir='ltr'>Brutum</span> <span class='ocrx_word' id='word_1_32' title='bbox 440 450 611 491; x_wconf 84' lang='lat' dir='ltr'>habere.</span> <span class='ocrx_word' id='word_1_33' title='bbox 673 449 807 496; x_wconf 83' lang='lat' dir='ltr'>Quasi</span> <span class='ocrx_word' id='word_1_34' title='bbox 831 462 931 489; x_wconf 88' lang='lat' dir='ltr'>vero</span> <span class='ocrx_word' id='word_1_35' title='bbox 949 447 1183 502; x_wconf 84' lang='lat' dir='ltr'>quidquam</span> <span class='ocrx_word' id='word_1_36' title='bbox 1208 448 1374 488; x_wconf 85' lang='lat' dir='ltr'>intersit</span> <span class='ocrx_word' id='word_1_37' title='bbox 1402 449 1512 490; x_wconf 85' lang='lat' dir='ltr'>inter</span> 
     </span>
     <span class='ocr_line' id='line_1_7' title="bbox 84 504 1513 559; baseline -0.002 -10"><span class='ocrx_word' id='word_1_38' title='bbox 84 508 137 549; x_wconf 87' lang='lat' dir='ltr'>A.</span> <span class='ocrx_word' id='word_1_39' title='bbox 160 508 309 559; x_wconf 83' lang='lat' dir='ltr'>Hirtii,</span> <span class='ocrx_word' id='word_1_40' title='bbox 341 507 393 549; x_wconf 89' lang='lat' dir='ltr'>C.</span> <span class='ocrx_word' id='word_1_41' title='bbox 415 507 581 557; x_wconf 78' lang='lat' dir='ltr'>Pansae,</span> <span class='ocrx_word' id='word_1_42' title='bbox 610 505 668 548; x_wconf 90' lang='lat' dir='ltr'>D.</span> <span class='ocrx_word' id='word_1_43' title='bbox 704 505 844 556; x_wconf 84' lang='lat' dir='ltr'>Bruti,</span> <span class='ocrx_word' id='word_1_44' title='bbox 877 504 929 546; x_wconf 87' lang='lat' dir='ltr'>C.</span> <span class='ocrx_word' id='word_1_45' title='bbox 954 504 1152 554; x_wconf 81' lang='lat' dir='ltr'>Caesaris,</span> <span class='ocrx_word' id='word_1_46' title='bbox 1182 513 1225 544; x_wconf 89' lang='lat' dir='ltr'>et</span> <span class='ocrx_word' id='word_1_47' title='bbox 1254 505 1368 545; x_wconf 85' lang='lat' dir='ltr'>hunc</span> <span class='ocrx_word' id='word_1_48' title='bbox 1391 519 1513 546; x_wconf 87' lang='lat' dir='ltr'>exer-</span> 
     </span>
     <span class='ocr_line' id='line_1_8' title="bbox 84 561 1513 618; baseline -0.003 -12"><span class='ocrx_word' id='word_1_49' title='bbox 84 566 219 606; x_wconf 85' lang='lat' dir='ltr'>citum</span> <span class='ocrx_word' id='word_1_50' title='bbox 244 565 310 606; x_wconf 91' lang='lat' dir='ltr'>M.</span> <span class='ocrx_word' id='word_1_51' title='bbox 335 564 473 608; x_wconf 86' lang='lat' dir='ltr'>Bruti.</span> <span class='ocrx_word' id='word_1_52' title='bbox 535 564 649 605; x_wconf 82' lang='lat' dir='ltr'>Nam</span> <span class='ocrx_word' id='word_1_53' title='bbox 681 564 713 605; x_wconf 88' lang='lat' dir='ltr'>si</span> <span class='ocrx_word' id='word_1_54' title='bbox 736 571 920 618; x_wconf 87' lang='lat' dir='ltr'>quatuor</span> <span class='ocrx_word' id='word_1_55' title='bbox 951 562 1165 602; x_wconf 76' lang='lat' dir='ltr'>exercitus</span> <span class='ocrx_word' id='word_1_56' title='bbox 1202 561 1246 611; x_wconf 92' lang='lat' dir='ltr'>ii,</span> <span class='ocrx_word' id='word_1_57' title='bbox 1273 562 1325 602; x_wconf 89' lang='lat' dir='ltr'>de</span> <span class='ocrx_word' id='word_1_58' title='bbox 1356 562 1513 616; x_wconf 85' lang='lat' dir='ltr'>quibus</span> 
     </span>
     <span class='ocr_line' id='line_1_9' title="bbox 84 617 1514 678; baseline -0.003 -15"><span class='ocrx_word' id='word_1_59' title='bbox 84 622 192 673; x_wconf 83' lang='lat' dir='ltr'>dixi,</span> <span class='ocrx_word' id='word_1_60' title='bbox 226 631 452 678; x_wconf 86' lang='lat' dir='ltr'>propterea</span> <span class='ocrx_word' id='word_1_61' title='bbox 481 620 721 671; x_wconf 81' lang='lat' dir='ltr'>laudantur,</span> <span class='ocrx_word' id='word_1_62' title='bbox 743 619 858 675; x_wconf 88' lang='lat' dir='ltr'>quod</span> <span class='ocrx_word' id='word_1_63' title='bbox 891 633 967 675; x_wconf 89' lang='lat' dir='ltr'>pro</span> <span class='ocrx_word' id='word_1_64' title='bbox 1000 617 1146 674; x_wconf 88' lang='lat' dir='ltr'>populi</span> <span class='ocrx_word' id='word_1_65' title='bbox 1180 617 1365 660; x_wconf 83' lang='lat' dir='ltr'>Romani</span> <span class='ocrx_word' id='word_1_66' title='bbox 1389 618 1514 659; x_wconf 84' lang='lat' dir='ltr'>liber-</span> 
     </span>
     <span class='ocr_line' id='line_1_10' title="bbox 87 674 1516 734; baseline -0.003 -15"><span class='ocrx_word' id='word_1_67' title='bbox 87 688 173 720; x_wconf 80' lang='lat' dir='ltr'>tate</span> <span class='ocrx_word' id='word_1_68' title='bbox 195 693 312 720; x_wconf 83' lang='lat' dir='ltr'>arma</span> <span class='ocrx_word' id='word_1_69' title='bbox 332 687 562 734; x_wconf 90' lang='lat' dir='ltr'>ceperunt:</span> <span class='ocrx_word' id='word_1_70' title='bbox 595 677 699 733; x_wconf 88' lang='lat' dir='ltr'>quid</span> <span class='ocrx_word' id='word_1_71' title='bbox 728 687 808 728; x_wconf 87' lang='lat' dir='ltr'>est,</span> <span class='ocrx_word' id='word_1_72' title='bbox 839 690 914 717; x_wconf 92' lang='lat' dir='ltr'>cur</span> <span class='ocrx_word' id='word_1_73' title='bbox 944 676 1014 716; x_wconf 89' lang='lat' dir='ltr'>hic</span> <span class='ocrx_word' id='word_1_74' title='bbox 1047 675 1114 716; x_wconf 89' lang='lat' dir='ltr'>M.</span> <span class='ocrx_word' id='word_1_75' title='bbox 1142 674 1264 717; x_wconf 88' lang='lat' dir='ltr'>Bruti</span> <span class='ocrx_word' id='word_1_76' title='bbox 1300 675 1516 716; x_wconf 84' lang='lat' dir='ltr'>exercitus</span> 
     </span>
     <span class='ocr_line' id='line_1_11' title="bbox 86 731 1517 790; baseline -0.001 -14"><span class='ocrx_word' id='word_1_77' title='bbox 86 751 172 776; x_wconf 87' lang='lat' dir='ltr'>non</span> <span class='ocrx_word' id='word_1_78' title='bbox 195 739 231 767; x_wconf 78' lang='lat'>3¹</span> <span class='ocrx_word' id='word_1_79' title='bbox 251 736 292 776; x_wconf 92' lang='lat' dir='ltr'>in</span> <span class='ocrx_word' id='word_1_80' title='bbox 315 736 462 777; x_wconf 86' lang='lat' dir='ltr'>eadem</span> <span class='ocrx_word' id='word_1_81' title='bbox 497 749 624 775; x_wconf 86' lang='lat' dir='ltr'>causa</span> <span class='ocrx_word' id='word_1_82' title='bbox 660 735 871 790; x_wconf 84' lang='lat' dir='ltr'>ponatur?</span> <span class='ocrx_word' id='word_1_83' title='bbox 901 731 962 773; x_wconf 91' lang='lat' dir='ltr'>At</span> <span class='ocrx_word' id='word_1_84' title='bbox 991 732 1106 773; x_wconf 88' lang='lat' dir='ltr'>enim</span> <span class='ocrx_word' id='word_1_85' title='bbox 1128 733 1338 773; x_wconf 81' lang='lat' dir='ltr'>veteranis</span> <span class='ocrx_word' id='word_1_86' title='bbox 1370 747 1517 788; x_wconf 84' lang='lat' dir='ltr'>suspe-</span> 
     </span>
     <span class='ocr_line' id='line_1_12' title="bbox 86 788 1516 845; baseline -0.003 -11"><span class='ocrx_word' id='word_1_87' title='bbox 86 802 206 834; x_wconf 85' lang='lat' dir='ltr'>ctum</span> <span class='ocrx_word' id='word_1_88' title='bbox 238 802 301 833; x_wconf 89' lang='lat' dir='ltr'>est</span> <span class='ocrx_word' id='word_1_89' title='bbox 331 806 487 833; x_wconf 89' lang='lat' dir='ltr'>nomeu</span> <span class='ocrx_word' id='word_1_90' title='bbox 516 791 582 832; x_wconf 89' lang='grc' dir='ltr'>Μ.</span> <span class='ocrx_word' id='word_1_91' title='bbox 607 791 745 832; x_wconf 83' lang='lat' dir='ltr'>Bruti.</span> <span class='ocrx_word' id='word_1_92' title='bbox 775 790 968 845; x_wconf 82' lang='lat' dir='ltr'>magisne</span> <span class='ocrx_word' id='word_1_93' title='bbox 989 804 1118 844; x_wconf 88' lang='lat' dir='ltr'>quam</span> <span class='ocrx_word' id='word_1_94' title='bbox 1152 788 1350 832; x_wconf 86' lang='lat' dir='ltr'>Decimi?</span> <span class='ocrx_word' id='word_1_95' title='bbox 1384 789 1516 845; x_wconf 86' lang='lat' dir='ltr'>Equi·-</span> 
     </span>
     <span class='ocr_line' id='line_1_13' title="bbox 87 846 1516 898; baseline -0.003 -7"><span class='ocrx_word' id='word_1_96' title='bbox 87 850 184 891; x_wconf 88' lang='lat' dir='ltr'>dem</span> <span class='ocrx_word' id='word_1_97' title='bbox 208 864 292 890; x_wconf 91' lang='lat' dir='ltr'>non</span> <span class='ocrx_word' id='word_1_98' title='bbox 316 850 512 890; x_wconf 79' lang='lat' dir='ltr'>arbitror.</span> <span class='ocrx_word' id='word_1_99' title='bbox 531 848 610 889; x_wconf 87' lang='lat' dir='ltr'>etsi</span> <span class='ocrx_word' id='word_1_100' title='bbox 629 858 693 888; x_wconf 86' lang='lat' dir='ltr'>est</span> <span class='ocrx_word' id='word_1_101' title='bbox 714 847 827 888; x_wconf 87' lang='lat' dir='ltr'>enim</span> <span class='ocrx_word' id='word_1_102' title='bbox 848 847 1078 888; x_wconf 82' lang='lat' dir='ltr'>Brutorum</span> <span class='ocrx_word' id='word_1_103' title='bbox 1097 861 1324 888; x_wconf 89' lang='lat' dir='ltr'>commune</span> <span class='ocrx_word' id='word_1_104' title='bbox 1338 846 1516 898; x_wconf 84' lang='lat' dir='ltr'>factum,</span> 
     </span>
     <span class='ocr_line' id='line_1_14' title="bbox 88 901 1516 959; baseline -0.003 -12"><span class='ocrx_word' id='word_1_105' title='bbox 88 916 131 947; x_wconf 89' lang='lat' dir='ltr'>et</span> <span class='ocrx_word' id='word_1_106' title='bbox 152 906 286 947; x_wconf 86' lang='lat' dir='ltr'>laudis</span> <span class='ocrx_word' id='word_1_107' title='bbox 303 906 482 948; x_wconf 84' lang='lat' dir='ltr'>societas</span> <span class='ocrx_word' id='word_1_108' title='bbox 502 919 649 959; x_wconf 84' lang='lat' dir='ltr'>aequa:</span> <span class='ocrx_word' id='word_1_109' title='bbox 675 904 731 946; x_wconf 92' lang='lat' dir='ltr'>D.</span> <span class='ocrx_word' id='word_1_110' title='bbox 756 914 899 945; x_wconf 84' lang='lat' dir='ltr'>tamen</span> <span class='ocrx_word' id='word_1_111' title='bbox 917 904 1052 945; x_wconf 91' lang='lat' dir='ltr'>Bruto</span> <span class='ocrx_word' id='word_1_112' title='bbox 1074 906 1114 934; x_wconf 84' lang='lat'>32</span> <span class='ocrx_word' id='word_1_113' title='bbox 1129 901 1319 944; x_wconf 77' lang='lat' dir='ltr'>iratio&#39;res</span> <span class='ocrx_word' id='word_1_114' title='bbox 1340 913 1438 944; x_wconf 89' lang='lat' dir='ltr'>sunt</span> <span class='ocrx_word' id='word_1_115' title='bbox 1456 904 1516 956; x_wconf 88' lang='lat' dir='ltr'>hi,</span> 
     </span>
     <span class='ocr_line' id='line_1_15' title="bbox 88 960 1518 1018; baseline -0.002 -14"><span class='ocrx_word' id='word_1_116' title='bbox 88 963 161 1018; x_wconf 92' lang='lat' dir='ltr'>qui</span> <span class='ocrx_word' id='word_1_117' title='bbox 185 963 227 1004; x_wconf 91' lang='lat' dir='ltr'>id</span> <span class='ocrx_word' id='word_1_118' title='bbox 249 962 411 1004; x_wconf 86' lang='lat' dir='ltr'>factum</span> <span class='ocrx_word' id='word_1_119' title='bbox 433 961 651 1012; x_wconf 81' lang='lat' dir='ltr'>dolebant,</span> <span class='ocrx_word' id='word_1_120' title='bbox 681 962 929 1016; x_wconf 88' lang='lat' dir='ltr'>quominus</span> <span class='ocrx_word' id='word_1_121' title='bbox 962 962 1016 1002; x_wconf 88' lang='lat' dir='ltr'>ab</span> <span class='ocrx_word' id='word_1_122' title='bbox 1049 975 1099 1001; x_wconf 92' lang='lat' dir='ltr'>eo</span> <span class='ocrx_word' id='word_1_123' title='bbox 1132 974 1222 1001; x_wconf 85' lang='lat' dir='ltr'>rem</span> <span class='ocrx_word' id='word_1_124' title='bbox 1255 960 1368 1001; x_wconf 85' lang='lat' dir='ltr'>illam</span> <span class='ocrx_word' id='word_1_125' title='bbox 1403 962 1518 1002; x_wconf 89' lang='lat' dir='ltr'>dice-</span> 
     </span>
     <span class='ocr_line' id='line_1_16' title="bbox 88 1019 1518 1074; baseline -0.001 -13"><span class='ocrx_word' id='word_1_126' title='bbox 88 1022 193 1061; x_wconf 86' lang='lat' dir='ltr'>bant</span> <span class='ocrx_word' id='word_1_127' title='bbox 216 1020 305 1061; x_wconf 88' lang='lat' dir='ltr'>fieri</span> <span class='ocrx_word' id='word_1_128' title='bbox 328 1019 538 1061; x_wconf 83' lang='lat' dir='ltr'>debuisse.</span> <span class='ocrx_word' id='word_1_129' title='bbox 600 1019 716 1066; x_wconf 85' lang='lat' dir='ltr'>Quid</span> <span class='ocrx_word' id='word_1_130' title='bbox 751 1033 855 1074; x_wconf 81' lang='lat' dir='ltr'>ergo</span> <span class='ocrx_word' id='word_1_131' title='bbox 879 1033 990 1059; x_wconf 88' lang='lat' dir='ltr'>nunc</span> <span class='ocrx_word' id='word_1_132' title='bbox 1024 1026 1159 1073; x_wconf 85' lang='lat' dir='ltr'>agunt</span> <span class='ocrx_word' id='word_1_133' title='bbox 1193 1027 1258 1058; x_wconf 88' lang='lat' dir='ltr'>tot</span> <span class='ocrx_word' id='word_1_134' title='bbox 1288 1019 1518 1069; x_wconf 86' lang='lat' dir='ltr'>exercitus,</span> 
     </span>
     <span class='ocr_line' id='line_1_17' title="bbox 86 1075 1519 1121; baseline -0.001 -5"><span class='ocrx_word' id='word_1_135' title='bbox 86 1077 169 1118; x_wconf 88' lang='lat' dir='ltr'>nisi</span> <span class='ocrx_word' id='word_1_136' title='bbox 192 1085 238 1118; x_wconf 89' lang='lat' dir='ltr'>ut</span> <span class='ocrx_word' id='word_1_137' title='bbox 260 1077 485 1118; x_wconf 86' lang='lat' dir='ltr'>obsidione</span> <span class='ocrx_word' id='word_1_138' title='bbox 506 1076 563 1118; x_wconf 93' lang='lat' dir='ltr'>D.</span> <span class='ocrx_word' id='word_1_139' title='bbox 584 1076 743 1117; x_wconf 90' lang='lat' dir='ltr'>Brutus</span> <span class='ocrx_word' id='word_1_140' title='bbox 764 1075 994 1116; x_wconf 86' lang='lat' dir='ltr'>liberetur?</span> <span class='ocrx_word' id='word_1_141' title='bbox 1027 1075 1115 1121; x_wconf 82' lang='lat' dir='ltr'>Qui</span> <span class='ocrx_word' id='word_1_142' title='bbox 1138 1082 1280 1115; x_wconf 84' lang='lat' dir='ltr'>autem</span> <span class='ocrx_word' id='word_1_143' title='bbox 1301 1075 1376 1116; x_wconf 84' lang='lat' dir='ltr'>hos</span> <span class='ocrx_word' id='word_1_144' title='bbox 1397 1089 1519 1116; x_wconf 84' lang='lat' dir='ltr'>exer-</span> 
     </span>
     <span class='ocr_line' id='line_1_18' title="bbox 88 1131 1517 1188; baseline -0.001 -14"><span class='ocrx_word' id='word_1_145' title='bbox 88 1134 200 1175; x_wconf 89' lang='lat' dir='ltr'>citus</span> <span class='ocrx_word' id='word_1_146' title='bbox 233 1134 423 1175; x_wconf 90' lang='lat' dir='ltr'>ducunt?</span> <span class='ocrx_word' id='word_1_147' title='bbox 454 1132 514 1184; x_wconf 86' lang='lat' dir='ltr'>hi,</span> <span class='ocrx_word' id='word_1_148' title='bbox 547 1133 689 1185; x_wconf 87' lang='lat' dir='ltr'>credo,</span> <span class='ocrx_word' id='word_1_149' title='bbox 711 1135 783 1188; x_wconf 91' lang='lat' dir='ltr'>qui</span> <span class='ocrx_word' id='word_1_150' title='bbox 823 1132 874 1174; x_wconf 90' lang='lat' dir='ltr'>C.</span> <span class='ocrx_word' id='word_1_151' title='bbox 912 1131 1094 1173; x_wconf 83' lang='lat' dir='ltr'>Caesaris</span> <span class='ocrx_word' id='word_1_152' title='bbox 1134 1145 1198 1171; x_wconf 86' lang='lat' dir='ltr'>res</span> <span class='ocrx_word' id='word_1_153' title='bbox 1231 1141 1347 1173; x_wconf 83' lang='lat' dir='ltr'>actas</span> <span class='ocrx_word' id='word_1_154' title='bbox 1369 1133 1517 1182; x_wconf 88' lang='lat' dir='ltr'>everti,</span> 
     </span>
     <span class='ocr_line' id='line_1_19' title="bbox 89 1183 1564 1246; baseline -0.002 -14"><span class='ocrx_word' id='word_1_155' title='bbox 89 1191 164 1245; x_wconf 90' lang='lat' dir='ltr'>qui</span> <span class='ocrx_word' id='word_1_156' title='bbox 185 1206 357 1232; x_wconf 85' lang='lat' dir='ltr'>causam</span> <span class='ocrx_word' id='word_1_157' title='bbox 393 1199 690 1232; x_wconf 84' lang='lat' dir='ltr'>veteranorum</span> <span class='ocrx_word' id='word_1_158' title='bbox 725 1190 847 1246; x_wconf 88' lang='lat' dir='ltr'>prodi</span> <span class='ocrx_word' id='word_1_159' title='bbox 868 1188 1031 1231; x_wconf 89' lang='lat' dir='ltr'>volunt.</span> <span class='ocrx_word' id='word_1_160' title='bbox 1092 1188 1137 1228; x_wconf 84' lang='lat' dir='ltr'>Si</span> <span class='ocrx_word' id='word_1_161' title='bbox 1169 1188 1259 1244; x_wconf 88' lang='lat' dir='ltr'>ipse</span> <span class='ocrx_word' id='word_1_162' title='bbox 1281 1190 1442 1231; x_wconf 89' lang='lat' dir='ltr'>viveret</span> <span class='ocrx_word' id='word_1_163' title='bbox 1464 1189 1515 1231; x_wconf 89' lang='lat' dir='ltr'>C.</span> <span class='ocrx_word' id='word_1_164' title='bbox 1531 1183 1564 1229; x_wconf 88' lang='lat'>8</span> 
     </span>
     <span class='ocr_line' id='line_1_20' title="bbox 91 1246 1583 1301; baseline -0.001 -13"><span class='ocrx_word' id='word_1_165' title='bbox 91 1246 252 1298; x_wconf 84' lang='lat' dir='ltr'>Caesar,</span> <span class='ocrx_word' id='word_1_166' title='bbox 271 1248 425 1298; x_wconf 89' lang='lat' dir='ltr'>acrius,</span> <span class='ocrx_word' id='word_1_167' title='bbox 444 1248 586 1299; x_wconf 90' lang='lat' dir='ltr'>credo,</span> <span class='ocrx_word' id='word_1_168' title='bbox 607 1257 704 1290; x_wconf 88' lang='lat' dir='ltr'>acta</span> <span class='ocrx_word' id='word_1_169' title='bbox 722 1262 797 1288; x_wconf 87' lang='lat' dir='ltr'>sua</span> <span class='ocrx_word' id='word_1_170' title='bbox 817 1246 1078 1296; x_wconf 88' lang='lat' dir='ltr'>defenderet,</span> <span class='ocrx_word' id='word_1_171' title='bbox 1101 1259 1230 1301; x_wconf 86' lang='lat' dir='ltr'>quam</span> <span class='ocrx_word' id='word_1_172' title='bbox 1254 1246 1317 1287; x_wconf 90' lang='lat' dir='ltr'>vir</span> <span class='ocrx_word' id='word_1_173' title='bbox 1338 1246 1518 1287; x_wconf 86' lang='lat' dir='ltr'>fortissi-</span> <span class='ocrx_word' id='word_1_174' title='bbox 1534 1254 1583 1287; x_wconf 86' lang='grc'>16</span> 
     </span>
     <span class='ocr_line' id='line_1_21' title="bbox 88 1303 1522 1360; baseline -0.001 -15"><span class='ocrx_word' id='word_1_175' title='bbox 88 1320 184 1346; x_wconf 85' lang='lat' dir='ltr'>mus</span> <span class='ocrx_word' id='word_1_176' title='bbox 205 1305 399 1346; x_wconf 85' lang='lat' dir='ltr'>defendit</span> <span class='ocrx_word' id='word_1_177' title='bbox 421 1303 616 1348; x_wconf 89' lang='lat' dir='ltr'>Hirtius:</span> <span class='ocrx_word' id='word_1_178' title='bbox 649 1315 722 1346; x_wconf 83' lang='lat' dir='ltr'>aut</span> <span class='ocrx_word' id='word_1_179' title='bbox 751 1304 928 1345; x_wconf 84' lang='lat' dir='ltr'>amicior</span> <span class='ocrx_word' id='word_1_180' title='bbox 948 1317 1088 1344; x_wconf 88' lang='lat' dir='ltr'>causae</span> <span class='ocrx_word' id='word_1_181' title='bbox 1123 1303 1345 1358; x_wconf 84' lang='lat' dir='ltr'>quisquam</span> <span class='ocrx_word' id='word_1_182' title='bbox 1379 1313 1522 1360; x_wconf 87' lang='lat' dir='ltr'>potest</span> 
     </span>
     <span class='ocr_line' id='line_1_22' title="bbox 91 1359 1522 1417; baseline -0.001 -14"><span class='ocrx_word' id='word_1_183' title='bbox 91 1362 289 1413; x_wconf 86' lang='lat' dir='ltr'>inveniri,</span> <span class='ocrx_word' id='word_1_184' title='bbox 310 1376 438 1417; x_wconf 84' lang='lat' dir='ltr'>quam</span> <span class='ocrx_word' id='word_1_185' title='bbox 465 1362 602 1404; x_wconf 88' lang='lat' dir='ltr'>filius?</span> <span class='ocrx_word' id='word_1_186' title='bbox 633 1361 693 1402; x_wconf 81' lang='lat' dir='ltr'>At</span> <span class='ocrx_word' id='word_1_187' title='bbox 722 1362 875 1403; x_wconf 89' lang='lat' dir='ltr'>horum</span> <span class='ocrx_word' id='word_1_188' title='bbox 908 1361 1028 1411; x_wconf 87' lang='lat' dir='ltr'>alter,</span> <span class='ocrx_word' id='word_1_189' title='bbox 1057 1359 1247 1401; x_wconf 88' lang='lat' dir='ltr'>nondum</span> <span class='ocrx_word' id='word_1_190' title='bbox 1273 1375 1329 1401; x_wconf 83' lang='lat' dir='ltr'>ex</span> <span class='ocrx_word' id='word_1_191' title='bbox 1350 1360 1522 1417; x_wconf 84' lang='lat' dir='ltr'>longin-</span> 
     </span>
     <span class='ocr_line' id='line_1_23' title="bbox 91 1417 1522 1475; baseline 0 -16"><span class='ocrx_word' id='word_1_192' title='bbox 91 1419 257 1474; x_wconf 86' lang='lat' dir='ltr'>quitate</span> <span class='ocrx_word' id='word_1_193' title='bbox 278 1419 516 1475; x_wconf 81' lang='lat' dir='ltr'>gravissimi</span> <span class='ocrx_word' id='word_1_194' title='bbox 540 1420 678 1460; x_wconf 91' lang='lat' dir='ltr'>morbi</span> <span class='ocrx_word' id='word_1_195' title='bbox 705 1429 930 1469; x_wconf 80' lang='lat' dir='ltr'>recreatus,</span> <span class='ocrx_word' id='word_1_196' title='bbox 948 1417 1156 1473; x_wconf 84' lang='lat' dir='ltr'>quidquid</span> <span class='ocrx_word' id='word_1_197' title='bbox 1181 1417 1331 1458; x_wconf 83' lang='lat' dir='ltr'>habuit</span> <span class='ocrx_word' id='word_1_198' title='bbox 1353 1417 1522 1469; x_wconf 88' lang='lat' dir='ltr'>virium,</span> 
     </span>
     <span class='ocr_line' id='line_1_24' title="bbox 91 1473 1523 1529; baseline 0 -13"><span class='ocrx_word' id='word_1_199' title='bbox 91 1476 138 1517; x_wconf 88' lang='lat' dir='ltr'>id</span> <span class='ocrx_word' id='word_1_200' title='bbox 159 1476 203 1516; x_wconf 91' lang='lat' dir='ltr'>in</span> <span class='ocrx_word' id='word_1_201' title='bbox 226 1490 372 1517; x_wconf 90' lang='lat' dir='ltr'>eorum</span> <span class='ocrx_word' id='word_1_202' title='bbox 409 1477 649 1518; x_wconf 89' lang='lat' dir='ltr'>libertatem</span> <span class='ocrx_word' id='word_1_203' title='bbox 682 1475 993 1517; x_wconf 84' lang='lat' dir='ltr'>defendendam</span> <span class='ocrx_word' id='word_1_204' title='bbox 1023 1473 1220 1524; x_wconf 85' lang='lat' dir='ltr'>contulit,</span> <span class='ocrx_word' id='word_1_205' title='bbox 1243 1489 1424 1529; x_wconf 88' lang='lat' dir='ltr'>quorum</span> <span class='ocrx_word' id='word_1_206' title='bbox 1449 1490 1523 1516; x_wconf 92' lang='lat' dir='ltr'>vo-</span> 
     </span>
     <span class='ocr_line' id='line_1_25' title="bbox 92 1531 1522 1589; baseline 0 -16"><span class='ocrx_word' id='word_1_207' title='bbox 92 1532 377 1589; x_wconf 83' lang='lat' dir='ltr'>tisjudicavit</span> <span class='ocrx_word' id='word_1_208' title='bbox 410 1547 453 1574; x_wconf 90' lang='lat' dir='ltr'>se</span> <span class='ocrx_word' id='word_1_209' title='bbox 482 1549 507 1574; x_wconf 85' lang='lat' dir='ltr'>a</span> <span class='ocrx_word' id='word_1_210' title='bbox 539 1542 675 1574; x_wconf 85' lang='lat' dir='ltr'>morte</span> <span class='ocrx_word' id='word_1_211' title='bbox 709 1542 984 1574; x_wconf 86' lang='lat' dir='ltr'>revocatum:</span> <span class='ocrx_word' id='word_1_212' title='bbox 1024 1531 1128 1572; x_wconf 85' lang='lat' dir='ltr'>alter</span> <span class='ocrx_word' id='word_1_213' title='bbox 1163 1532 1332 1572; x_wconf 70' lang='lat' dir='ltr'>virturis</span> <span class='ocrx_word' id='word_1_214' title='bbox 1367 1534 1522 1573; x_wconf 88' lang='lat' dir='ltr'>robore</span> 
     </span>
     <span class='ocr_line' id='line_1_26' title="bbox 93 1589 1522 1645; baseline 0 -15"><span class='ocrx_word' id='word_1_215' title='bbox 93 1589 271 1640; x_wconf 84' lang='lat' dir='ltr'>firmior,</span> <span class='ocrx_word' id='word_1_216' title='bbox 293 1605 422 1644; x_wconf 86' lang='lat' dir='ltr'>quam</span> <span class='ocrx_word' id='word_1_217' title='bbox 455 1591 610 1641; x_wconf 84' lang='lat' dir='ltr'>aetatis,</span> <span class='ocrx_word' id='word_1_218' title='bbox 632 1605 729 1632; x_wconf 90' lang='lat' dir='ltr'>cum</span> <span class='ocrx_word' id='word_1_219' title='bbox 765 1590 856 1631; x_wconf 86' lang='lat' dir='ltr'>istis</span> <span class='ocrx_word' id='word_1_220' title='bbox 887 1589 989 1645; x_wconf 83' lang='lat' dir='ltr'>ipsis</span> <span class='ocrx_word' id='word_1_221' title='bbox 1013 1589 1222 1630; x_wconf 88' lang='lat' dir='ltr'>veteranis</span> <span class='ocrx_word' id='word_1_222' title='bbox 1255 1589 1306 1630; x_wconf 88' lang='lat' dir='ltr'>ad</span> <span class='ocrx_word' id='word_1_223' title='bbox 1332 1589 1387 1630; x_wconf 89' lang='lat' dir='ltr'>D.</span> <span class='ocrx_word' id='word_1_224' title='bbox 1414 1590 1522 1630; x_wconf 89' lang='lat' dir='ltr'>Bru-</span> 
     </span>
     <span class='ocr_line' id='line_1_27' title="bbox 94 1646 1522 1703; baseline 0.001 -16"><span class='ocrx_word' id='word_1_225' title='bbox 94 1655 186 1688; x_wconf 89' lang='lat' dir='ltr'>tum</span> <span class='ocrx_word' id='word_1_226' title='bbox 208 1647 475 1688; x_wconf 75' lang='lat' dir='ltr'>liberandum</span> <span class='ocrx_word' id='word_1_227' title='bbox 495 1657 560 1689; x_wconf 87' lang='lat' dir='ltr'>est</span> <span class='ocrx_word' id='word_1_228' title='bbox 583 1647 815 1703; x_wconf 81' lang='lat' dir='ltr'>profectus,</span> <span class='ocrx_word' id='word_1_229' title='bbox 864 1647 1004 1703; x_wconf 81' lang='lat' dir='ltr'>Igitur</span> <span class='ocrx_word' id='word_1_230' title='bbox 1026 1646 1084 1687; x_wconf 92' lang='lat' dir='ltr'>illi</span> <span class='ocrx_word' id='word_1_231' title='bbox 1107 1646 1348 1697; x_wconf 85' lang='lat' dir='ltr'>certissimi,</span> <span class='ocrx_word' id='word_1_232' title='bbox 1371 1647 1522 1688; x_wconf 89' lang='lat' dir='ltr'>iidem-</span> 
     </span>
     <span class='ocr_line' id='line_1_28' title="bbox 93 1702 1523 1760; baseline 0.001 -16"><span class='ocrx_word' id='word_1_233' title='bbox 93 1718 176 1759; x_wconf 89' lang='lat' dir='ltr'>que</span> <span class='ocrx_word' id='word_1_234' title='bbox 197 1704 392 1745; x_wconf 84' lang='lat' dir='ltr'>acerrimi</span> <span class='ocrx_word' id='word_1_235' title='bbox 423 1705 607 1745; x_wconf 86' lang='lat' dir='ltr'>Caesaris</span> <span class='ocrx_word' id='word_1_236' title='bbox 639 1713 832 1745; x_wconf 86' lang='lat' dir='ltr'>actorum</span> <span class='ocrx_word' id='word_1_237' title='bbox 855 1703 1040 1760; x_wconf 88' lang='lat' dir='ltr'>patroni,</span> <span class='ocrx_word' id='word_1_238' title='bbox 1065 1717 1141 1759; x_wconf 90' lang='lat' dir='ltr'>pro</span> <span class='ocrx_word' id='word_1_239' title='bbox 1167 1702 1223 1744; x_wconf 93' lang='lat' dir='ltr'>D.</span> <span class='ocrx_word' id='word_1_240' title='bbox 1242 1703 1365 1744; x_wconf 87' lang='lat' dir='ltr'>Bruti</span> <span class='ocrx_word' id='word_1_241' title='bbox 1389 1704 1523 1745; x_wconf 86' lang='lat' dir='ltr'>salute</span> 
     </span>
     <span class='ocr_line' id='line_1_29' title="bbox 91 1760 1610 1817; baseline 0.001 -16"><span class='ocrx_word' id='word_1_242' title='bbox 91 1760 251 1802; x_wconf 89' lang='lat' dir='ltr'>bellum</span> <span class='ocrx_word' id='word_1_243' title='bbox 272 1771 452 1816; x_wconf 86' lang='lat' dir='ltr'>gerunt:</span> <span class='ocrx_word' id='word_1_244' title='bbox 485 1776 591 1817; x_wconf 91' lang='lat' dir='ltr'>quos</span> <span class='ocrx_word' id='word_1_245' title='bbox 620 1762 806 1803; x_wconf 82' lang='lat' dir='ltr'>veterani</span> <span class='ocrx_word' id='word_1_246' title='bbox 831 1771 1080 1817; x_wconf 86' lang='lat' dir='ltr'>sequuntur.</span> <span class='ocrx_word' id='word_1_247' title='bbox 1115 1760 1167 1801; x_wconf 89' lang='lat' dir='ltr'>de</span> <span class='ocrx_word' id='word_1_248' title='bbox 1188 1761 1388 1801; x_wconf 84' lang='lat' dir='ltr'>libertate</span> <span class='ocrx_word' id='word_1_249' title='bbox 1407 1763 1520 1802; x_wconf 89' lang='lat' dir='ltr'>enim</span> <span class='ocrx_word' id='word_1_250' title='bbox 1533 1777 1564 1807; x_wconf 87' lang='lat' dir='ltr'>p.</span> <span class='ocrx_word' id='word_1_251' title='bbox 1581 1768 1610 1798; x_wconf 56' lang='lat'>‘2‘</span> 
     </span>
     <span class='ocr_line' id='line_1_30' title="bbox 93 1817 1563 1874; baseline 0.001 -16"><span class='ocrx_word' id='word_1_252' title='bbox 93 1818 242 1874; x_wconf 85' lang='lat' dir='ltr'>populi</span> <span class='ocrx_word' id='word_1_253' title='bbox 277 1819 479 1869; x_wconf 84' lang='lat' dir='ltr'>Romani,</span> <span class='ocrx_word' id='word_1_254' title='bbox 511 1834 597 1860; x_wconf 89' lang='lat' dir='ltr'>non</span> <span class='ocrx_word' id='word_1_255' title='bbox 630 1820 682 1859; x_wconf 87' lang='lat' dir='ltr'>de</span> <span class='ocrx_word' id='word_1_256' title='bbox 717 1819 802 1859; x_wconf 87' lang='lat' dir='ltr'>suis</span> <span class='ocrx_word' id='word_1_257' title='bbox 837 1818 1091 1868; x_wconf 88' lang='lat' dir='ltr'>commodis,</span> <span class='ocrx_word' id='word_1_258' title='bbox 1124 1817 1252 1858; x_wconf 81' lang='lat' dir='ltr'>armis</span> <span class='ocrx_word' id='word_1_259' title='bbox 1292 1818 1563 1860; x_wconf 72' lang='lat' dir='ltr'>decernen-a·</span> 
     </span>
     <span class='ocr_line' id='line_1_31' title="bbox 95 1874 1584 1932; baseline -0.001 -14"><span class='ocrx_word' id='word_1_260' title='bbox 95 1875 199 1918; x_wconf 87' lang='lat' dir='ltr'>dum</span> <span class='ocrx_word' id='word_1_261' title='bbox 221 1875 380 1917; x_wconf 80' lang='lat' dir='ltr'>vident.</span> <span class='ocrx_word' id='word_1_262' title='bbox 415 1876 532 1923; x_wconf 83' lang='lat' dir='ltr'>Quid</span> <span class='ocrx_word' id='word_1_263' title='bbox 556 1887 620 1917; x_wconf 86' lang='lat' dir='ltr'>est</span> <span class='ocrx_word' id='word_1_264' title='bbox 642 1876 788 1932; x_wconf 83' lang='lat' dir='ltr'>igitur,</span> <span class='ocrx_word' id='word_1_265' title='bbox 810 1891 885 1917; x_wconf 90' lang='lat' dir='ltr'>cur</span> <span class='ocrx_word' id='word_1_266' title='bbox 907 1876 972 1926; x_wconf 85' lang='lat' dir='ltr'>iis,</span> <span class='ocrx_word' id='word_1_267' title='bbox 996 1875 1068 1931; x_wconf 90' lang='lat' dir='ltr'>qui</span> <span class='ocrx_word' id='word_1_268' title='bbox 1094 1874 1151 1916; x_wconf 93' lang='lat' dir='ltr'>D.</span> <span class='ocrx_word' id='word_1_269' title='bbox 1176 1875 1358 1916; x_wconf 86' lang='lat' dir='ltr'>Brutum</span> <span class='ocrx_word' id='word_1_270' title='bbox 1383 1877 1521 1917; x_wconf 88' lang='lat' dir='ltr'>omni·</span> <span class='ocrx_word' id='word_1_271' title='bbox 1537 1889 1584 1927; x_wconf 82' lang='lat'>17</span> 
     </span>
     <span class='ocr_line' id='line_1_32' title="bbox 95 1932 1521 1988; baseline 0.001 -16"><span class='ocrx_word' id='word_1_272' title='bbox 95 1932 176 1973; x_wconf 90' lang='lat' dir='ltr'>bus</span> <span class='ocrx_word' id='word_1_273' title='bbox 199 1933 352 1988; x_wconf 90' lang='lat' dir='ltr'>opibus</span> <span class='ocrx_word' id='word_1_274' title='bbox 374 1942 671 1974; x_wconf 83' lang='lat' dir='ltr'>conservatum</span> <span class='ocrx_word' id='word_1_275' title='bbox 693 1933 841 1984; x_wconf 89' lang='lat' dir='ltr'>velint,</span> <span class='ocrx_word' id='word_1_276' title='bbox 862 1933 929 1974; x_wconf 88' lang='lat' dir='ltr'>M.</span> <span class='ocrx_word' id='word_1_277' title='bbox 945 1932 1067 1973; x_wconf 85' lang='lat' dir='ltr'>Bruti</span> <span class='ocrx_word' id='word_1_278' title='bbox 1087 1932 1142 1972; x_wconf 91' lang='lat' dir='ltr'>sit</span> <span class='ocrx_word' id='word_1_279' title='bbox 1164 1943 1386 1988; x_wconf 83' lang='lat' dir='ltr'>suspectus</span> <span class='ocrx_word' id='word_1_280' title='bbox 1400 1948 1521 1974; x_wconf 74' lang='lat' dir='ltr'>exer-</span> 
     </span>
     <span class='ocr_line' id='line_1_33' title="bbox 94 1989 1520 2045; baseline 0.001 -16"><span class='ocrx_word' id='word_1_281' title='bbox 94 1989 233 2031; x_wconf 81' lang='lat' dir='ltr'>citus?</span> <span class='ocrx_word' id='word_1_282' title='bbox 263 1989 334 2031; x_wconf 88' lang='lat' dir='ltr'>An</span> <span class='ocrx_word' id='word_1_283' title='bbox 357 2004 470 2042; x_wconf 89' lang='lat' dir='ltr'>vero,</span> <span class='ocrx_word' id='word_1_284' title='bbox 493 1990 526 2030; x_wconf 86' lang='lat' dir='ltr'>si</span> <span class='ocrx_word' id='word_1_285' title='bbox 549 1990 651 2045; x_wconf 90' lang='lat' dir='ltr'>quid</span> <span class='ocrx_word' id='word_1_286' title='bbox 684 1999 808 2041; x_wconf 86' lang='lat' dir='ltr'>esset,</span> <span class='ocrx_word' id='word_1_287' title='bbox 830 1990 945 2045; x_wconf 90' lang='lat' dir='ltr'>quod</span> <span class='ocrx_word' id='word_1_288' title='bbox 976 2000 1001 2030; x_wconf 85' lang='lat' dir='ltr'>a·</span> <span class='ocrx_word' id='word_1_289' title='bbox 1023 1989 1090 2030; x_wconf 88' lang='lat' dir='ltr'>M.</span> <span class='ocrx_word' id='word_1_290' title='bbox 1124 1989 1259 2030; x_wconf 90' lang='lat' dir='ltr'>Bruto</span> <span class='ocrx_word' id='word_1_291' title='bbox 1283 1990 1520 2032; x_wconf 84' lang='lat' dir='ltr'>timendum</span> 
     </span>
     <span class='ocr_line' id='line_1_34' title="bbox 98 2045 1523 2098; baseline 0.001 -11"><span class='ocrx_word' id='word_1_292' title='bbox 98 2046 327 2097; x_wconf 89' lang='lat' dir='ltr'>videretur,</span> <span class='ocrx_word' id='word_1_293' title='bbox 350 2046 490 2088; x_wconf 87' lang='lat' dir='ltr'>Pausa</span> <span class='ocrx_word' id='word_1_294' title='bbox 523 2047 565 2088; x_wconf 91' lang='lat' dir='ltr'>id</span> <span class='ocrx_word' id='word_1_295' title='bbox 598 2061 683 2087; x_wconf 89' lang='lat' dir='ltr'>non</span> <span class='ocrx_word' id='word_1_296' title='bbox 706 2047 896 2088; x_wconf 84' lang='lat' dir='ltr'>videret?</span> <span class='ocrx_word' id='word_1_297' title='bbox 927 2056 1015 2098; x_wconf 83' lang='lat' dir='ltr'>aut,</span> <span class='ocrx_word' id='word_1_298' title='bbox 1040 2047 1073 2087; x_wconf 90' lang='lat' dir='ltr'>si</span> <span class='ocrx_word' id='word_1_299' title='bbox 1094 2045 1271 2098; x_wconf 85' lang='lat' dir='ltr'>videret,</span> <span class='ocrx_word' id='word_1_300' title='bbox 1293 2062 1377 2088; x_wconf 89' lang='lat' dir='ltr'>non</span> <span class='ocrx_word' id='word_1_301' title='bbox 1403 2047 1523 2089; x_wconf 84' lang='lat' dir='ltr'>labo-</span> 
     </span>
     <span class='ocr_line' id='line_1_35' title="bbox 96 2103 1522 2160; baseline 0.001 -16"><span class='ocrx_word' id='word_1_302' title='bbox 96 2106 233 2145; x_wconf 88' lang='lat' dir='ltr'>raret?</span> <span class='ocrx_word' id='word_1_303' title='bbox 261 2103 357 2159; x_wconf 85' lang='lat' dir='ltr'>quis</span> <span class='ocrx_word' id='word_1_304' title='bbox 389 2113 465 2144; x_wconf 83' lang='lat' dir='ltr'>aut</span> <span class='ocrx_word' id='word_1_305' title='bbox 495 2104 729 2160; x_wconf 84' lang='lat' dir='ltr'>sapientior</span> <span class='ocrx_word' id='word_1_306' title='bbox 769 2104 821 2144; x_wconf 86' lang='lat' dir='ltr'>ad</span> <span class='ocrx_word' id='word_1_307' title='bbox 852 2104 1146 2159; x_wconf 83' lang='lat' dir='ltr'>conjecturam</span> <span class='ocrx_word' id='word_1_308' title='bbox 1187 2118 1323 2145; x_wconf 85' lang='lat' dir='ltr'>rerum</span> <span class='ocrx_word' id='word_1_309' title='bbox 1357 2104 1522 2146; x_wconf 87' lang='lat' dir='ltr'>sutura—</span> 
     </span>
     <span class='ocr_line' id='line_1_36' title="bbox 96 2160 1523 2217; baseline 0.001 -15"><span class='ocrx_word' id='word_1_310' title='bbox 96 2164 220 2203; x_wconf 80' lang='lat' dir='ltr'>rum?</span> <span class='ocrx_word' id='word_1_311' title='bbox 251 2168 325 2201; x_wconf 86' lang='lat' dir='ltr'>aut</span> <span class='ocrx_word' id='word_1_312' title='bbox 346 2161 398 2202; x_wconf 84' lang='lat' dir='ltr'>ad</span> <span class='ocrx_word' id='word_1_313' title='bbox 422 2161 756 2217; x_wconf 83' lang='lat' dir='ltr'>propulsandum</span> <span class='ocrx_word' id='word_1_314' title='bbox 788 2171 949 2202; x_wconf 88' lang='lat' dir='ltr'>metum</span> <span class='ocrx_word' id='word_1_315' title='bbox 981 2160 1257 2217; x_wconf 82' lang='lat' dir='ltr'>diligentior?</span> <span class='ocrx_word' id='word_1_316' title='bbox 1287 2161 1421 2217; x_wconf 84' lang='lat' dir='ltr'>Atqui</span> <span class='ocrx_word' id='word_1_317' title='bbox 1445 2162 1523 2203; x_wconf 92' lang='lat' dir='ltr'>hu-</span> 
     </span>
     <span class='ocr_line' id='line_1_37' title="bbox 92 2218 1524 2274; baseline 0.001 -16"><span class='ocrx_word' id='word_1_318' title='bbox 92 2218 167 2274; x_wconf 83' lang='lat' dir='ltr'>jus</span> <span class='ocrx_word' id='word_1_319' title='bbox 188 2219 376 2258; x_wconf 87' lang='lat' dir='ltr'>animum</span> <span class='ocrx_word' id='word_1_320' title='bbox 402 2231 504 2273; x_wconf 83' lang='lat' dir='ltr'>erga</span> <span class='ocrx_word' id='word_1_321' title='bbox 537 2218 604 2259; x_wconf 92' lang='lat' dir='ltr'>M.</span> <span class='ocrx_word' id='word_1_322' title='bbox 633 2218 832 2269; x_wconf 86' lang='lat' dir='ltr'>Brutum,</span> <span class='ocrx_word' id='word_1_323' title='bbox 856 2219 1129 2273; x_wconf 89' lang='lat' dir='ltr'>studiumque</span> <span class='ocrx_word' id='word_1_324' title='bbox 1153 2218 1332 2259; x_wconf 84' lang='lat' dir='ltr'>vidistis.</span> <span class='ocrx_word' id='word_1_325' title='bbox 1363 2234 1524 2274; x_wconf 83' lang='lat' dir='ltr'>praece-</span> 
     </span>
     <span class='ocr_line' id='line_1_38' title="bbox 95 2275 1523 2332; baseline 0.001 -16"><span class='ocrx_word' id='word_1_326' title='bbox 95 2276 162 2332; x_wconf 89' lang='lat' dir='ltr'>pit</span> <span class='ocrx_word' id='word_1_327' title='bbox 182 2275 377 2316; x_wconf 81' lang='lat' dir='ltr'>oratione</span> <span class='ocrx_word' id='word_1_328' title='bbox 399 2288 487 2325; x_wconf 85' lang='lat' dir='ltr'>sua,</span> <span class='ocrx_word' id='word_1_329' title='bbox 510 2276 613 2331; x_wconf 90' lang='lat' dir='ltr'>quid</span> <span class='ocrx_word' id='word_1_330' title='bbox 635 2275 860 2317; x_wconf 84' lang='lat' dir='ltr'>decernere</span> <span class='ocrx_word' id='word_1_331' title='bbox 882 2290 959 2317; x_wconf 90' lang='lat' dir='ltr'>nos</span> <span class='ocrx_word' id='word_1_332' title='bbox 980 2276 1033 2316; x_wconf 87' lang='lat' dir='ltr'>de</span> <span class='ocrx_word' id='word_1_333' title='bbox 1066 2275 1217 2326; x_wconf 82' lang='lat' dir='ltr'>Bruto,</span> <span class='ocrx_word' id='word_1_334' title='bbox 1238 2276 1341 2331; x_wconf 88' lang='lat' dir='ltr'>quid</span> <span class='ocrx_word' id='word_1_335' title='bbox 1367 2277 1523 2318; x_wconf 88' lang='lat' dir='ltr'>sentire</span> 
     </span>
     <span class='ocr_line' id='line_1_39' title="bbox 94 2332 1522 2389; baseline 0.001 -16"><span class='ocrx_word' id='word_1_336' title='bbox 94 2342 336 2388; x_wconf 86' lang='lat' dir='ltr'>oporteret:</span> <span class='ocrx_word' id='word_1_337' title='bbox 385 2340 638 2387; x_wconf 87' lang='lat' dir='ltr'>tantumque</span> <span class='ocrx_word' id='word_1_338' title='bbox 672 2332 826 2384; x_wconf 86' lang='lat' dir='ltr'>abfuit,</span> <span class='ocrx_word' id='word_1_339' title='bbox 860 2342 909 2373; x_wconf 92' lang='lat' dir='ltr'>ut</span> <span class='ocrx_word' id='word_1_340' title='bbox 946 2332 1230 2389; x_wconf 87' lang='lat' dir='ltr'>periculosum</span> <span class='ocrx_word' id='word_1_341' title='bbox 1273 2333 1522 2388; x_wconf 69' lang='lat' dir='ltr'>reipublicae</span> 
     </span>
     <span class='ocr_line' id='line_1_40' title="bbox 96 2388 1523 2447; baseline 0.001 -17"><span class='ocrx_word' id='word_1_342' title='bbox 96 2388 164 2430; x_wconf 91' lang='lat' dir='ltr'>M.</span> <span class='ocrx_word' id='word_1_343' title='bbox 189 2390 312 2431; x_wconf 89' lang='lat' dir='ltr'>Bruti</span> <span class='ocrx_word' id='word_1_344' title='bbox 343 2399 513 2446; x_wconf 86' lang='lat' dir='ltr'>putaret</span> <span class='ocrx_word' id='word_1_345' title='bbox 543 2390 797 2440; x_wconf 85' lang='lat' dir='ltr'>exercitum,</span> <span class='ocrx_word' id='word_1_346' title='bbox 820 2398 868 2430; x_wconf 90' lang='lat' dir='ltr'>ut</span> <span class='ocrx_word' id='word_1_347' title='bbox 904 2390 946 2431; x_wconf 89' lang='lat' dir='ltr'>in</span> <span class='ocrx_word' id='word_1_348' title='bbox 979 2405 1030 2431; x_wconf 91' lang='lat' dir='ltr'>eo</span> <span class='ocrx_word' id='word_1_349' title='bbox 1066 2390 1356 2431; x_wconf 84' lang='lat' dir='ltr'>firmissimum</span> <span class='ocrx_word' id='word_1_350' title='bbox 1381 2391 1523 2447; x_wconf 86' lang='lat' dir='ltr'>reipu-</span> 
     </span>
     <span class='ocr_line' id='line_1_41' title="bbox 97 2446 1525 2504; baseline 0.003 -18"><span class='ocrx_word' id='word_1_351' title='bbox 97 2446 224 2488; x_wconf 85' lang='lat' dir='ltr'>blicae</span> <span class='ocrx_word' id='word_1_352' title='bbox 266 2446 513 2502; x_wconf 87' lang='lat' dir='ltr'>praesidium</span> <span class='ocrx_word' id='word_1_353' title='bbox 556 2456 598 2488; x_wconf 91' lang='lat' dir='ltr'>et</span> <span class='ocrx_word' id='word_1_354' title='bbox 640 2447 940 2502; x_wconf 84' lang='lat' dir='ltr'>gravissimum</span> <span class='ocrx_word' id='word_1_355' title='bbox 980 2457 1173 2504; x_wconf 84' lang='lat' dir='ltr'>poneret.</span> <span class='ocrx_word' id='word_1_356' title='bbox 1235 2447 1409 2489; x_wconf 87' lang='lat' dir='ltr'>Scilicet</span> <span class='ocrx_word' id='word_1_357' title='bbox 1441 2449 1525 2490; x_wconf 87' lang='lat' dir='ltr'>hoc</span> 
     </span>
     <span class='ocr_line' id='line_1_42' title="bbox 97 2503 1525 2562; baseline -0.001 -15"><span class='ocrx_word' id='word_1_358' title='bbox 97 2503 240 2547; x_wconf 85' lang='lat' dir='ltr'>Pansa</span> <span class='ocrx_word' id='word_1_359' title='bbox 260 2513 334 2546; x_wconf 85' lang='lat' dir='ltr'>aut</span> <span class='ocrx_word' id='word_1_360' title='bbox 355 2519 440 2546; x_wconf 89' lang='lat' dir='ltr'>non</span> <span class='ocrx_word' id='word_1_361' title='bbox 465 2504 581 2546; x_wconf 90' lang='lat' dir='ltr'>videt</span> <span class='ocrx_word' id='word_1_362' title='bbox 602 2504 766 2558; x_wconf 87' lang='lat' dir='ltr'>(hebeti</span> <span class='ocrx_word' id='word_1_363' title='bbox 789 2506 903 2546; x_wconf 92' lang='lat' dir='ltr'>enim</span> <span class='ocrx_word' id='word_1_364' title='bbox 926 2505 1100 2561; x_wconf 82' lang='lat' dir='ltr'>iugenio</span> <span class='ocrx_word' id='word_1_365' title='bbox 1123 2506 1206 2555; x_wconf 85' lang='lat' dir='ltr'>est)</span> <span class='ocrx_word' id='word_1_366' title='bbox 1229 2515 1304 2546; x_wconf 91' lang='lat' dir='ltr'>aut</span> <span class='ocrx_word' id='word_1_367' title='bbox 1327 2505 1525 2562; x_wconf 81' lang='lat' dir='ltr'>negligit.</span> 
     </span>
    </p>
   </div>
   <div class='ocr_carea' id='block_1_3' title="bbox 1609 1768 1619 1786">
    <p class='ocr_par' dir='ltr' id='par_1_4' title="bbox 1609 1768 1619 1786">
     <span class='ocr_line' id='line_1_43' title="bbox 1609 1768 1619 1786; textangle 90"><span class='ocrx_word' id='word_1_368' title='bbox 1609 1768 1619 1786; x_wconf 60' lang='lat' dir='ltr'>v</span> 
     </span>
    </p>
   </div>
   <div class='ocr_carea' id='block_1_4' title="bbox 1622 1770 1653 1798">
    <p class='ocr_par' dir='ltr' id='par_1_5' title="bbox 1622 1770 1653 1798">
     <span class='ocr_line' id='line_1_44' title="bbox 1622 1770 1653 1798; baseline 0 0"><span class='ocrx_word' id='word_1_369' title='bbox 1622 1770 1653 1798; x_wconf 67' lang='lat'>8.</span> 
     </span>
    </p>
   </div>
   <div class='ocr_carea' id='block_1_5' title="bbox 1603 1789 1618 1797">
    <p class='ocr_par' dir='ltr' id='par_1_6' title="bbox 1603 1789 1618 1797">
     <span class='ocr_line' id='line_1_45' title="bbox 1603 1789 1618 1797; textangle 90"><span class='ocrx_word' id='word_1_370' title='bbox 1603 1789 1618 1797; x_wconf 68' lang='lat' dir='ltr'>k</span> 
     </span>
    </p>
   </div>
   <div class='ocr_carea' id='block_1_6' title="bbox 91 2650 1522 2903">
    <p class='ocr_par' dir='ltr' id='par_1_7' title="bbox 91 2650 1521 2775">
     <span class='ocr_line' id='line_1_46' title="bbox 135 2650 1519 2692; baseline 0.002 -13"><span class='ocrx_word' id='word_1_371' title='bbox 135 2652 173 2680; x_wconf 90' lang='lat'>31</span> <span class='ocrx_word' id='word_1_372' title='bbox 197 2650 233 2680; x_wconf 80' lang='lat' dir='ltr'>in</span> <span class='ocrx_word' id='word_1_373' title='bbox 258 2660 286 2681; x_wconf 81' lang='lat' dir='ltr'>e.</span> <span class='ocrx_word' id='word_1_374' title='bbox 307 2660 409 2681; x_wconf 81' lang='lat' dir='ltr'>causa</span> <span class='ocrx_word' id='word_1_375' title='bbox 430 2651 592 2690; x_wconf 80' lang='lat' dir='ltr'>ponatur]</span> <span class='ocrx_word' id='word_1_376' title='bbox 618 2651 671 2682; x_wconf 87' lang='lat' dir='ltr'>Sic</span> <span class='ocrx_word' id='word_1_377' title='bbox 697 2655 785 2682; x_wconf 82' lang='lat' dir='ltr'>recte</span> <span class='ocrx_word' id='word_1_378' title='bbox 829 2652 862 2684; x_wconf 76' lang='grc' dir='ltr'>1ιί</span> <span class='ocrx_word' id='word_1_379' title='bbox 877 2661 934 2692; x_wconf 84' lang='lat' dir='ltr'>pro</span> <span class='ocrx_word' id='word_1_380' title='bbox 950 2653 974 2682; x_wconf 77' lang='lat' dir='ltr'>ii</span> <span class='ocrx_word' id='word_1_381' title='bbox 990 2652 1061 2682; x_wconf 88' lang='lat' dir='ltr'>dedi</span> <span class='ocrx_word' id='word_1_382' title='bbox 1076 2662 1093 2682; x_wconf 89' lang='lat' dir='ltr'>e</span> <span class='ocrx_word' id='word_1_383' title='bbox 1109 2652 1173 2683; x_wconf 88' lang='lat' dir='ltr'>Gu.</span> <span class='ocrx_word' id='word_1_384' title='bbox 1210 2651 1290 2681; x_wconf 89' lang='lat' dir='ltr'>Mox</span> <span class='ocrx_word' id='word_1_385' title='bbox 1304 2654 1339 2681; x_wconf 87' lang='lat' dir='ltr'>et</span> <span class='ocrx_word' id='word_1_386' title='bbox 1353 2660 1392 2680; x_wconf 88' lang='lat' dir='ltr'>ex</span> <span class='ocrx_word' id='word_1_387' title='bbox 1407 2650 1519 2682; x_wconf 87' lang='lat' dir='ltr'>eodem</span> 
     </span>
     <span class='ocr_line' id='line_1_47' title="bbox 92 2690 1520 2735; baseline 0.001 -13"><span class='ocrx_word' id='word_1_388' title='bbox 92 2690 169 2722; x_wconf 89' lang='lat' dir='ltr'>Vat.</span> <span class='ocrx_word' id='word_1_389' title='bbox 193 2692 292 2732; x_wconf 88' lang='lat' dir='ltr'>Vulg.</span> <span class='ocrx_word' id='word_1_390' title='bbox 320 2698 509 2733; x_wconf 73' lang='lat' dir='ltr'>reponatur.</span> <span class='ocrx_word' id='word_1_391' title='bbox 548 2703 614 2724; x_wconf 88' lang='lat' dir='ltr'>non</span> <span class='ocrx_word' id='word_1_392' title='bbox 635 2694 786 2733; x_wconf 65' lang='lat' dir='ltr'>jungunt</span> <span class='ocrx_word' id='word_1_393' title='bbox 828 2695 869 2723; x_wconf 77' lang='lat' dir='ltr'>ab</span> <span class='ocrx_word' id='word_1_394' title='bbox 896 2704 930 2724; x_wconf 83' lang='lat' dir='ltr'>eo</span> <span class='ocrx_word' id='word_1_395' title='bbox 959 2704 1018 2735; x_wconf 90' lang='lat' dir='ltr'>pro</span> <span class='ocrx_word' id='word_1_396' title='bbox 1040 2695 1080 2724; x_wconf 76' lang='lat' dir='ltr'>ab</span> <span class='ocrx_word' id='word_1_397' title='bbox 1106 2695 1180 2724; x_wconf 80' lang='lat' dir='ltr'>illo.-</span> <span class='ocrx_word' id='word_1_398' title='bbox 1203 2703 1300 2724; x_wconf 87' lang='lat' dir='ltr'>causa</span> <span class='ocrx_word' id='word_1_399' title='bbox 1326 2693 1360 2722; x_wconf 91' lang='lat' dir='ltr'>in</span> <span class='ocrx_word' id='word_1_400' title='bbox 1387 2698 1520 2732; x_wconf 86' lang='lat' dir='ltr'>promtu</span> 
     </span>
     <span class='ocr_line' id='line_1_48' title="bbox 91 2733 1521 2775; baseline 0.001 -11"><span class='ocrx_word' id='word_1_401' title='bbox 91 2733 206 2765; x_wconf 87' lang='lat' dir='ltr'>Latini</span> <span class='ocrx_word' id='word_1_402' title='bbox 219 2736 264 2765; x_wconf 86' lang='lat' dir='ltr'>sie</span> <span class='ocrx_word' id='word_1_403' title='bbox 277 2745 352 2766; x_wconf 86' lang='lat' dir='ltr'>cum</span> <span class='ocrx_word' id='word_1_404' title='bbox 365 2736 527 2773; x_wconf 73' lang='lat' dir='ltr'>incausa,</span> <span class='ocrx_word' id='word_1_405' title='bbox 540 2737 576 2766; x_wconf 80' lang='lat' dir='ltr'>in</span> <span class='ocrx_word' id='word_1_406' title='bbox 589 2745 735 2767; x_wconf 70' lang='lat' dir='ltr'>nurnero.</span> <span class='ocrx_word' id='word_1_407' title='bbox 829 2740 896 2767; x_wconf 81' lang='lat' dir='ltr'>est:</span> <span class='ocrx_word' id='word_1_408' title='bbox 920 2737 1001 2767; x_wconf 87' lang='lat' dir='ltr'>item</span> <span class='ocrx_word' id='word_1_409' title='bbox 1023 2737 1163 2767; x_wconf 79' lang='lat' dir='ltr'>debuisse</span> <span class='ocrx_word' id='word_1_410' title='bbox 1188 2745 1245 2775; x_wconf 85' lang='lat' dir='ltr'>pro</span> <span class='ocrx_word' id='word_1_411' title='bbox 1267 2735 1415 2766; x_wconf 78' lang='lat' dir='ltr'>decuisse.</span> <span class='ocrx_word' id='word_1_412' title='bbox 1461 2735 1521 2765; x_wconf 86' lang='lat' dir='ltr'>Ce-</span> 
     </span>
    </p>

    <p class='ocr_par' dir='ltr' id='par_1_8' title="bbox 92 2777 1522 2903">
     <span class='ocr_line' id='line_1_49' title="bbox 135 2777 1522 2818; baseline 0 -11"><span class='ocrx_word' id='word_1_413' title='bbox 135 2779 177 2807; x_wconf 87' lang='lat'>32</span> <span class='ocrx_word' id='word_1_414' title='bbox 198 2777 349 2808; x_wconf 72' lang='lat' dir='ltr'>iratiores</span> <span class='ocrx_word' id='word_1_415' title='bbox 374 2782 451 2810; x_wconf 78' lang='lat' dir='ltr'>sunt</span> <span class='ocrx_word' id='word_1_416' title='bbox 481 2778 528 2818; x_wconf 80' lang='lat' dir='ltr'>hi]</span> <span class='ocrx_word' id='word_1_417' title='bbox 568 2778 654 2808; x_wconf 70' lang='lat' dir='ltr'>Sunt</span> <span class='ocrx_word' id='word_1_418' title='bbox 677 2777 784 2808; x_wconf 86' lang='lat' dir='ltr'>addidi</span> <span class='ocrx_word' id='word_1_419' title='bbox 826 2782 935 2809; x_wconf 85' lang='lat' dir='ltr'>terum</span> <span class='ocrx_word' id='word_1_420' title='bbox 963 2788 1004 2809; x_wconf 87' lang='lat' dir='ltr'>ne</span> <span class='ocrx_word' id='word_1_421' title='bbox 1029 2779 1074 2809; x_wconf 87' lang='lat' dir='ltr'>sic</span> <span class='ocrx_word' id='word_1_422' title='bbox 1096 2777 1226 2818; x_wconf 86' lang='lat' dir='ltr'>quidem</span> <span class='ocrx_word' id='word_1_423' title='bbox 1245 2777 1355 2808; x_wconf 87' lang='lat' dir='ltr'>locum</span> <span class='ocrx_word' id='word_1_424' title='bbox 1371 2777 1449 2808; x_wconf 76' lang='lat' dir='ltr'>satis</span> <span class='ocrx_word' id='word_1_425' title='bbox 1464 2777 1522 2807; x_wconf 79' lang='lat' dir='ltr'>b·-</span> 
     </span>
     <span class='ocr_line' id='line_1_50' title="bbox 92 2818 1020 2862; baseline 0.004 -14"><span class='ocrx_word' id='word_1_426' title='bbox 92 2828 131 2848; x_wconf 84' lang='lat' dir='ltr'>ex</span> <span class='ocrx_word' id='word_1_427' title='bbox 160 2818 232 2851; x_wconf 87' lang='lat' dir='ltr'>edd.</span> <span class='ocrx_word' id='word_1_428' title='bbox 263 2829 311 2859; x_wconf 87' lang='lat' dir='ltr'>pr.</span> <span class='ocrx_word' id='word_1_429' title='bbox 341 2819 405 2850; x_wconf 87' lang='lat' dir='ltr'>Ms.</span> <span class='ocrx_word' id='word_1_430' title='bbox 435 2820 525 2854; x_wconf 55' lang='lat' dir='ltr'>Vat„</span> <span class='ocrx_word' id='word_1_431' title='bbox 543 2819 642 2850; x_wconf 85' lang='lat' dir='ltr'>habet</span> <span class='ocrx_word' id='word_1_432' title='bbox 669 2824 784 2857; x_wconf 72' lang='lat' dir='ltr'>erant.-</span> <span class='ocrx_word' id='word_1_433' title='bbox 827 2830 908 2853; x_wconf 90' lang='lat' dir='ltr'>num</span> <span class='ocrx_word' id='word_1_434' title='bbox 925 2826 1020 2862; x_wconf 78' lang='lat' dir='ltr'>puto.</span> 
     </span>
     <span class='ocr_line' id='line_1_51' title="bbox 92 2859 783 2903; baseline 0.006 -13"><span class='ocrx_word' id='word_1_435' title='bbox 92 2859 149 2891; x_wconf 72' lang='lat' dir='ltr'>sed</span> <span class='ocrx_word' id='word_1_436' title='bbox 175 2860 214 2893; x_wconf 89' lang='lat' dir='ltr'>de</span> <span class='ocrx_word' id='word_1_437' title='bbox 240 2863 395 2903; x_wconf 63' lang='lat' dir='ltr'>praesenti</span> <span class='ocrx_word' id='word_1_438' title='bbox 416 2868 565 2903; x_wconf 84' lang='lat' dir='ltr'>tempore</span> <span class='ocrx_word' id='word_1_439' title='bbox 590 2871 697 2893; x_wconf 82' lang='lat' dir='ltr'>sermo</span> <span class='ocrx_word' id='word_1_440' title='bbox 721 2869 783 2894; x_wconf 84' lang='lat' dir='ltr'>est.</span> 
     </span>
    </p>
   </div>
  </div>
 </body>
</html>
