1812 3147
610 85 726 124 PRO
756 85 799 123 P.
828 83 1031 123 SULLA.
1462 88 1540 126 799

102 190 217 233 idem
239 204 326 231 non
359 188 499 231 adfuit
520 188 636 229 4alio
660 190 701 229 in
720 189 905 245 judicio,
927 203 1025 230 cum
1060 185 1255 227 adessent
1286 188 1430 228 ceteri.
1493 187 1540 229 Si

103 257 254 304 postea
274 255 485 302 cognorat
514 245 605 301 ipse
625 245 802 301 aliquid,
823 246 938 301 quod
963 246 1005 286 in
1028 243 1251 284 consulatu
1274 244 1539 298 ignorasset:

107 305 416 360 ignoscendum
451 312 517 344 est
549 301 615 354 iis,
636 305 710 358 qui
743 313 893 359 postea
921 302 1029 343 niliil
1062 301 1302 341 audierunt.
1348 302 1412 341 sin
1437 302 1542 342 billa

106 376 171 402 res
193 362 331 417 prima
354 360 509 401 valuit:
541 375 627 400 non
659 361 908 410 inveterata,
928 373 1054 414 quam
1078 371 1240 407 recenS,
1281 357 1431 398 debuit
1448 372 1540 398 esse

105 418 290 474 gravior.
351 417 450 468 Sed,
474 417 508 458 si
532 426 629 458 tuus
652 432 804 473 parens
828 418 958 458 etiam
981 416 1024 456 in
1056 414 1126 455 illa
1153 414 1396 470 suspicione
1427 415 1539 469 peri—

102 475 187 516 culi
207 475 286 524 sui,
304 483 446 516 tamen
471 474 739 516 humanitate
760 475 970 515 adductus
998 471 1324 513 advocationem
1349 470 1536 511 hominis

99 532 411 587 improbissimi
434 531 535 572 sella
555 531 690 572 curuli
712 541 840 587 atque
862 529 1124 572 ornamentis
1147 538 1189 569 et
1209 529 1294 569 suis
1313 537 1357 568 et
1378 542 1535 568 consu-

100 587 212 630 latus
235 589 502 631 honestavit:
535 589 638 644 quid
660 599 738 640 est,
761 589 1043 644 quamobrem
1066 585 1326 637 consulares,
1349 585 1421 640 qui
1448 584 1533 625 Ca-

102 646 238 687 tilinae
272 646 517 697 adfuerunt,
547 647 936 702 reprehendantur?
973 644 1034 686 At
1065 644 1193 684 iidem
1226 643 1292 694 iis,
1325 642 1398 697 qui
1432 650 1592 684 ante82

102 702 220 745 hunc
262 718 435 745 causam
473 704 525 745 de
563 704 863 758 conjuratione
904 703 1121 752 dixerunt,
1163 715 1250 741 non
1286 699 1530 740 adfuerunt.

101 759 244 802 Tanto
266 761 422 802 scelere
442 761 657 802 adstrictis
681 761 943 810 hominibus,
967 767 1206 800 statuerunt
1226 756 1333 798 nihil
1349 771 1374 797 a
1392 770 1436 796 se
1458 756 1533 798 ad-

96 818 301 873 jumenti,
325 818 431 859 nihil
453 818 562 874 opis,
585 818 692 858 nihil
726 818 872 859 auxilii
906 817 1007 858 ferri
1029 827 1242 871 oportere.
1301 815 1460 870 Atque,
1484 823 1533 854 ut

101 876 157 916 de
177 889 322 916 eorum
348 875 591 917 constantia
612 885 741 931 atque
775 876 919 916 animo
953 875 996 915 in
1031 873 1340 929 rempublicam
1372 871 1530 922 dicam,

103 947 287 988 quorum
311 932 442 974 tacita
464 933 650 989 gravitas
673 943 716 973 et
747 932 851 973 fides
874 933 926 973 de
948 945 1208 986 unoquoque
1230 929 1434 984 loquitur,
1455 942 1529 969 ne·
1541 947 1572 976 p.
1594 938 1662 968 183.

101 1004 186 1045 que
207 990 462 1045 cujusquam
484 1001 736 1031 ornamenta
756 990 962 1031 orationis
984 989 1196 1029 desiderat
1214 1004 1223 1029 ε
1257 995 1399 1043 potest
1414 986 1531 1041 quis·
1542 990 1572 1011 a.

102 1062 232 1102 quam
250 1047 392 1088 dicere
406 1063 609 1103 umquam
630 1048 842 1099 meliores,
860 1046 1075 1098 fortiores,
1090 1044 1403 1086 constantiores
1426 1058 1531 1084 con-

104 1104 262 1146 sulares
301 1105 446 1156 fuisse,
487 1120 617 1160 quam
659 1106 710 1145 iis
743 1104 1010 1161 temporibus
1041 1114 1086 1144 et
1117 1102 1331 1159 periculis,
1374 1100 1531 1156 quibus

104 1176 228 1218 paene
251 1177 454 1218 oppressa
474 1173 538 1203 est
560 1162 828 1219 respublica?
853 1162 963 1209 Quis
979 1176 1064 1202 non
1083 1161 1135 1201 de
1156 1159 1375 1201 communi
1396 1158 1533 1199 salute

104 1219 387 1275 apertissime,
416 1220 511 1275 quis
540 1235 626 1261 non
664 1219 910 1271 fortissime,
935 1219 1029 1274 quis
1064 1233 1150 1259 non
1184 1216 1532 1259 constantissime

103 1278 262 1318 sensit?
295 1277 447 1333 Neque
470 1292 553 1334 ego
575 1279 794 1334 praecipue
814 1278 867 1317 de
893 1276 1188 1318 consularibus
1211 1275 1399 1330 disputo.
1432 1287 1533 1313 nam

104 1333 199 1376 haec
222 1344 265 1375 et
287 1334 513 1376 hominum
535 1335 923 1385 ornatissimorum,
946 1335 1019 1389 qui
1044 1342 1247 1389 praetores
1279 1332 1467 1379 fuerunt,
1490 1342 1534 1370 et

105 1391 291 1433 universi
321 1403 506 1442 senatus,
529 1393 771 1434 communis
805 1402 871 1433 est
900 1391 1015 1434 laus:
1050 1399 1095 1431 ut
1129 1400 1312 1440 constet,
1336 1397 1434 1444 post
1456 1388 1534 1428 ho-

105 1448 269 1490 minum
305 1450 557 1491 memoriam
588 1464 824 1505 numquam
856 1450 900 1490 in
934 1449 1006 1490 illo
1037 1448 1186 1489 ordine
1220 1447 1312 1502 plus
1349 1446 1533 1495 virtutis,

104 1505 200 1562 plus
223 1507 380 1548 amoris
414 1507 457 1548 in
491 1507 817 1563 rempublicam,
853 1506 946 1562 plus
983 1505 1207 1562 gravitatis
1241 1504 1387 1545 fuisse.
1450 1502 1535 1543 Sed

106 1563 208 1618 quia
231 1574 329 1605 sunt
342 1564 545 1620 descripti
561 1565 885 1615 consulares,de
907 1563 973 1604 his
987 1572 1155 1604 tantum
1173 1561 1280 1602 mihi
1303 1560 1534 1602 dicendum

103 1621 269 1676 putavi,
292 1622 406 1676 quod
431 1622 532 1662 satis
556 1631 682 1673 esset,
705 1622 970 1662 6attestante
999 1620 1208 1661 memoria
1228 1620 1437 1669 omnium,
1461 1632 1534 1658 ne-

101 1678 264 1719 minem
286 1693 377 1720 esse
398 1693 452 1720 ex
473 1679 545 1720 illo
569 1679 744 1720 honoris
768 1679 917 1735 gradu,
932 1679 1004 1734 qui
1028 1693 1113 1719 non
1129 1677 1248 1718 omni
1272 1677 1429 1726 studio,
1449 1675 1534 1715 vir-

106 1743 211 1786 tute,
229 1737 502 1788 auctoritate,
522 1737 766 1778 incubuerit
784 1737 835 1778 ad
851 1736 1162 1792 rempublicam
1178 1733 1532 1776 conservandam.

103 1792 186 1834 Sed
210 1794 338 1849 quid?
369 1808 466 1851 ego,
482 1794 555 1849 qui
572 1794 805 1835 Catilinam
826 1809 915 1835 non
932 1793 1120 1844 laudavi,
1137 1792 1210 1847 qui
1235 1806 1306 1832 reo
1331 1790 1531 1832 Catilinae
1544 1790 1618 1838 30

102 1851 253 1892 consul
275 1866 360 1892 non
383 1852 516 1902 adfui,
540 1852 613 1907 qui
648 1852 944 1893 testimonium
976 1852 1029 1892 de
1050 1849 1352 1906 conjuratione
1373 1848 1465 1888 dixi
1490 1847 1532 1887 in
1547 1864 1596 1896 &3

102 1907 224 1959 alios,
246 1909 409 1950 adeone
432 1910 554 1950 vobis
577 1909 740 1951 alienus
763 1925 788 1950 a
812 1909 1010 1961 sanitate,
1028 1908 1135 1949 adeo
1149 1907 1309 1947 oblitus
1332 1915 1535 1947 constan-

104 1965 177 2006 tiae
203 1966 444 2016 meae,adeo
468 1967 695 2008 immemor
717 1982 857 2008 rerum
880 1982 905 2007 a
925 1981 994 2008 me
1017 1975 1235 2022 gestarum
1258 1977 1350 2004 esse
1372 1963 1535 2013 videor,

104 2033 166 2073 ut,
181 2038 280 2064 cum
298 2024 448 2064 consul
467 2024 623 2066 bellum
639 2025 844 2081 gesserim
868 2039 966 2065 cum
983 2022 1235 2078 conjuratis,
1254 2035 1368 2062 nunc
1387 2034 1537 2060 eorum

105 2079 260 2122 ducem
290 2095 544 2122 conservare
576 2083 763 2138 cupiam,
797 2091 840 2123 et
873 2081 917 2122 in
952 2081 1143 2122 animum
1176 2079 1392 2128 inducam,
1415 2078 1539 2133 cujus

103 2150 240 2195 nuper
273 2136 434 2180 ferrum
473 2139 721 2190 retuderim,
767 2140 1073 2195 flammamque
1105 2136 1395 2188 restinxerim,
1426 2135 1541 2191 ejus-

143 2289 164 2318 4
185 2289 249 2317 alio
263 2287 444 2330 injudicio]
463 2289 548 2320 Cum
564 2289 651 2320 inter
665 2290 798 2321 sicarios
840 2299 903 2320 scr.
918 2292 952 2319 et
965 2288 1036 2319 edd.
1051 2289 1138 2319 inter
1151 2287 1237 2317 hane
1252 2285 1430 2316 lectionem
1445 2288 1480 2314 et
1495 2283 1543 2315 al·

102 2336 174 2360 reus
188 2335 283 2360 esset.
841 2337 946 2362 teram
959 2335 1170 2361 attestantem
1185 2329 1378 2359 memoriam
1391 2337 1419 2357 o.
1443 2336 1543 2366 quam

145 2375 163 2402 5
194 2374 255 2402 illa
289 2383 341 2403 res
362 2373 400 2403 de
418 2375 569 2413 pecuniis
595 2373 796 2415 repetundis]

101 2413 217 2444 Delevi
231 2425 306 2445 cum
322 2416 464 2453 Graevio,
487 2417 525 2447 de
534 2427 604 2457 pec.
619 2428 691 2458 rep.
715 2416 801 2456 quod

100 2464 171 2486 non
185 2460 234 2486 est
257 2458 291 2487 in
314 2459 395 2489 Mss.
422 2459 580 2498 plerisque
602 2466 637 2491 et
663 2459 734 2491 edd.
758 2459 800 2489 R.

102 2498 158 2529 ΒΓ.
176 2498 263 2529 Med.
277 2500 373 2531 Juut.
389 2501 463 2532 ΑΜ.
502 2501 561 2532 Est
576 2513 595 2532 a
610 2502 801 2542 glossatore.

103 2549 179 2571 nam
194 2542 232 2571 de
245 2552 312 2581 rep.
323 2552 360 2582 p.
383 2554 401 2574 e
423 2544 642 2584 superioribus
657 2543 799 2583 intelligi

102 2590 222 2622 potest,
236 2584 261 2613 si
276 2589 388 2615 tamen
402 2585 441 2616 de
455 2596 493 2616 ea
507 2596 604 2617 causa
616 2587 670 2617 hie
693 2596 800 2617 Sermo

99 2629 162 2661 est,
187 2635 246 2657 nec
269 2629 394 2666 patitur
417 2628 489 2658 addi
499 2630 625 2668 prima.
668 2630 731 2659 Sed
745 2628 802 2658 illa

102 2670 275 2706 vesprima
291 2678 356 2699 non
374 2670 413 2700 ad
437 2670 526 2700 illam
550 2682 681 2702 causam
698 2672 736 2702 de
753 2681 802 2701 re-

102 2710 255 2756 petundis
271 2712 438 2742 referenda
452 2712 591 2744 videtur.
629 2714 664 2744 P.
680 2714 799 2744 Manu-

101 2755 168 2779 tius
190 2751 228 2781 de
251 2754 475 2792 conjuratione
495 2757 602 2794 prima
628 2756 798 2796 intelligit.

99 2792 165 2838 Sed
179 2803 239 2832 ego
251 2794 359 2825 locum
374 2796 462 2826 hune
477 2806 545 2827 non
560 2798 722 2838 intellige.

143 2836 164 2864 6
190 2840 366 2868 attestante
388 2849 432 2870 m.
462 2840 622 2880 omnium]
661 2841 799 2871 Variant

843 2375 1003 2404 Gruterus
1025 2377 1156 2403 secutus
1171 2378 1230 2402 est.
1275 2371 1345 2410 Ego
1361 2379 1436 2399 cum
1452 2369 1542 2399 Grae-

843 2417 897 2447 vio
933 2416 1071 2447 alteram
1108 2414 1253 2456 praetuli,
1279 2413 1354 2452 quia
1388 2412 1543 2452 praecedit

844 2459 938 2495 mihi,
955 2468 1021 2488 non
1037 2468 1099 2488 me.
1128 2456 1309 2488 Lambinus
1324 2465 1341 2485 e
1354 2455 1545 2494 conjectura

845 2501 958 2538 edidit,
991 2501 1036 2530 ad
1069 2499 1256 2530 testandam
1291 2497 1485 2529 memoriam
1514 2506 1543 2526 ο.

842 2554 977 2582 eamque
993 2543 1176 2583 probabant
1188 2542 1218 2572 T
1220 2540 1362 2571 urnebus
1376 2542 1411 2568 et
1423 2538 1493 2574 alii,
1505 2542 1546 2568 ut

843 2586 1023 2616 Lambinus
1052 2585 1112 2621 ait,
1147 2584 1202 2623 qui
1238 2582 1314 2613 huic
1349 2580 1547 2611 correctioni

843 2629 936 2659 valde
962 2626 1109 2658 confidit.
1152 2626 1224 2656 Nec
1251 2629 1301 2655 est
1329 2633 1366 2654 ea
1395 2621 1545 2653 absurda.

845 2671 906 2701 Sed
923 2671 1001 2700 mihi
1017 2680 1068 2705 ea,
1090 2679 1187 2709 quam
1212 2667 1331 2707 recepi,
1353 2664 1482 2695 facilior
1499 2665 1546 2694 vi—

843 2713 949 2747 detur,
965 2713 1074 2742 lectio.
1118 2710 1239 2742 Reddit
1254 2710 1429 2744 rationem,
1446 2715 1545 2745 quare

842 2757 921 2785 satis
948 2754 1080 2785 dixerit:
1121 2763 1250 2793 nempe,
1281 2751 1356 2789 quia
1392 2749 1543 2778 omnium

842 2798 1003 2828 memoria
1014 2800 1168 2833 testatur,
1184 2804 1260 2825 vera
1271 2803 1352 2831 esse,
1366 2800 1440 2831 quae
1452 2790 1545 2821 dixit.

753 2888 881 2923 :302
