<?xml version="1.0" encoding="UTF-8"?>
<!DOCTYPE html PUBLIC "-//W3C//DTD XHTML 1.0 Transitional//EN"
    "http://www.w3.org/TR/xhtml1/DTD/xhtml1-transitional.dtd">
<html xmlns="http://www.w3.org/1999/xhtml" xml:lang="en" lang="en">
 <head>
  <title>
</title>
<meta http-equiv="Content-Type" content="text/html;charset=utf-8" />
  <meta name='ocr-system' content='tesseract 3.04.00' />
  <meta name='ocr-capabilities' content='ocr_page ocr_carea ocr_par ocr_line ocrx_word'/>
</head>
<body>
  <div class='ocr_page' id='page_1' title='image "./p2operaomnia02ciceuoft_0222.png"; bbox 0 0 1769 3174; ppageno 0'>
   <div class='ocr_carea' id='block_1_1' title="bbox 264 111 340 148">
    <p class='ocr_par' dir='ltr' id='par_1_1' title="bbox 264 111 340 148">
     <span class='ocr_line' id='line_1_1' title="bbox 264 111 340 148; baseline 0.039 -3"><span class='ocrx_word' id='word_1_1' title='bbox 264 111 340 148; x_wconf 71' lang='lat'>942</span> 
     </span>
    </p>
   </div>
   <div class='ocr_carea' id='block_1_2' title="bbox 855 113 1106 152">
    <p class='ocr_par' dir='ltr' id='par_1_2' title="bbox 855 113 1106 152">
     <span class='ocr_line' id='line_1_2' title="bbox 855 113 1106 152; baseline 0.004 -1"><span class='ocrx_word' id='word_1_2' title='bbox 855 113 1106 152; x_wconf 89' lang='lat' dir='ltr'>ORATIO</span> 
     </span>
    </p>
   </div>
   <div class='ocr_carea' id='block_1_3' title="bbox 202 208 1745 496">
    <p class='ocr_par' dir='ltr' id='par_1_3' title="bbox 202 208 1745 496">
     <span class='ocr_line' id='line_1_3' title="bbox 202 208 1745 274; baseline 0.007 -25"><span class='ocrx_word' id='word_1_3' title='bbox 202 217 253 249; x_wconf 83' lang='grc'>40</span> <span class='ocrx_word' id='word_1_4' title='bbox 268 214 387 253; x_wconf 86' lang='lat' dir='ltr'>mus?</span> <span class='ocrx_word' id='word_1_5' title='bbox 417 208 483 254; x_wconf 92' lang='lat' dir='ltr'>Tu</span> <span class='ocrx_word' id='word_1_6' title='bbox 505 213 666 271; x_wconf 81' lang='lat' dir='ltr'>deligas</span> <span class='ocrx_word' id='word_1_7' title='bbox 688 229 742 256; x_wconf 81' lang='lat' dir='ltr'>ex</span> <span class='ocrx_word' id='word_1_8' title='bbox 765 217 881 258; x_wconf 89' lang='lat' dir='ltr'>omni</span> <span class='ocrx_word' id='word_1_9' title='bbox 905 217 1064 274; x_wconf 88' lang='lat' dir='ltr'>populo</span> <span class='ocrx_word' id='word_1_10' title='bbox 1097 225 1170 258; x_wconf 84' lang='lat' dir='ltr'>aut</span> <span class='ocrx_word' id='word_1_11' title='bbox 1202 214 1362 258; x_wconf 79' lang='lat' dir='ltr'>amicos</span> <span class='ocrx_word' id='word_1_12' title='bbox 1394 222 1504 266; x_wconf 85' lang='lat' dir='ltr'>tuos,</span> <span class='ocrx_word' id='word_1_13' title='bbox 1526 223 1600 256; x_wconf 77' lang='lat' dir='ltr'>aut</span> <span class='ocrx_word' id='word_1_14' title='bbox 1620 208 1703 257; x_wconf 79' lang='lat' dir='ltr'>im‘-</span> <span class='ocrx_word' id='word_1_15' title='bbox 1744 256 1745 260; x_wconf 72' lang='grc'>,</span> 
     </span>
     <span class='ocr_line' id='line_1_4' title="bbox 263 268 1699 329; baseline 0.003 -21"><span class='ocrx_word' id='word_1_16' title='bbox 263 268 398 309; x_wconf 89' lang='lat' dir='ltr'>micos</span> <span class='ocrx_word' id='word_1_17' title='bbox 438 284 570 322; x_wconf 87' lang='lat' dir='ltr'>meos,</span> <span class='ocrx_word' id='word_1_18' title='bbox 601 284 675 312; x_wconf 84' lang='lat' dir='ltr'>aut</span> <span class='ocrx_word' id='word_1_19' title='bbox 705 273 888 329; x_wconf 89' lang='lat' dir='ltr'>denique</span> <span class='ocrx_word' id='word_1_20' title='bbox 919 290 1005 325; x_wconf 84' lang='lat' dir='ltr'>eos,</span> <span class='ocrx_word' id='word_1_21' title='bbox 1037 289 1143 329; x_wconf 88' lang='lat' dir='ltr'>quos</span> <span class='ocrx_word' id='word_1_22' title='bbox 1176 272 1474 322; x_wconf 74' lang='lat' dir='ltr'>inexorabiles,</span> <span class='ocrx_word' id='word_1_23' title='bbox 1497 286 1603 326; x_wconf 90' lang='lat' dir='ltr'>quos</span> <span class='ocrx_word' id='word_1_24' title='bbox 1636 273 1699 313; x_wconf 81' lang='lat' dir='ltr'>in-</span> 
     </span>
     <span class='ocr_line' id='line_1_5' title="bbox 259 324 1701 384; baseline 0.006 -20"><span class='ocrx_word' id='word_1_25' title='bbox 259 324 484 377; x_wconf 82' lang='lat' dir='ltr'>humanos,</span> <span class='ocrx_word' id='word_1_26' title='bbox 521 343 628 383; x_wconf 84' lang='lat' dir='ltr'>quos</span> <span class='ocrx_word' id='word_1_27' title='bbox 664 331 853 371; x_wconf 87' lang='lat' dir='ltr'>crudeles</span> <span class='ocrx_word' id='word_1_28' title='bbox 898 332 1146 373; x_wconf 74' lang='lat' dir='ltr'>existimes?</span> <span class='ocrx_word' id='word_1_29' title='bbox 1182 329 1263 381; x_wconf 89' lang='lat' dir='ltr'>Tu,</span> <span class='ocrx_word' id='word_1_30' title='bbox 1305 344 1372 370; x_wconf 89' lang='lat' dir='ltr'>me</span> <span class='ocrx_word' id='word_1_31' title='bbox 1415 329 1580 384; x_wconf 82' lang='lat' dir='ltr'>ignaro,</span> <span class='ocrx_word' id='word_1_32' title='bbox 1622 343 1701 370; x_wconf 84' lang='lat' dir='ltr'>nec</span> 
     </span>
     <span class='ocr_line' id='line_1_6' title="bbox 259 382 1701 438; baseline 0.001 -16"><span class='ocrx_word' id='word_1_33' title='bbox 259 382 478 437; x_wconf 83' lang='lat' dir='ltr'>opinante,</span> <span class='ocrx_word' id='word_1_34' title='bbox 510 386 713 437; x_wconf 78' lang='lat' dir='ltr'>87inscio,</span> <span class='ocrx_word' id='word_1_35' title='bbox 744 397 866 428; x_wconf 89' lang='lat' dir='ltr'>notes</span> <span class='ocrx_word' id='word_1_36' title='bbox 907 399 950 428; x_wconf 90' lang='lat' dir='ltr'>et</span> <span class='ocrx_word' id='word_1_37' title='bbox 992 398 1102 438; x_wconf 91' lang='lat' dir='ltr'>tuos,</span> <span class='ocrx_word' id='word_1_38' title='bbox 1130 397 1172 427; x_wconf 88' lang='lat' dir='ltr'>et</span> <span class='ocrx_word' id='word_1_39' title='bbox 1216 397 1386 428; x_wconf 83' lang='lat' dir='ltr'>tuorum</span> <span class='ocrx_word' id='word_1_40' title='bbox 1427 385 1701 436; x_wconf 85' lang='lat' dir='ltr'>necessarios,</span> 
     </span>
     <span class='ocr_line' id='line_1_7' title="bbox 258 439 1700 496; baseline 0.002 -17"><span class='ocrx_word' id='word_1_41' title='bbox 258 439 376 480; x_wconf 61' lang='lat' dir='ltr'>velssss</span> <span class='ocrx_word' id='word_1_42' title='bbox 393 441 560 496; x_wconf 88' lang='lat' dir='ltr'>iniquos</span> <span class='ocrx_word' id='word_1_43' title='bbox 584 457 715 494; x_wconf 87' lang='lat' dir='ltr'>meos,</span> <span class='ocrx_word' id='word_1_44' title='bbox 737 444 803 484; x_wconf 85' lang='lat' dir='ltr'>vel</span> <span class='ocrx_word' id='word_1_45' title='bbox 824 445 953 485; x_wconf 85' lang='lat' dir='ltr'>etiam</span> <span class='ocrx_word' id='word_1_46' title='bbox 975 445 1246 485; x_wconf 85' lang='lat' dir='ltr'>defensorum</span> <span class='ocrx_word' id='word_1_47' title='bbox 1278 445 1498 484; x_wconf 87' lang='lat' dir='ltr'>meorum?</span> <span class='ocrx_word' id='word_1_48' title='bbox 1529 441 1700 483; x_wconf 88' lang='lat' dir='ltr'>eodem-</span> 
     </span>
    </p>
   </div>
   <div class='ocr_carea' id='block_1_4' title="bbox 173 497 1700 1182">
    <p class='ocr_par' dir='ltr' id='par_1_4' title="bbox 173 497 1700 1182">
     <span class='ocr_line' id='line_1_8' title="bbox 257 497 1699 556; baseline 0.001 -20"><span class='ocrx_word' id='word_1_49' title='bbox 257 510 341 551; x_wconf 88' lang='lat' dir='ltr'>que</span> <span class='ocrx_word' id='word_1_50' title='bbox 371 497 596 553; x_wconf 74' lang='lat' dir='ltr'>adjungaS,</span> <span class='ocrx_word' id='word_1_51' title='bbox 628 515 735 555; x_wconf 88' lang='lat' dir='ltr'>quos</span> <span class='ocrx_word' id='word_1_52' title='bbox 776 510 929 542; x_wconf 82' lang='lat' dir='ltr'>natura</span> <span class='ocrx_word' id='word_1_53' title='bbox 971 512 1092 556; x_wconf 85' lang='lat' dir='ltr'>putes</span> <span class='ocrx_word' id='word_1_54' title='bbox 1126 515 1311 555; x_wconf 70' lang='lat' dir='ltr'>aspcrOS,</span> <span class='ocrx_word' id='word_1_55' title='bbox 1340 509 1468 554; x_wconf 85' lang='lat' dir='ltr'>atque</span> <span class='ocrx_word' id='word_1_56' title='bbox 1499 498 1699 539; x_wconf 78' lang='lat' dir='ltr'>omnibus</span> 
     </span>
     <span class='ocr_line' id='line_1_9' title="bbox 258 552 1696 613; baseline 0.002 -21"><span class='ocrx_word' id='word_1_57' title='bbox 258 552 457 608; x_wconf 88' lang='lat' dir='ltr'>iniquos?</span> <span class='ocrx_word' id='word_1_58' title='bbox 487 555 640 597; x_wconf 83' lang='lat' dir='ltr'>deinde</span> <span class='ocrx_word' id='word_1_59' title='bbox 667 556 860 598; x_wconf 84' lang='lat' dir='ltr'>effundas</span> <span class='ocrx_word' id='word_1_60' title='bbox 883 568 1070 613; x_wconf 84' lang='lat' dir='ltr'>repente,</span> <span class='ocrx_word' id='word_1_61' title='bbox 1093 567 1140 598; x_wconf 86' lang='lat' dir='ltr'>ut</span> <span class='ocrx_word' id='word_1_62' title='bbox 1163 567 1263 597; x_wconf 81' lang='lat' dir='ltr'>ante</span> <span class='ocrx_word' id='word_1_63' title='bbox 1285 570 1529 598; x_wconf 81' lang='lat' dir='ltr'>consessum</span> <span class='ocrx_word' id='word_1_64' title='bbox 1550 569 1696 596; x_wconf 86' lang='lat' dir='ltr'>eorum</span> 
     </span>
     <span class='ocr_line' id='line_1_10' title="bbox 251 609 1700 670; baseline 0.001 -20"><span class='ocrx_word' id='word_1_65' title='bbox 251 609 450 663; x_wconf 83' lang='lat' dir='ltr'>judicum</span> <span class='ocrx_word' id='word_1_66' title='bbox 483 612 663 663; x_wconf 86' lang='lat' dir='ltr'>videam,</span> <span class='ocrx_word' id='word_1_67' title='bbox 695 627 822 668; x_wconf 81' lang='lat' dir='ltr'>quam</span> <span class='ocrx_word' id='word_1_68' title='bbox 854 615 1082 670; x_wconf 87' lang='lat' dir='ltr'>potuerim,</span> <span class='ocrx_word' id='word_1_69' title='bbox 1115 614 1187 669; x_wconf 89' lang='lat' dir='ltr'>qui</span> <span class='ocrx_word' id='word_1_70' title='bbox 1219 622 1360 654; x_wconf 87' lang='lat' dir='ltr'>essent</span> <span class='ocrx_word' id='word_1_71' title='bbox 1391 612 1540 662; x_wconf 87' lang='lat' dir='ltr'>futuri,</span> <span class='ocrx_word' id='word_1_72' title='bbox 1563 612 1700 667; x_wconf 73' lang='lat' dir='ltr'>suspi-</span> 
     </span>
     <span class='ocr_line' id='line_1_11' title="bbox 212 667 1699 726; baseline 0.003 -20"><span class='ocrx_word' id='word_1_73' title='bbox 212 681 243 711; x_wconf 87' lang='lat' dir='ltr'>b.</span> <span class='ocrx_word' id='word_1_74' title='bbox 257 668 373 707; x_wconf 84' lang='lat' dir='ltr'>cari?</span> <span class='ocrx_word' id='word_1_75' title='bbox 403 669 516 722; x_wconf 85' lang='lat' dir='ltr'>apud</span> <span class='ocrx_word' id='word_1_76' title='bbox 554 684 711 725; x_wconf 87' lang='lat' dir='ltr'>eosque</span> <span class='ocrx_word' id='word_1_77' title='bbox 742 685 823 721; x_wconf 86' lang='lat' dir='ltr'>me,</span> <span class='ocrx_word' id='word_1_78' title='bbox 848 686 898 711; x_wconf 89' lang='lat' dir='ltr'>ne</span> <span class='ocrx_word' id='word_1_79' title='bbox 930 672 1118 725; x_wconf 88' lang='lat' dir='ltr'>quinque</span> <span class='ocrx_word' id='word_1_80' title='bbox 1152 671 1324 726; x_wconf 86' lang='lat' dir='ltr'>quidem</span> <span class='ocrx_word' id='word_1_81' title='bbox 1367 669 1551 725; x_wconf 77' lang='lat' dir='ltr'>rejectiS,</span> <span class='ocrx_word' id='word_1_82' title='bbox 1582 667 1699 724; x_wconf 86' lang='lat' dir='ltr'>quod</span> 
     </span>
     <span class='ocr_line' id='line_1_12' title="bbox 259 723 1696 781; baseline 0.002 -18"><span class='ocrx_word' id='word_1_83' title='bbox 259 723 298 763; x_wconf 90' lang='lat' dir='ltr'>in</span> <span class='ocrx_word' id='word_1_84' title='bbox 325 726 522 779; x_wconf 83' lang='lat' dir='ltr'>proximo</span> <span class='ocrx_word' id='word_1_85' title='bbox 547 741 617 766; x_wconf 89' lang='lat' dir='ltr'>reo</span> <span class='ocrx_word' id='word_1_86' title='bbox 640 726 692 768; x_wconf 81' lang='lat' dir='ltr'>de</span> <span class='ocrx_word' id='word_1_87' title='bbox 713 727 880 768; x_wconf 80' lang='lat' dir='ltr'>consilii</span> <span class='ocrx_word' id='word_1_88' title='bbox 913 728 1124 769; x_wconf 82' lang='lat' dir='ltr'>sententia</span> <span class='ocrx_word' id='word_1_89' title='bbox 1153 728 1435 768; x_wconf 85' lang='lat' dir='ltr'>constitutum</span> <span class='ocrx_word' id='word_1_90' title='bbox 1465 735 1543 777; x_wconf 87' lang='lat' dir='ltr'>cst,</span> <span class='ocrx_word' id='word_1_91' title='bbox 1565 739 1696 781; x_wconf 70' lang='lat' dir='ltr'>cogas</span> 
     </span>
     <span class='ocr_line' id='line_1_13' title="bbox 193 782 1695 834; baseline 0.001 -12"><span class='ocrx_word' id='word_1_92' title='bbox 193 790 427 822; x_wconf 69' lang='lat' dir='ltr'>41ca1usam</span> <span class='ocrx_word' id='word_1_93' title='bbox 450 782 502 822; x_wconf 89' lang='lat' dir='ltr'>de</span> <span class='ocrx_word' id='word_1_94' title='bbox 525 782 707 824; x_wconf 83' lang='lat' dir='ltr'>fortunis</span> <span class='ocrx_word' id='word_1_95' title='bbox 727 785 926 825; x_wconf 87' lang='lat' dir='ltr'>omnibus</span> <span class='ocrx_word' id='word_1_96' title='bbox 946 785 1112 826; x_wconf 78' lang='lat' dir='ltr'><strong>dicere?</strong></span> <span class='ocrx_word' id='word_1_97' title='bbox 1138 784 1238 825; x_wconf 82' lang='lat' dir='ltr'>Non</span> <span class='ocrx_word' id='word_1_98' title='bbox 1261 784 1389 834; x_wconf 88' lang='lat' dir='ltr'>enim,</span> <span class='ocrx_word' id='word_1_99' title='bbox 1413 784 1446 824; x_wconf 86' lang='lat' dir='ltr'>si</span> <span class='ocrx_word' id='word_1_100' title='bbox 1470 792 1543 824; x_wconf 87' lang='lat' dir='ltr'>aut</span> <span class='ocrx_word' id='word_1_101' title='bbox 1567 782 1695 823; x_wconf 77' lang='lat' dir='ltr'>Plan-</span> 
     </span>
     <span class='ocr_line' id='line_1_14' title="bbox 254 838 1695 892; baseline 0.002 -15"><span class='ocrx_word' id='word_1_102' title='bbox 254 838 345 878; x_wconf 82' lang='lat' dir='ltr'>cius</span> <span class='ocrx_word' id='word_1_103' title='bbox 376 838 436 879; x_wconf 83' lang='lat' dir='ltr'>ita</span> <span class='ocrx_word' id='word_1_104' title='bbox 467 839 592 891; x_wconf 81' lang='lat' dir='ltr'>vixit,</span> <span class='ocrx_word' id='word_1_105' title='bbox 618 850 663 881; x_wconf 87' lang='lat' dir='ltr'>ut</span> <span class='ocrx_word' id='word_1_106' title='bbox 693 840 928 882; x_wconf 81' lang='lat' dir='ltr'>offenderet</span> <span class='ocrx_word' id='word_1_107' title='bbox 958 842 1094 883; x_wconf 84' lang='lat' dir='ltr'>sciens</span> <span class='ocrx_word' id='word_1_108' title='bbox 1125 841 1354 892; x_wconf 88' lang='lat' dir='ltr'>neminem,</span> <span class='ocrx_word' id='word_1_109' title='bbox 1374 850 1448 881; x_wconf 84' lang='lat' dir='ltr'>aut</span> <span class='ocrx_word' id='word_1_110' title='bbox 1482 849 1525 881; x_wconf 86' lang='lat' dir='ltr'>tu</span> <span class='ocrx_word' id='word_1_111' title='bbox 1549 840 1609 880; x_wconf 84' lang='lat' dir='ltr'>ita</span> <span class='ocrx_word' id='word_1_112' title='bbox 1630 853 1695 880; x_wconf 86' lang='lat' dir='ltr'>er·</span> 
     </span>
     <span class='ocr_line' id='line_1_15' title="bbox 254 895 1693 955; baseline 0.003 -21"><span class='ocrx_word' id='word_1_113' title='bbox 254 895 370 945; x_wconf 87' lang='lat' dir='ltr'>rasti,</span> <span class='ocrx_word' id='word_1_114' title='bbox 405 904 451 936; x_wconf 91' lang='lat' dir='ltr'>ut</span> <span class='ocrx_word' id='word_1_115' title='bbox 482 910 554 937; x_wconf 86' lang='lat' dir='ltr'>eos</span> <span class='ocrx_word' id='word_1_116' title='bbox 593 898 738 938; x_wconf 79' lang='lat' dir='ltr'>ederes</span> <span class='ocrx_word' id='word_1_117' title='bbox 781 899 1043 955; x_wconf 83' lang='lat' dir='ltr'>imprudens,</span> <span class='ocrx_word' id='word_1_118' title='bbox 1075 908 1122 939; x_wconf 87' lang='lat' dir='ltr'>ut</span> <span class='ocrx_word' id='word_1_119' title='bbox 1159 913 1250 949; x_wconf 86' lang='lat' dir='ltr'>nos,</span> <span class='ocrx_word' id='word_1_120' title='bbox 1283 898 1421 939; x_wconf 87' lang='lat' dir='ltr'>invito</span> <span class='ocrx_word' id='word_1_121' title='bbox 1463 909 1518 948; x_wconf 83' lang='lat' dir='ltr'>te,</span> <span class='ocrx_word' id='word_1_122' title='bbox 1551 905 1693 938; x_wconf 83' lang='lat' dir='ltr'>tamen</span> 
     </span>
     <span class='ocr_line' id='line_1_16' title="bbox 253 952 1691 1007; baseline 0.001 -15"><span class='ocrx_word' id='word_1_123' title='bbox 253 952 303 992; x_wconf 83' lang='lat' dir='ltr'>ad</span> <span class='ocrx_word' id='word_1_124' title='bbox 320 952 506 1007; x_wconf 86' lang='lat' dir='ltr'>judices,</span> <span class='ocrx_word' id='word_1_125' title='bbox 530 968 614 994; x_wconf 89' lang='lat' dir='ltr'>non</span> <span class='ocrx_word' id='word_1_126' title='bbox 637 954 689 995; x_wconf 88' lang='lat' dir='ltr'>ad</span> <span class='ocrx_word' id='word_1_127' title='bbox 711 955 933 996; x_wconf 82' lang='lat' dir='ltr'>carnifices</span> <span class='ocrx_word' id='word_1_128' title='bbox 959 956 1218 996; x_wconf 77' lang='lat' dir='ltr'>veniremus:</span> <span class='ocrx_word' id='word_1_129' title='bbox 1253 955 1414 996; x_wconf 86' lang='lat' dir='ltr'>idcirco</span> <span class='ocrx_word' id='word_1_130' title='bbox 1445 954 1527 995; x_wconf 84' lang='lat' dir='ltr'>ista</span> <span class='ocrx_word' id='word_1_131' title='bbox 1557 953 1691 994; x_wconf 89' lang='lat' dir='ltr'>editio</span> 
     </span>
     <span class='ocr_line' id='line_1_17' title="bbox 173 1011 1694 1077; baseline 0.002 -29"><span class='ocrx_word' id='word_1_132' title='bbox 173 1023 237 1077; x_wconf 74' lang='grc'>17</span> <span class='ocrx_word' id='word_1_133' title='bbox 253 1023 328 1064; x_wconf 88' lang='lat' dir='ltr'>per</span> <span class='ocrx_word' id='word_1_134' title='bbox 350 1024 392 1050; x_wconf 90' lang='lat' dir='ltr'>se</span> <span class='ocrx_word' id='word_1_135' title='bbox 411 1025 496 1050; x_wconf 88' lang='lat' dir='ltr'>non</span> <span class='ocrx_word' id='word_1_136' title='bbox 519 1012 673 1051; x_wconf 87' lang='lat' dir='ltr'>acerba</span> <span class='ocrx_word' id='word_1_137' title='bbox 693 1021 771 1052; x_wconf 86' lang='lat' dir='ltr'>est.</span> <span class='ocrx_word' id='word_1_138' title='bbox 831 1012 900 1053; x_wconf 84' lang='lat' dir='ltr'>An</span> <span class='ocrx_word' id='word_1_139' title='bbox 923 1027 1019 1053; x_wconf 83' lang='lat' dir='ltr'>vero</span> <span class='ocrx_word' id='word_1_140' title='bbox 1041 1027 1177 1068; x_wconf 84' lang='lat' dir='ltr'>nuper</span> <span class='ocrx_word' id='word_1_141' title='bbox 1194 1011 1416 1053; x_wconf 79' lang='lat' dir='ltr'>clarissimi</span> <span class='ocrx_word' id='word_1_142' title='bbox 1430 1011 1545 1052; x_wconf 85' lang='lat' dir='ltr'>cives</span> <span class='ocrx_word' id='word_1_143' title='bbox 1567 1013 1607 1046; x_wconf 84' lang='lat'>89</span> <span class='ocrx_word' id='word_1_144' title='bbox 1617 1025 1694 1051; x_wconf 89' lang='lat' dir='ltr'>no-</span> 
     </span>
     <span class='ocr_line' id='line_1_18' title="bbox 250 1067 1694 1124; baseline 0.001 -18"><span class='ocrx_word' id='word_1_145' title='bbox 250 1079 348 1107; x_wconf 87' lang='lat' dir='ltr'>men</span> <span class='ocrx_word' id='word_1_146' title='bbox 381 1067 484 1107; x_wconf 86' lang='lat' dir='ltr'>editi</span> <span class='ocrx_word' id='word_1_147' title='bbox 509 1067 672 1122; x_wconf 87' lang='lat' dir='ltr'>judicis</span> <span class='ocrx_word' id='word_1_148' title='bbox 706 1083 792 1109; x_wconf 88' lang='lat' dir='ltr'>non</span> <span class='ocrx_word' id='word_1_149' title='bbox 829 1070 1028 1120; x_wconf 83' lang='lat' dir='ltr'>tulerunt,</span> <span class='ocrx_word' id='word_1_150' title='bbox 1059 1084 1156 1110; x_wconf 90' lang='lat' dir='ltr'>cum</span> <span class='ocrx_word' id='word_1_151' title='bbox 1197 1084 1251 1110; x_wconf 84' lang='lat' dir='ltr'>ex</span> <span class='ocrx_word' id='word_1_152' title='bbox 1287 1082 1418 1110; x_wconf 84' lang='lat' dir='ltr'>cxxv</span> <span class='ocrx_word' id='word_1_153' title='bbox 1454 1067 1694 1124; x_wconf 86' lang='lat' dir='ltr'>judicibus,</span> 
     </span>
     <span class='ocr_line' id='line_1_19' title="bbox 249 1123 1693 1182; baseline 0.001 -19"><span class='ocrx_word' id='word_1_154' title='bbox 249 1123 517 1179; x_wconf 88' lang='lat' dir='ltr'>principibus</span> <span class='ocrx_word' id='word_1_155' title='bbox 539 1126 745 1180; x_wconf 82' lang='lat' dir='ltr'>equestris</span> <span class='ocrx_word' id='word_1_156' title='bbox 768 1126 943 1177; x_wconf 79' lang='lat' dir='ltr'>ordinis,</span> <span class='ocrx_word' id='word_1_157' title='bbox 965 1127 1154 1182; x_wconf 72' lang='lat' dir='ltr'>quinque</span> <span class='ocrx_word' id='word_1_158' title='bbox 1175 1135 1218 1167; x_wconf 86' lang='lat' dir='ltr'>et</span> <span class='ocrx_word' id='word_1_159' title='bbox 1243 1141 1339 1167; x_wconf 78' lang='lat' dir='ltr'>Lxx</span> <span class='ocrx_word' id='word_1_160' title='bbox 1365 1140 1458 1166; x_wconf 87' lang='lat' dir='ltr'>reus</span> <span class='ocrx_word' id='word_1_161' title='bbox 1481 1125 1693 1180; x_wconf 82' lang='lat' dir='ltr'>rejiceret,</span> 
     </span>
    </p>
   </div>
   <div class='ocr_carea' id='block_1_5' title="bbox 1737 513 1769 1030">
    <p class='ocr_par' dir='ltr' id='par_1_5' title="bbox 1737 513 1769 1030">
     <span class='ocr_line' id='line_1_20' title="bbox 1737 513 1769 1030; textangle 90"><span class='ocrx_word' id='word_1_162' title='bbox 1737 709 1769 1030; x_wconf 41' lang='lat' dir='ltr'>&amp;amnt-w&amp;</span> <span class='ocrx_word' id='word_1_163' title='bbox 1751 669 1769 703; x_wconf 55' lang='grc' dir='ltr'>«ῃ</span> <span class='ocrx_word' id='word_1_164' title='bbox 1748 573 1769 659; x_wconf 51' lang='lat' dir='ltr'>‘Am</span> <span class='ocrx_word' id='word_1_165' title='bbox 1754 513 1769 567; x_wconf 57' lang='lat' dir='ltr'>w!</span> 
     </span>
    </p>
   </div>
   <div class='ocr_carea' id='block_1_6' title="bbox 1741 1045 1748 1089">
    <p class='ocr_par' dir='ltr' id='par_1_6' title="bbox 1741 1045 1748 1089">
     <span class='ocr_line' id='line_1_21' title="bbox 1741 1045 1748 1089; textangle 90"><span class='ocrx_word' id='word_1_166' title='bbox 1741 1045 1748 1089; x_wconf 71' lang='lat'>...-</span> 
     </span>
    </p>
   </div>
   <div class='ocr_carea' id='block_1_7' title="bbox 247 1180 1755 1241">
    <p class='ocr_par' dir='ltr' id='par_1_7' title="bbox 247 1180 1755 1241">
     <span class='ocr_line' id='line_1_22' title="bbox 247 1180 1755 1241; baseline 0.001 -21"><span class='ocrx_word' id='word_1_167' title='bbox 247 1183 289 1213; x_wconf 85' lang='grc'>90</span> <span class='ocrx_word' id='word_1_168' title='bbox 309 1193 332 1220; x_wconf 89' lang='lat' dir='ltr'>L</span> <span class='ocrx_word' id='word_1_169' title='bbox 365 1180 554 1231; x_wconf 82' lang='lat' dir='ltr'>referret,</span> <span class='ocrx_word' id='word_1_170' title='bbox 595 1186 631 1216; x_wconf 84' lang='lat'>9¹</span> <span class='ocrx_word' id='word_1_171' title='bbox 655 1183 882 1238; x_wconf 82' lang='lat' dir='ltr'>omniaque</span> <span class='ocrx_word' id='word_1_172' title='bbox 923 1194 1065 1239; x_wconf 80' lang='lat' dir='ltr'>potius</span> <span class='ocrx_word' id='word_1_173' title='bbox 1098 1184 1451 1240; x_wconf 78' lang='lat' dir='ltr'>permiscuerunt,</span> <span class='ocrx_word' id='word_1_174' title='bbox 1484 1195 1612 1237; x_wconf 85' lang='lat' dir='ltr'>quam</span> <span class='ocrx_word' id='word_1_175' title='bbox 1653 1181 1692 1222; x_wconf 86' lang='lat' dir='ltr'>ei</span> <span class='ocrx_word' id='word_1_176' title='bbox 1740 1236 1755 1241; x_wconf 65' lang='lat'>„</span> 
     </span>
    </p>
   </div>
   <div class='ocr_carea' id='block_1_8' title="bbox 246 1235 941 1296">
    <p class='ocr_par' dir='ltr' id='par_1_8' title="bbox 246 1235 941 1296">
     <span class='ocr_line' id='line_1_23' title="bbox 246 1235 941 1296; baseline 0.007 -20"><span class='ocrx_word' id='word_1_177' title='bbox 246 1235 331 1292; x_wconf 81' lang='lat' dir='ltr'>legi</span> <span class='ocrx_word' id='word_1_178' title='bbox 376 1238 702 1294; x_wconf 87' lang='lat' dir='ltr'>conditionique</span> <span class='ocrx_word' id='word_1_179' title='bbox 745 1251 941 1296; x_wconf 83' lang='lat' dir='ltr'>parerent</span> 
     </span>
    </p>
   </div>
   <div class='ocr_carea' id='block_1_9' title="bbox 957 1237 1752 1299">
    <p class='ocr_par' dir='ltr' id='par_1_9' title="bbox 957 1237 1752 1299">
     <span class='ocr_line' id='line_1_24' title="bbox 957 1237 1752 1299; baseline -0.003 -18"><span class='ocrx_word' id='word_1_180' title='bbox 957 1258 966 1282; x_wconf 74' lang='grc' dir='ltr'>ε</span> <span class='ocrx_word' id='word_1_181' title='bbox 1000 1255 1075 1281; x_wconf 89' lang='lat' dir='ltr'>nos</span> <span class='ocrx_word' id='word_1_182' title='bbox 1109 1255 1245 1296; x_wconf 86' lang='lat' dir='ltr'>neque</span> <span class='ocrx_word' id='word_1_183' title='bbox 1275 1255 1330 1281; x_wconf 81' lang='lat' dir='ltr'>ex</span> <span class='ocrx_word' id='word_1_184' title='bbox 1362 1239 1538 1281; x_wconf 88' lang='lat' dir='ltr'>delectis</span> <span class='ocrx_word' id='word_1_185' title='bbox 1573 1237 1694 1294; x_wconf 87' lang='lat' dir='ltr'>judi·</span> <span class='ocrx_word' id='word_1_186' title='bbox 1736 1251 1752 1299; x_wconf 56' lang='grc' dir='ltr'>ἰ.</span> 
     </span>
    </p>
   </div>
   <div class='ocr_carea' id='block_1_10' title="bbox 183 1293 1749 1752">
    <p class='ocr_par' dir='ltr' id='par_1_10' title="bbox 183 1293 1749 1752">
     <span class='ocr_line' id='line_1_25' title="bbox 246 1293 1749 1353; baseline 0.003 -20"><span class='ocrx_word' id='word_1_187' title='bbox 246 1293 383 1345; x_wconf 88' lang='lat' dir='ltr'>cibus,</span> <span class='ocrx_word' id='word_1_188' title='bbox 417 1295 489 1336; x_wconf 88' lang='lat' dir='ltr'>sed</span> <span class='ocrx_word' id='word_1_189' title='bbox 522 1310 576 1337; x_wconf 82' lang='lat' dir='ltr'>ex</span> <span class='ocrx_word' id='word_1_190' title='bbox 610 1311 726 1337; x_wconf 81' lang='lat' dir='ltr'>omni</span> <span class='ocrx_word' id='word_1_191' title='bbox 766 1297 940 1353; x_wconf 85' lang='lat' dir='ltr'>populo,</span> <span class='ocrx_word' id='word_1_192' title='bbox 964 1312 1102 1352; x_wconf 86' lang='lat' dir='ltr'>neque</span> <span class='ocrx_word' id='word_1_193' title='bbox 1135 1298 1273 1339; x_wconf 87' lang='lat' dir='ltr'>editos</span> <span class='ocrx_word' id='word_1_194' title='bbox 1307 1297 1360 1338; x_wconf 83' lang='lat' dir='ltr'>ad</span> <span class='ocrx_word' id='word_1_195' title='bbox 1394 1295 1690 1352; x_wconf 87' lang='lat' dir='ltr'>rejiciendum,</span> <span class='ocrx_word' id='word_1_196' title='bbox 1748 1329 1749 1333; x_wconf 65' lang='lat'>,</span> 
     </span>
     <span class='ocr_line' id='line_1_26' title="bbox 246 1351 1747 1410; baseline 0.002 -19"><span class='ocrx_word' id='word_1_197' title='bbox 246 1351 318 1392; x_wconf 83' lang='lat' dir='ltr'>sed</span> <span class='ocrx_word' id='word_1_198' title='bbox 341 1353 394 1393; x_wconf 85' lang='lat' dir='ltr'>ab</span> <span class='ocrx_word' id='word_1_199' title='bbox 417 1362 666 1394; x_wconf 84' lang='lat' dir='ltr'>accusatore</span> <span class='ocrx_word' id='word_1_200' title='bbox 697 1356 955 1395; x_wconf 80' lang='lat' dir='ltr'>constitutos</span> <span class='ocrx_word' id='word_1_201' title='bbox 974 1355 1144 1410; x_wconf 79' lang='lat' dir='ltr'>judices</span> <span class='ocrx_word' id='word_1_202' title='bbox 1177 1355 1237 1396; x_wconf 85' lang='lat' dir='ltr'>ita</span> <span class='ocrx_word' id='word_1_203' title='bbox 1267 1353 1466 1405; x_wconf 85' lang='lat' dir='ltr'>feremus,</span> <span class='ocrx_word' id='word_1_204' title='bbox 1488 1363 1536 1394; x_wconf 85' lang='lat' dir='ltr'>ut</span> <span class='ocrx_word' id='word_1_205' title='bbox 1554 1353 1691 1394; x_wconf 87' lang='lat' dir='ltr'>nemi·</span> <span class='ocrx_word' id='word_1_206' title='bbox 1743 1397 1747 1403; x_wconf 55' lang='grc'><em>,</em></span> 
     </span>
     <span class='ocr_line' id='line_1_27' title="bbox 183 1409 1749 1468; baseline 0.004 -21"><span class='ocrx_word' id='word_1_207' title='bbox 183 1422 230 1457; x_wconf 74' lang='lat'>42</span> <span class='ocrx_word' id='word_1_208' title='bbox 246 1421 340 1448; x_wconf 87' lang='lat' dir='ltr'>nem</span> <span class='ocrx_word' id='word_1_209' title='bbox 366 1409 638 1464; x_wconf 82' lang='lat' dir='ltr'>rejiciamus?</span> <span class='ocrx_word' id='word_1_210' title='bbox 671 1411 823 1466; x_wconf 78' lang='lat' dir='ltr'>Neque</span> <span class='ocrx_word' id='word_1_211' title='bbox 845 1427 926 1468; x_wconf 79' lang='lat' dir='ltr'>ego</span> <span class='ocrx_word' id='word_1_212' title='bbox 952 1427 1065 1453; x_wconf 87' lang='lat' dir='ltr'>nunc</span> <span class='ocrx_word' id='word_1_213' title='bbox 1087 1411 1193 1467; x_wconf 82' lang='lat' dir='ltr'>legis</span> <span class='ocrx_word' id='word_1_214' title='bbox 1226 1411 1499 1466; x_wconf 88' lang='lat' dir='ltr'>iniquitatem</span> <span class='ocrx_word' id='word_1_215' title='bbox 1520 1424 1690 1466; x_wconf 86' lang='lat' dir='ltr'>queror,</span> <span class='ocrx_word' id='word_1_216' title='bbox 1742 1418 1749 1454; x_wconf 69' lang='lat'>7</span> 
     </span>
     <span class='ocr_line' id='line_1_28' title="bbox 244 1465 1745 1525; baseline 0.002 -20"><span class='ocrx_word' id='word_1_217' title='bbox 244 1465 314 1506; x_wconf 86' lang='lat' dir='ltr'>sed</span> <span class='ocrx_word' id='word_1_218' title='bbox 340 1465 501 1507; x_wconf 84' lang='lat' dir='ltr'>factum</span> <span class='ocrx_word' id='word_1_219' title='bbox 526 1476 647 1508; x_wconf 87' lang='lat' dir='ltr'>tuum</span> <span class='ocrx_word' id='word_1_220' title='bbox 679 1484 704 1509; x_wconf 79' lang='lat' dir='ltr'>a</span> <span class='ocrx_word' id='word_1_221' title='bbox 733 1470 944 1510; x_wconf 83' lang='lat' dir='ltr'>sententia</span> <span class='ocrx_word' id='word_1_222' title='bbox 974 1469 1080 1525; x_wconf 77' lang='lat' dir='ltr'>legis</span> <span class='ocrx_word' id='word_1_223' title='bbox 1112 1470 1246 1510; x_wconf 90' lang='lat' dir='ltr'>doceo</span> <span class='ocrx_word' id='word_1_224' title='bbox 1277 1469 1544 1524; x_wconf 84' lang='lat' dir='ltr'>discrepare:</span> <span class='ocrx_word' id='word_1_225' title='bbox 1575 1476 1619 1508; x_wconf 84' lang='lat' dir='ltr'>et</span> <span class='ocrx_word' id='word_1_226' title='bbox 1640 1466 1690 1508; x_wconf 87' lang='lat' dir='ltr'>il·</span> <span class='ocrx_word' id='word_1_227' title='bbox 1743 1519 1745 1523; x_wconf 33' lang='grc' dir='ltr'>Ι</span> 
     </span>
     <span class='ocr_line' id='line_1_29' title="bbox 237 1520 1743 1581; baseline 0.002 -19"><span class='ocrx_word' id='word_1_228' title='bbox 237 1520 307 1562; x_wconf 83' lang='lat' dir='ltr'>lud</span> <span class='ocrx_word' id='word_1_229' title='bbox 347 1525 549 1564; x_wconf 87' lang='lat' dir='ltr'>acerbum</span> <span class='ocrx_word' id='word_1_230' title='bbox 575 1525 807 1580; x_wconf 88' lang='lat' dir='ltr'>judicium,</span> <span class='ocrx_word' id='word_1_231' title='bbox 832 1526 880 1576; x_wconf 82' lang='lat' dir='ltr'>si,</span> <span class='ocrx_word' id='word_1_232' title='bbox 903 1527 1265 1581; x_wconf 83' lang='lat' dir='ltr'>quemadmodum</span> <span class='ocrx_word' id='word_1_233' title='bbox 1301 1536 1471 1566; x_wconf 85' lang='lat' dir='ltr'>senatus</span> <span class='ocrx_word' id='word_1_234' title='bbox 1505 1524 1688 1575; x_wconf 84' lang='lat' dir='ltr'>censuit,</span> <span class='ocrx_word' id='word_1_235' title='bbox 1735 1547 1743 1569; x_wconf 60' lang='grc' dir='ltr'><em>ς</em></span> 
     </span>
     <span class='ocr_line' id='line_1_30' title="bbox 239 1580 1689 1636; baseline 0.002 -17"><span class='ocrx_word' id='word_1_236' title='bbox 239 1580 507 1636; x_wconf 82' lang='lat' dir='ltr'>populusque</span> <span class='ocrx_word' id='word_1_237' title='bbox 531 1581 677 1636; x_wconf 84' lang='lat' dir='ltr'>jussit,</span> <span class='ocrx_word' id='word_1_238' title='bbox 701 1583 761 1623; x_wconf 90' lang='lat' dir='ltr'>ita</span> <span class='ocrx_word' id='word_1_239' title='bbox 794 1583 982 1634; x_wconf 80' lang='lat' dir='ltr'>fecisses,</span> <span class='ocrx_word' id='word_1_240' title='bbox 1013 1593 1060 1624; x_wconf 87' lang='lat' dir='ltr'>ut</span> <span class='ocrx_word' id='word_1_241' title='bbox 1095 1583 1138 1624; x_wconf 88' lang='lat' dir='ltr'>in</span> <span class='ocrx_word' id='word_1_242' title='bbox 1172 1583 1287 1624; x_wconf 89' lang='lat' dir='ltr'>hunc</span> <span class='ocrx_word' id='word_1_243' title='bbox 1321 1592 1364 1623; x_wconf 86' lang='lat' dir='ltr'>et</span> <span class='ocrx_word' id='word_1_244' title='bbox 1395 1597 1530 1632; x_wconf 86' lang='lat' dir='ltr'>suam,</span> <span class='ocrx_word' id='word_1_245' title='bbox 1558 1592 1602 1623; x_wconf 86' lang='lat' dir='ltr'>et</span> <span class='ocrx_word' id='word_1_246' title='bbox 1634 1582 1689 1622; x_wconf 90' lang='lat' dir='ltr'>ab</span> 
     </span>
     <span class='ocr_line' id='line_1_31' title="bbox 238 1636 1686 1694; baseline 0.001 -17"><span class='ocrx_word' id='word_1_247' title='bbox 238 1636 320 1677; x_wconf 83' lang='lat' dir='ltr'>hoc</span> <span class='ocrx_word' id='word_1_248' title='bbox 343 1638 589 1679; x_wconf 79' lang='lat' dir='ltr'>observatas</span> <span class='ocrx_word' id='word_1_249' title='bbox 622 1640 756 1680; x_wconf 84' lang='lat' dir='ltr'>tribus</span> <span class='ocrx_word' id='word_1_250' title='bbox 792 1641 961 1691; x_wconf 82' lang='lat' dir='ltr'>ederes3</span> <span class='ocrx_word' id='word_1_251' title='bbox 995 1655 1078 1681; x_wconf 90' lang='lat' dir='ltr'>non</span> <span class='ocrx_word' id='word_1_252' title='bbox 1112 1641 1242 1681; x_wconf 84' lang='lat' dir='ltr'>modo</span> <span class='ocrx_word' id='word_1_253' title='bbox 1274 1654 1359 1680; x_wconf 90' lang='lat' dir='ltr'>non</span> <span class='ocrx_word' id='word_1_254' title='bbox 1382 1653 1594 1694; x_wconf 89' lang='lat' dir='ltr'>quererer,</span> <span class='ocrx_word' id='word_1_255' title='bbox 1614 1638 1686 1679; x_wconf 88' lang='lat' dir='ltr'>sed</span> 
     </span>
     <span class='ocr_line' id='line_1_32' title="bbox 238 1694 1688 1752; baseline 0.001 -18"><span class='ocrx_word' id='word_1_256' title='bbox 238 1694 604 1749; x_wconf 60' lang='lat' dir='ltr'>liunc,judic‡bus</span> <span class='ocrx_word' id='word_1_257' title='bbox 639 1696 779 1748; x_wconf 85' lang='lat' dir='ltr'>editis,</span> <span class='ocrx_word' id='word_1_258' title='bbox 802 1697 875 1752; x_wconf 87' lang='lat' dir='ltr'>qui</span> <span class='ocrx_word' id='word_1_259' title='bbox 911 1706 1038 1738; x_wconf 81' lang='lat' dir='ltr'>testes</span> <span class='ocrx_word' id='word_1_260' title='bbox 1065 1697 1194 1738; x_wconf 87' lang='lat' dir='ltr'>iidem</span> <span class='ocrx_word' id='word_1_261' title='bbox 1225 1711 1316 1738; x_wconf 86' lang='lat' dir='ltr'>esse</span> <span class='ocrx_word' id='word_1_262' title='bbox 1348 1705 1539 1752; x_wconf 83' lang='lat' dir='ltr'>possent,</span> <span class='ocrx_word' id='word_1_263' title='bbox 1561 1697 1688 1737; x_wconf 90' lang='lat' dir='ltr'>abso-</span> 
     </span>
    </p>
   </div>
   <div class='ocr_carea' id='block_1_11' title="bbox 236 1750 937 1808">
    <p class='ocr_par' dir='ltr' id='par_1_11' title="bbox 236 1750 937 1808">
     <span class='ocr_line' id='line_1_33' title="bbox 236 1750 937 1808; baseline 0.006 -18"><span class='ocrx_word' id='word_1_264' title='bbox 236 1750 373 1791; x_wconf 86' lang='lat' dir='ltr'>lutum</span> <span class='ocrx_word' id='word_1_265' title='bbox 401 1762 621 1807; x_wconf 85' lang='lat' dir='ltr'>putarem:</span> <span class='ocrx_word' id='word_1_266' title='bbox 653 1768 790 1808; x_wconf 87' lang='lat' dir='ltr'>neque</span> <span class='ocrx_word' id='word_1_267' title='bbox 825 1768 937 1795; x_wconf 86' lang='lat' dir='ltr'>nunc</span> 
     </span>
    </p>
   </div>
   <div class='ocr_carea' id='block_1_12' title="bbox 969 1752 1737 1810">
    <p class='ocr_par' dir='ltr' id='par_1_12' title="bbox 969 1752 1737 1810">
     <span class='ocr_line' id='line_1_34' title="bbox 969 1752 1737 1810; baseline -0.001 -15"><span class='ocrx_word' id='word_1_268' title='bbox 969 1754 1105 1795; x_wconf 85' lang='lat' dir='ltr'>multo</span> <span class='ocrx_word' id='word_1_269' title='bbox 1137 1769 1258 1795; x_wconf 86' lang='lat' dir='ltr'>secus</span> <span class='ocrx_word' id='word_1_270' title='bbox 1289 1755 1509 1795; x_wconf 77' lang='lat' dir='ltr'>existimo.</span> <span class='ocrx_word' id='word_1_271' title='bbox 1571 1752 1684 1794; x_wconf 86' lang='lat' dir='ltr'>Cum</span> <span class='ocrx_word' id='word_1_272' title='bbox 1732 1804 1737 1810; x_wconf 92' lang='lat'>.</span> 
     </span>
    </p>
   </div>
   <div class='ocr_carea' id='block_1_13' title="bbox 235 1809 1721 1981">
    <p class='ocr_par' dir='ltr' id='par_1_13' title="bbox 235 1809 1721 1981">
     <span class='ocr_line' id='line_1_35' title="bbox 235 1809 1685 1867; baseline 0.002 -19"><span class='ocrx_word' id='word_1_273' title='bbox 235 1809 349 1848; x_wconf 86' lang='lat' dir='ltr'>enim</span> <span class='ocrx_word' id='word_1_274' title='bbox 388 1809 462 1849; x_wconf 82' lang='lat' dir='ltr'>has</span> <span class='ocrx_word' id='word_1_275' title='bbox 499 1810 634 1851; x_wconf 84' lang='lat' dir='ltr'>tribus</span> <span class='ocrx_word' id='word_1_276' title='bbox 668 1811 864 1853; x_wconf 82' lang='lat' dir='ltr'>edidisti:</span> <span class='ocrx_word' id='word_1_277' title='bbox 899 1811 1060 1867; x_wconf 83' lang='lat' dir='ltr'>ignotis</span> <span class='ocrx_word' id='word_1_278' title='bbox 1102 1822 1143 1852; x_wconf 90' lang='lat' dir='ltr'>te</span> <span class='ocrx_word' id='word_1_279' title='bbox 1178 1811 1402 1867; x_wconf 88' lang='lat' dir='ltr'>judicibus</span> <span class='ocrx_word' id='word_1_280' title='bbox 1444 1811 1508 1851; x_wconf 86' lang='lat' dir='ltr'>uti</span> <span class='ocrx_word' id='word_1_281' title='bbox 1546 1809 1685 1860; x_wconf 84' lang='lat' dir='ltr'>malle,</span> 
     </span>
     <span class='ocr_line' id='line_1_36' title="bbox 235 1867 1684 1925; baseline 0.002 -20"><span class='ocrx_word' id='word_1_282' title='bbox 235 1880 362 1919; x_wconf 81' lang='lat' dir='ltr'>quam</span> <span class='ocrx_word' id='word_1_283' title='bbox 385 1867 496 1907; x_wconf 82' lang='lat' dir='ltr'>notis</span> <span class='ocrx_word' id='word_1_284' title='bbox 519 1867 779 1909; x_wconf 76' lang='lat' dir='ltr'>indicavisti.</span> <span class='ocrx_word' id='word_1_285' title='bbox 802 1868 952 1925; x_wconf 76' lang='lat' dir='ltr'>fugisti</span> <span class='ocrx_word' id='word_1_286' title='bbox 985 1869 1240 1909; x_wconf 80' lang='lat' dir='ltr'>sententiam</span> <span class='ocrx_word' id='word_1_287' title='bbox 1269 1868 1399 1924; x_wconf 80' lang='lat' dir='ltr'>legis:</span> <span class='ocrx_word' id='word_1_288' title='bbox 1433 1867 1684 1923; x_wconf 70' lang='lat' dir='ltr'>aequitatem</span> 
     </span>
     <span class='ocr_line' id='line_1_37' title="bbox 236 1923 1721 1981; baseline 0.001 -19"><span class='ocrx_word' id='word_1_289' title='bbox 236 1937 406 1963; x_wconf 87' lang='lat' dir='ltr'>omnem</span> <span class='ocrx_word' id='word_1_290' title='bbox 431 1924 642 1979; x_wconf 78' lang='lat' dir='ltr'>rejecisti:</span> <span class='ocrx_word' id='word_1_291' title='bbox 674 1925 716 1965; x_wconf 90' lang='lat' dir='ltr'>in</span> <span class='ocrx_word' id='word_1_292' title='bbox 741 1926 942 1976; x_wconf 80' lang='lat' dir='ltr'>tenebris,</span> <span class='ocrx_word' id='word_1_293' title='bbox 965 1941 1092 1981; x_wconf 79' lang='lat' dir='ltr'>quam</span> <span class='ocrx_word' id='word_1_294' title='bbox 1126 1926 1166 1966; x_wconf 91' lang='lat' dir='ltr'>in</span> <span class='ocrx_word' id='word_1_295' title='bbox 1200 1925 1307 1975; x_wconf 86' lang='lat' dir='ltr'>luce,</span> <span class='ocrx_word' id='word_1_296' title='bbox 1330 1940 1502 1965; x_wconf 86' lang='lat' dir='ltr'>causam</span> <span class='ocrx_word' id='word_1_297' title='bbox 1528 1923 1683 1965; x_wconf 87' lang='lat' dir='ltr'>versari</span> <span class='ocrx_word' id='word_1_298' title='bbox 1718 1951 1721 1957; x_wconf 80' lang='lat'><em>‚</em></span> 
     </span>
    </p>
   </div>
   <div class='ocr_carea' id='block_1_14' title="bbox 175 1979 624 2079">
    <p class='ocr_par' dir='ltr' id='par_1_14' title="bbox 175 1979 624 2079">
     <span class='ocr_line' id='line_1_38' title="bbox 175 1979 439 2037; baseline 0.015 -19"><span class='ocrx_word' id='word_1_299' title='bbox 175 2004 223 2037; x_wconf 83' lang='lat'>43</span> <span class='ocrx_word' id='word_1_300' title='bbox 237 1979 439 2022; x_wconf 85' lang='lat' dir='ltr'>maluisti.</span> 
     </span>
     <span class='ocr_line' id='line_1_39' title="bbox 239 2037 624 2079; baseline 0.005 -2"><span class='ocrx_word' id='word_1_301' title='bbox 239 2037 386 2078; x_wconf 86' lang='lat' dir='ltr'>buerat</span> <span class='ocrx_word' id='word_1_302' title='bbox 417 2038 624 2079; x_wconf 82' lang='lat' dir='ltr'>venalem.</span> 
     </span>
    </p>
   </div>
   <div class='ocr_carea' id='block_1_15' title="bbox 502 1981 1683 2096">
    <p class='ocr_par' dir='ltr' id='par_1_15' title="bbox 502 1981 1683 2096">
     <span class='ocr_line' id='line_1_40' title="bbox 502 1981 1683 2038; baseline 0.001 -17"><span class='ocrx_word' id='word_1_303' title='bbox 502 1981 692 2023; x_wconf 82' lang='lat' dir='ltr'>Voltinia</span> <span class='ocrx_word' id='word_1_304' title='bbox 714 1983 850 2023; x_wconf 84' lang='lat' dir='ltr'>tribus</span> <span class='ocrx_word' id='word_1_305' title='bbox 869 1984 922 2023; x_wconf 87' lang='lat' dir='ltr'>ab</span> <span class='ocrx_word' id='word_1_306' title='bbox 948 1983 1028 2024; x_wconf 79' lang='lat' dir='ltr'>hoc</span> <span class='ocrx_word' id='word_1_307' title='bbox 1050 1992 1276 2038; x_wconf 84' lang='lat' dir='ltr'>corrupta:</span> <span class='ocrx_word' id='word_1_308' title='bbox 1309 1982 1585 2024; x_wconf 82' lang='lat' dir='ltr'>Terentinam</span> <span class='ocrx_word' id='word_1_309' title='bbox 1607 1981 1683 2022; x_wconf 80' lang='lat' dir='ltr'>ha·</span> 
     </span>
     <span class='ocr_line' id='line_1_41' title="bbox 685 2038 1683 2096; baseline 0 -17"><span class='ocrx_word' id='word_1_310' title='bbox 685 2040 802 2087; x_wconf 85' lang='lat' dir='ltr'>Quid</span> <span class='ocrx_word' id='word_1_311' title='bbox 835 2040 995 2080; x_wconf 81' lang='lat' dir='ltr'>diceret</span> <span class='ocrx_word' id='word_1_312' title='bbox 1027 2040 1141 2096; x_wconf 77' lang='lat' dir='ltr'>apud</span> <span class='ocrx_word' id='word_1_313' title='bbox 1175 2039 1480 2090; x_wconf 83' lang='lat' dir='ltr'>Voltinienses,</span> <span class='ocrx_word' id='word_1_314' title='bbox 1502 2048 1577 2080; x_wconf 82' lang='lat' dir='ltr'>aut</span> <span class='ocrx_word' id='word_1_315' title='bbox 1608 2038 1683 2079; x_wconf 81' lang='lat' dir='ltr'>tri-</span> 
     </span>
    </p>
   </div>
   <div class='ocr_carea' id='block_1_16' title="bbox 232 2093 1682 2204">
    <p class='ocr_par' dir='ltr' id='par_1_16' title="bbox 232 2093 1682 2204">
     <span class='ocr_line' id='line_1_42' title="bbox 236 2093 1682 2152; baseline 0.001 -18"><span class='ocrx_word' id='word_1_316' title='bbox 236 2093 352 2135; x_wconf 88' lang='lat' dir='ltr'>bules</span> <span class='ocrx_word' id='word_1_317' title='bbox 376 2095 699 2150; x_wconf 65' lang='lat' dir='ltr'>suosjudices?</span> <span class='ocrx_word' id='word_1_318' title='bbox 730 2098 862 2137; x_wconf 89' lang='lat' dir='ltr'>immo</span> <span class='ocrx_word' id='word_1_319' title='bbox 897 2112 994 2137; x_wconf 74' lang='lat' dir='ltr'>vcro</span> <span class='ocrx_word' id='word_1_320' title='bbox 1033 2108 1077 2137; x_wconf 79' lang='lat' dir='ltr'>tu</span> <span class='ocrx_word' id='word_1_321' title='bbox 1108 2097 1211 2152; x_wconf 83' lang='lat' dir='ltr'>quid</span> <span class='ocrx_word' id='word_1_322' title='bbox 1243 2097 1433 2138; x_wconf 80' lang='lat' dir='ltr'>diceres?</span> <span class='ocrx_word' id='word_1_323' title='bbox 1465 2109 1592 2151; x_wconf 88' lang='lat' dir='ltr'>quem</span> <span class='ocrx_word' id='word_1_324' title='bbox 1608 2095 1682 2151; x_wconf 87' lang='lat' dir='ltr'>ju-</span> 
     </span>
     <span class='ocr_line' id='line_1_43' title="bbox 232 2151 1682 2204; baseline 0 -12"><span class='ocrx_word' id='word_1_325' title='bbox 232 2151 371 2193; x_wconf 88' lang='lat' dir='ltr'>dicem</span> <span class='ocrx_word' id='word_1_326' title='bbox 391 2167 444 2192; x_wconf 86' lang='lat' dir='ltr'>ex</span> <span class='ocrx_word' id='word_1_327' title='bbox 469 2152 550 2193; x_wconf 85' lang='lat' dir='ltr'>illis</span> <span class='ocrx_word' id='word_1_328' title='bbox 573 2163 648 2193; x_wconf 82' lang='lat' dir='ltr'>aut</span> <span class='ocrx_word' id='word_1_329' title='bbox 667 2155 708 2187; x_wconf 69' lang='lat'>92</span> <span class='ocrx_word' id='word_1_330' title='bbox 723 2154 902 2194; x_wconf 86' lang='lat' dir='ltr'>tacitum</span> <span class='ocrx_word' id='word_1_331' title='bbox 928 2164 1077 2194; x_wconf 75' lang='lat' dir='ltr'>testem</span> <span class='ocrx_word' id='word_1_332' title='bbox 1102 2155 1293 2204; x_wconf 84' lang='lat' dir='ltr'>haberes,</span> <span class='ocrx_word' id='word_1_333' title='bbox 1315 2164 1390 2194; x_wconf 87' lang='lat' dir='ltr'>aut</span> <span class='ocrx_word' id='word_1_334' title='bbox 1420 2168 1520 2194; x_wconf 87' lang='lat' dir='ltr'>vero</span> <span class='ocrx_word' id='word_1_335' title='bbox 1551 2153 1682 2193; x_wconf 84' lang='lat' dir='ltr'>etiam</span> 
     </span>
    </p>
   </div>
   <div class='ocr_carea' id='block_1_17' title="bbox 231 2208 928 2262">
    <p class='ocr_par' dir='ltr' id='par_1_17' title="bbox 231 2208 928 2262">
     <span class='ocr_line' id='line_1_44' title="bbox 231 2208 928 2262; baseline 0.004 -13"><span class='ocrx_word' id='word_1_336' title='bbox 231 2209 471 2252; x_wconf 74' lang='lat' dir='ltr'>excitares?</span> <span class='ocrx_word' id='word_1_337' title='bbox 504 2208 692 2262; x_wconf 74' lang='lat' dir='ltr'>Etenim,</span> <span class='ocrx_word' id='word_1_338' title='bbox 714 2211 802 2251; x_wconf 69' lang='grc'>9351</span> <span class='ocrx_word' id='word_1_339' title='bbox 835 2226 928 2252; x_wconf 87' lang='lat' dir='ltr'>reus</span> 
     </span>
    </p>
   </div>
   <div class='ocr_carea' id='block_1_18' title="bbox 222 2343 931 2892">
    <p class='ocr_par' dir='ltr' id='par_1_18' title="bbox 228 2343 931 2553">
     <span class='ocr_line' id='line_1_45' title="bbox 272 2343 931 2386; baseline 0.002 -11"><span class='ocrx_word' id='word_1_340' title='bbox 272 2348 310 2379; x_wconf 81' lang='lat'>87</span> <span class='ocrx_word' id='word_1_341' title='bbox 326 2343 437 2384; x_wconf 77' lang='lat' dir='ltr'>inscio]</span> <span class='ocrx_word' id='word_1_342' title='bbox 464 2344 565 2375; x_wconf 82' lang='lat' dir='ltr'>Recte</span> <span class='ocrx_word' id='word_1_343' title='bbox 578 2345 728 2376; x_wconf 81' lang='lat' dir='ltr'>vitiosam</span> <span class='ocrx_word' id='word_1_344' title='bbox 743 2356 854 2376; x_wconf 82' lang='lat' dir='ltr'>vocem</span> <span class='ocrx_word' id='word_1_345' title='bbox 872 2356 931 2386; x_wconf 79' lang='lat' dir='ltr'>pu-</span> 
     </span>
     <span class='ocr_line' id='line_1_46' title="bbox 230 2386 929 2418; baseline 0.001 -1"><span class='ocrx_word' id='word_1_346' title='bbox 230 2390 304 2417; x_wconf 82' lang='lat' dir='ltr'>tant</span> <span class='ocrx_word' id='word_1_347' title='bbox 317 2387 476 2417; x_wconf 78' lang='lat' dir='ltr'>Gruterus</span> <span class='ocrx_word' id='word_1_348' title='bbox 488 2393 522 2417; x_wconf 86' lang='lat' dir='ltr'>et</span> <span class='ocrx_word' id='word_1_349' title='bbox 534 2387 601 2417; x_wconf 85' lang='lat' dir='ltr'>alii.</span> <span class='ocrx_word' id='word_1_350' title='bbox 646 2386 736 2418; x_wconf 82' lang='lat' dir='ltr'>Libri</span> <span class='ocrx_word' id='word_1_351' title='bbox 754 2388 879 2418; x_wconf 69' lang='lat' dir='ltr'>variant</span> <span class='ocrx_word' id='word_1_352' title='bbox 897 2389 929 2418; x_wconf 86' lang='lat' dir='ltr'>in</span> 
     </span>
     <span class='ocr_line' id='line_1_47' title="bbox 228 2428 929 2468; baseline 0.003 -10"><span class='ocrx_word' id='word_1_353' title='bbox 228 2439 267 2459; x_wconf 83' lang='lat' dir='ltr'>ea</span> <span class='ocrx_word' id='word_1_354' title='bbox 282 2428 373 2459; x_wconf 83' lang='lat' dir='ltr'>valde</span> <span class='ocrx_word' id='word_1_355' title='bbox 387 2440 396 2459; x_wconf 84' lang='lat'>:</span> <span class='ocrx_word' id='word_1_356' title='bbox 413 2438 455 2458; x_wconf 85' lang='lat' dir='ltr'>an</span> <span class='ocrx_word' id='word_1_357' title='bbox 470 2429 645 2468; x_wconf 82' lang='lat' dir='ltr'>legendum</span> <span class='ocrx_word' id='word_1_358' title='bbox 661 2431 761 2460; x_wconf 78' lang='lat' dir='ltr'>invito</span> <span class='ocrx_word' id='word_1_359' title='bbox 773 2431 789 2460; x_wconf 64' lang='grc' dir='ltr'>,Ρ</span> <span class='ocrx_word' id='word_1_360' title='bbox 805 2440 879 2459; x_wconf 69' lang='lat' dir='ltr'>nani</span> <span class='ocrx_word' id='word_1_361' title='bbox 896 2436 929 2460; x_wconf 67' lang='lat' dir='ltr'>ct</span> 
     </span>
     <span class='ocr_line' id='line_1_48' title="bbox 229 2471 931 2512; baseline 0.004 -12"><span class='ocrx_word' id='word_1_362' title='bbox 229 2471 390 2511; x_wconf 71' lang='lat' dir='ltr'>reperitur</span> <span class='ocrx_word' id='word_1_363' title='bbox 404 2471 522 2508; x_wconf 72' lang='lat' dir='ltr'>insuto,</span> <span class='ocrx_word' id='word_1_364' title='bbox 538 2473 573 2502; x_wconf 78' lang='lat' dir='ltr'>in</span> <span class='ocrx_word' id='word_1_365' title='bbox 586 2473 679 2509; x_wconf 73' lang='lat' dir='ltr'>sicco,</span> <span class='ocrx_word' id='word_1_366' title='bbox 693 2482 765 2512; x_wconf 84' lang='lat' dir='ltr'>quae</span> <span class='ocrx_word' id='word_1_367' title='bbox 779 2482 818 2502; x_wconf 84' lang='lat' dir='ltr'>cx</span> <span class='ocrx_word' id='word_1_368' title='bbox 831 2473 931 2503; x_wconf 63' lang='lat' dir='ltr'>inrito</span> 
     </span>
     <span class='ocr_line' id='line_1_49' title="bbox 228 2513 464 2553; baseline 0 -11"><span class='ocrx_word' id='word_1_369' title='bbox 228 2513 296 2543; x_wconf 78' lang='lat' dir='ltr'>fieri</span> <span class='ocrx_word' id='word_1_370' title='bbox 318 2521 464 2553; x_wconf 66' lang='lat' dir='ltr'>potuere.</span> 
     </span>
    </p>

    <p class='ocr_par' dir='ltr' id='par_1_19' title="bbox 227 2554 929 2628">
     <span class='ocr_line' id='line_1_50' title="bbox 270 2554 929 2594; baseline 0 -8"><span class='ocrx_word' id='word_1_371' title='bbox 270 2559 310 2587; x_wconf 62' lang='lat'>&amp;3</span> <span class='ocrx_word' id='word_1_372' title='bbox 331 2557 457 2593; x_wconf 67' lang='lat' dir='ltr'>iniquos</span> <span class='ocrx_word' id='word_1_373' title='bbox 484 2554 581 2594; x_wconf 82' lang='lat' dir='ltr'>meos]</span> <span class='ocrx_word' id='word_1_374' title='bbox 607 2565 638 2587; x_wconf 81' lang='lat' dir='ltr'>v.</span> <span class='ocrx_word' id='word_1_375' title='bbox 664 2556 755 2588; x_wconf 82' lang='lat' dir='ltr'>Clav.</span> <span class='ocrx_word' id='word_1_376' title='bbox 782 2556 929 2587; x_wconf 67' lang='lat' dir='ltr'>Graexius</span> 
     </span>
     <span class='ocr_line' id='line_1_51' title="bbox 227 2597 627 2628; baseline 0.005 -2"><span class='ocrx_word' id='word_1_377' title='bbox 227 2605 340 2627; x_wconf 70' lang='lat' dir='ltr'>tawen</span> <span class='ocrx_word' id='word_1_378' title='bbox 355 2597 455 2627; x_wconf 83' lang='lat' dir='ltr'>edidit</span> <span class='ocrx_word' id='word_1_379' title='bbox 472 2597 627 2628; x_wconf 67' lang='lat' dir='ltr'>inimicos.</span> 
     </span>
    </p>

    <p class='ocr_par' dir='ltr' id='par_1_20' title="bbox 225 2639 929 2763">
     <span class='ocr_line' id='line_1_52' title="bbox 271 2639 929 2679; baseline 0 -9"><span class='ocrx_word' id='word_1_380' title='bbox 271 2643 310 2673; x_wconf 72' lang='lat'>89</span> <span class='ocrx_word' id='word_1_381' title='bbox 325 2649 439 2670; x_wconf 74' lang='lat' dir='ltr'>nomen</span> <span class='ocrx_word' id='word_1_382' title='bbox 451 2639 675 2679; x_wconf 71' lang='lat' dir='ltr'>editc&#39;judicis]</span> <span class='ocrx_word' id='word_1_383' title='bbox 692 2640 780 2670; x_wconf 80' lang='lat' dir='ltr'>Libri</span> <span class='ocrx_word' id='word_1_384' title='bbox 797 2640 929 2679; x_wconf 72' lang='lat' dir='ltr'>qnidam</span> 
     </span>
     <span class='ocr_line' id='line_1_53' title="bbox 228 2681 929 2720; baseline 0.004 -10"><span class='ocrx_word' id='word_1_385' title='bbox 228 2682 316 2717; x_wconf 78' lang='lat' dir='ltr'>boni,</span> <span class='ocrx_word' id='word_1_386' title='bbox 347 2688 382 2711; x_wconf 79' lang='lat' dir='ltr'>ut</span> <span class='ocrx_word' id='word_1_387' title='bbox 412 2681 480 2711; x_wconf 78' lang='lat' dir='ltr'>Erf.</span> <span class='ocrx_word' id='word_1_388' title='bbox 507 2682 639 2712; x_wconf 67' lang='lat' dir='ltr'>editicii.</span> <span class='ocrx_word' id='word_1_389' title='bbox 693 2682 755 2712; x_wconf 81' lang='lat' dir='ltr'>Sed</span> <span class='ocrx_word' id='word_1_390' title='bbox 780 2689 813 2713; x_wconf 81' lang='lat' dir='ltr'>et</span> <span class='ocrx_word' id='word_1_391' title='bbox 840 2684 929 2720; x_wconf 49' lang='lat' dir='ltr'>caiti,</span> 
     </span>
     <span class='ocr_line' id='line_1_54' title="bbox 225 2723 713 2763; baseline 0.002 -11"><span class='ocrx_word' id='word_1_392' title='bbox 225 2725 406 2763; x_wconf 54' lang='lat' dir='ltr'>praesertim</span> <span class='ocrx_word' id='word_1_393' title='bbox 423 2723 454 2753; x_wconf 87' lang='lat' dir='ltr'>h.</span> <span class='ocrx_word' id='word_1_394' title='bbox 471 2723 493 2754; x_wconf 91' lang='lat' dir='ltr'>l.</span> <span class='ocrx_word' id='word_1_395' title='bbox 511 2728 636 2754; x_wconf 81' lang='lat' dir='ltr'>rectum</span> <span class='ocrx_word' id='word_1_396' title='bbox 651 2729 713 2754; x_wconf 84' lang='lat' dir='ltr'>est.</span> 
     </span>
    </p>

    <p class='ocr_par' dir='ltr' id='par_1_21' title="bbox 222 2764 931 2892">
     <span class='ocr_line' id='line_1_55' title="bbox 265 2764 930 2805; baseline 0.002 -10"><span class='ocrx_word' id='word_1_397' title='bbox 265 2770 305 2799; x_wconf 70' lang='grc'>90</span> <span class='ocrx_word' id='word_1_398' title='bbox 329 2775 348 2796; x_wconf 80' lang='lat' dir='ltr'>L</span> <span class='ocrx_word' id='word_1_399' title='bbox 363 2764 517 2805; x_wconf 60' lang='lat' dir='ltr'>referret]</span> <span class='ocrx_word' id='word_1_400' title='bbox 544 2767 564 2796; x_wconf 86' lang='lat' dir='ltr'>i.</span> <span class='ocrx_word' id='word_1_401' title='bbox 581 2776 608 2796; x_wconf 88' lang='lat' dir='ltr'>e.</span> <span class='ocrx_word' id='word_1_402' title='bbox 637 2770 835 2804; x_wconf 60' lang='lat' dir='ltr'>rejectorum</span> <span class='ocrx_word' id='word_1_403' title='bbox 859 2767 930 2796; x_wconf 73' lang='lat' dir='ltr'>loco</span> 
     </span>
     <span class='ocr_line' id='line_1_56' title="bbox 222 2807 930 2847; baseline 0.003 -11"><span class='ocrx_word' id='word_1_404' title='bbox 222 2807 345 2838; x_wconf 69' lang='lat' dir='ltr'>ederet.</span> <span class='ocrx_word' id='word_1_405' title='bbox 405 2808 554 2838; x_wconf 70' lang='lat' dir='ltr'>Gra’vius</span> <span class='ocrx_word' id='word_1_406' title='bbox 583 2808 678 2838; x_wconf 81' lang='lat' dir='ltr'>malit</span> <span class='ocrx_word' id='word_1_407' title='bbox 694 2808 821 2847; x_wconf 72' lang='lat' dir='ltr'>ferret.</span> <span class='ocrx_word' id='word_1_408' title='bbox 853 2809 872 2838; x_wconf 89' lang='lat' dir='ltr'>i.</span> <span class='ocrx_word' id='word_1_409' title='bbox 901 2820 930 2839; x_wconf 81' lang='lat' dir='ltr'>e.</span> 
     </span>
     <span class='ocr_line' id='line_1_57' title="bbox 225 2849 931 2892; baseline 0.004 -14"><span class='ocrx_word' id='word_1_410' title='bbox 225 2850 430 2890; x_wconf 62' lang='lat' dir='ltr'>niinipliciter,</span> <span class='ocrx_word' id='word_1_411' title='bbox 458 2849 579 2887; x_wconf 76' lang='lat' dir='ltr'>ederet,</span> <span class='ocrx_word' id='word_1_412' title='bbox 609 2860 689 2890; x_wconf 67' lang='lat' dir='ltr'>quus</span> <span class='ocrx_word' id='word_1_413' title='bbox 710 2850 838 2892; x_wconf 71' lang='lat' dir='ltr'>‚judices</span> <span class='ocrx_word' id='word_1_414' title='bbox 864 2860 931 2881; x_wconf 62' lang='lat' dir='ltr'>esse</span> 
     </span>
    </p>
   </div>
   <div class='ocr_carea' id='block_1_19' title="bbox 963 2208 1680 2263">
    <p class='ocr_par' dir='ltr' id='par_1_22' title="bbox 963 2208 1680 2263">
     <span class='ocr_line' id='line_1_58' title="bbox 963 2208 1680 2263; baseline -0.003 -11"><span class='ocrx_word' id='word_1_415' title='bbox 963 2211 1122 2252; x_wconf 77' lang='lat' dir='ltr'>tribum</span> <span class='ocrx_word' id='word_1_416' title='bbox 1145 2212 1302 2263; x_wconf 84' lang='lat' dir='ltr'>ederet,</span> <span class='ocrx_word' id='word_1_417' title='bbox 1326 2210 1563 2252; x_wconf 83' lang='lat' dir='ltr'>Voltiniam</span> <span class='ocrx_word' id='word_1_418' title='bbox 1595 2208 1680 2250; x_wconf 85' lang='lat' dir='ltr'>sor-</span> 
     </span>
    </p>
   </div>
   <div class='ocr_carea' id='block_1_20' title="bbox 973 2347 1727 2906">
    <p class='ocr_par' dir='ltr' id='par_1_23' title="bbox 974 2347 1084 2377">
     <span class='ocr_line' id='line_1_59' title="bbox 974 2347 1084 2377; baseline 0 -1"><span class='ocrx_word' id='word_1_419' title='bbox 974 2347 1084 2377; x_wconf 68' lang='lat' dir='ltr'>vellet.</span> 
     </span>
    </p>

    <p class='ocr_par' dir='ltr' id='par_1_24' title="bbox 973 2387 1678 2587">
     <span class='ocr_line' id='line_1_60' title="bbox 1015 2387 1678 2429; baseline 0.002 -11"><span class='ocrx_word' id='word_1_420' title='bbox 1015 2392 1050 2423; x_wconf 78' lang='grc'>91</span> <span class='ocrx_word' id='word_1_421' title='bbox 1078 2389 1250 2428; x_wconf 78' lang='lat' dir='ltr'>omniaque</span> <span class='ocrx_word' id='word_1_422' title='bbox 1265 2390 1376 2428; x_wconf 78' lang='lat' dir='ltr'>potius</span> <span class='ocrx_word' id='word_1_423' title='bbox 1395 2387 1678 2429; x_wconf 60' lang='lat' dir='ltr'>permiscuerunt]</span> 
     </span>
     <span class='ocr_line' id='line_1_61' title="bbox 974 2429 1676 2470; baseline 0 -10"><span class='ocrx_word' id='word_1_424' title='bbox 974 2429 1048 2460; x_wconf 81' lang='lat' dir='ltr'>Non</span> <span class='ocrx_word' id='word_1_425' title='bbox 1072 2431 1235 2470; x_wconf 79' lang='lat' dir='ltr'>intelligo,</span> <span class='ocrx_word' id='word_1_426' title='bbox 1260 2431 1337 2469; x_wconf 84' lang='lat' dir='ltr'>quid</span> <span class='ocrx_word' id='word_1_427' title='bbox 1359 2431 1403 2461; x_wconf 87' lang='lat' dir='ltr'>sit</span> <span class='ocrx_word' id='word_1_428' title='bbox 1424 2431 1533 2462; x_wconf 83' lang='lat' dir='ltr'>omnia</span> <span class='ocrx_word' id='word_1_429' title='bbox 1553 2431 1676 2470; x_wconf 78' lang='lat' dir='ltr'>permi-</span> 
     </span>
     <span class='ocr_line' id='line_1_62' title="bbox 973 2473 1678 2513; baseline 0 -11"><span class='ocrx_word' id='word_1_430' title='bbox 973 2477 1137 2503; x_wconf 58' lang='lat' dir='ltr'>scuerunt.</span> <span class='ocrx_word' id='word_1_431' title='bbox 1194 2474 1382 2512; x_wconf 56' lang='lat' dir='ltr'>Suspicatus</span> <span class='ocrx_word' id='word_1_432' title='bbox 1419 2483 1493 2503; x_wconf 85' lang='lat' dir='ltr'>sum</span> <span class='ocrx_word' id='word_1_433' title='bbox 1523 2473 1678 2513; x_wconf 77' lang='lat' dir='ltr'>permise-</span> 
     </span>
     <span class='ocr_line' id='line_1_63' title="bbox 973 2514 1677 2555; baseline 0.001 -12"><span class='ocrx_word' id='word_1_434' title='bbox 973 2520 1066 2551; x_wconf 72' lang='lat' dir='ltr'>runt,</span> <span class='ocrx_word' id='word_1_435' title='bbox 1095 2515 1178 2545; x_wconf 66' lang='lat' dir='ltr'>serre</span> <span class='ocrx_word' id='word_1_436' title='bbox 1209 2515 1398 2552; x_wconf 78' lang='lat' dir='ltr'>volucrunt,</span> <span class='ocrx_word' id='word_1_437' title='bbox 1431 2525 1529 2554; x_wconf 79' lang='lat' dir='ltr'>quani</span> <span class='ocrx_word' id='word_1_438' title='bbox 1549 2514 1677 2555; x_wconf 71' lang='lat' dir='ltr'>judices</span> 
     </span>
     <span class='ocr_line' id='line_1_64' title="bbox 973 2565 1089 2587; baseline 0 0"><span class='ocrx_word' id='word_1_439' title='bbox 973 2565 1089 2587; x_wconf 68' lang='lat' dir='ltr'>cultos.</span> 
     </span>
    </p>

    <p class='ocr_par' dir='ltr' id='par_1_25' title="bbox 973 2599 1727 2798">
     <span class='ocr_line' id='line_1_65' title="bbox 1015 2599 1679 2639; baseline 0 -9"><span class='ocrx_word' id='word_1_440' title='bbox 1015 2603 1055 2631; x_wconf 74' lang='lat'>92</span> <span class='ocrx_word' id='word_1_441' title='bbox 1079 2599 1215 2629; x_wconf 70' lang='lat' dir='ltr'>tacitum</span> <span class='ocrx_word' id='word_1_442' title='bbox 1235 2599 1358 2638; x_wconf 68' lang='lat' dir='ltr'>testem]</span> <span class='ocrx_word' id='word_1_443' title='bbox 1386 2600 1408 2630; x_wconf 87' lang='lat' dir='ltr'>i.</span> <span class='ocrx_word' id='word_1_444' title='bbox 1424 2610 1453 2629; x_wconf 87' lang='lat' dir='ltr'>e.</span> <span class='ocrx_word' id='word_1_445' title='bbox 1467 2599 1523 2639; x_wconf 79' lang='lat' dir='ltr'>qui</span> <span class='ocrx_word' id='word_1_446' title='bbox 1539 2609 1604 2629; x_wconf 91' lang='lat' dir='ltr'>non</span> <span class='ocrx_word' id='word_1_447' title='bbox 1619 2609 1679 2631; x_wconf 70' lang='lat' dir='ltr'>sua</span> 
     </span>
     <span class='ocr_line' id='line_1_66' title="bbox 973 2641 1675 2680; baseline 0.001 -10"><span class='ocrx_word' id='word_1_448' title='bbox 973 2649 1090 2680; x_wconf 71' lang='lat' dir='ltr'>sponte</span> <span class='ocrx_word' id='word_1_449' title='bbox 1116 2641 1155 2671; x_wconf 80' lang='lat' dir='ltr'>dc</span> <span class='ocrx_word' id='word_1_450' title='bbox 1179 2641 1302 2671; x_wconf 76' lang='lat' dir='ltr'>l&#39;laucii</span> <span class='ocrx_word' id='word_1_451' title='bbox 1323 2643 1514 2672; x_wconf 76' lang='lat' dir='ltr'>innocentia</span> <span class='ocrx_word' id='word_1_452' title='bbox 1533 2641 1675 2678; x_wconf 85' lang='lat' dir='ltr'>diceret;</span> 
     </span>
     <span class='ocr_line' id='line_1_67' title="bbox 975 2683 1678 2722; baseline -0.001 -9"><span class='ocrx_word' id='word_1_453' title='bbox 975 2691 1031 2713; x_wconf 85' lang='lat' dir='ltr'>aut</span> <span class='ocrx_word' id='word_1_454' title='bbox 1061 2693 1155 2722; x_wconf 67' lang='lat' dir='ltr'>quein</span> <span class='ocrx_word' id='word_1_455' title='bbox 1181 2685 1352 2719; x_wconf 51' lang='lat' dir='ltr'>excitares,</span> <span class='ocrx_word' id='word_1_456' title='bbox 1371 2684 1501 2721; x_wconf 80' lang='lat' dir='ltr'>jubere,</span> <span class='ocrx_word' id='word_1_457' title='bbox 1529 2683 1678 2714; x_wconf 83' lang='lat' dir='ltr'>testimo-</span> 
     </span>
     <span class='ocr_line' id='line_1_68' title="bbox 975 2725 1727 2764; baseline 0.003 -10"><span class='ocrx_word' id='word_1_458' title='bbox 975 2727 1066 2755; x_wconf 80' lang='lat' dir='ltr'>nium</span> <span class='ocrx_word' id='word_1_459' title='bbox 1089 2725 1207 2761; x_wconf 68' lang='lat' dir='ltr'>dicere,</span> <span class='ocrx_word' id='word_1_460' title='bbox 1231 2735 1307 2755; x_wconf 78' lang='lat' dir='ltr'>eum</span> <span class='ocrx_word' id='word_1_461' title='bbox 1331 2726 1440 2764; x_wconf 78' lang='lat' dir='ltr'>scires,</span> <span class='ocrx_word' id='word_1_462' title='bbox 1463 2735 1539 2756; x_wconf 81' lang='lat' dir='ltr'>eum</span> <span class='ocrx_word' id='word_1_463' title='bbox 1565 2725 1675 2756; x_wconf 74' lang='lat' dir='ltr'>lauda-</span> <span class='ocrx_word' id='word_1_464' title='bbox 1726 2758 1727 2761; x_wconf 14' lang='grc' dir='ltr'><strong>Ἴ</strong></span> 
     </span>
     <span class='ocr_line' id='line_1_69' title="bbox 975 2767 1288 2798; baseline 0 -1"><span class='ocrx_word' id='word_1_465' title='bbox 975 2774 1087 2798; x_wconf 79' lang='lat' dir='ltr'>turum</span> <span class='ocrx_word' id='word_1_466' title='bbox 1107 2767 1288 2797; x_wconf 72' lang='lat' dir='ltr'>Plancium.</span> 
     </span>
    </p>

    <p class='ocr_par' dir='ltr' id='par_1_26' title="bbox 977 2809 1721 2906">
     <span class='ocr_line' id='line_1_70' title="bbox 1017 2809 1721 2852; baseline 0.003 -13"><span class='ocrx_word' id='word_1_467' title='bbox 1017 2814 1056 2843; x_wconf 71' lang='lat'>93</span> <span class='ocrx_word' id='word_1_468' title='bbox 1080 2810 1106 2840; x_wconf 81' lang='lat' dir='ltr'>si</span> <span class='ocrx_word' id='word_1_469' title='bbox 1130 2820 1203 2838; x_wconf 56' lang='lat' dir='ltr'>reus</span> <span class='ocrx_word' id='word_1_470' title='bbox 1225 2810 1348 2840; x_wconf 62' lang='lat' dir='ltr'>tribum</span> <span class='ocrx_word' id='word_1_471' title='bbox 1373 2809 1494 2852; x_wconf 68' lang='lat' dir='ltr'>ederet]</span> <span class='ocrx_word' id='word_1_472' title='bbox 1525 2810 1578 2841; x_wconf 77' lang='lat' dir='ltr'>Sic</span> <span class='ocrx_word' id='word_1_473' title='bbox 1602 2809 1673 2841; x_wconf 78' lang='lat' dir='ltr'>Erf.</span> <span class='ocrx_word' id='word_1_474' title='bbox 1720 2819 1721 2822; x_wconf 74' lang='grc'>’</span> 
     </span>
     <span class='ocr_line' id='line_1_71' title="bbox 977 2849 1719 2906; baseline 0.001 -23"><span class='ocrx_word' id='word_1_475' title='bbox 977 2857 1074 2883; x_wconf 73' lang='lat' dir='ltr'>reete.</span> <span class='ocrx_word' id='word_1_476' title='bbox 1121 2851 1228 2892; x_wconf 70' lang='lat' dir='ltr'>Vulgo</span> <span class='ocrx_word' id='word_1_477' title='bbox 1246 2853 1360 2884; x_wconf 76' lang='lat' dir='ltr'>tribus.</span> <span class='ocrx_word' id='word_1_478' title='bbox 1710 2849 1719 2906; x_wconf 51' lang='grc' dir='ltr'>ἒ</span> 
     </span>
    </p>
   </div>
   <div class='ocr_carea' id='block_1_21' title="bbox 1729 3168 1769 3174">
    <p class='ocr_par' dir='ltr' id='par_1_27' title="bbox 1729 3168 1769 3174">
     <span class='ocr_line' id='line_1_72' title="bbox 1729 3168 1769 3174; baseline 0 0"><span class='ocrx_word' id='word_1_479' title='bbox 1729 3168 1769 3174; x_wconf 95' lang='lat' dir='ltr'> </span> 
     </span>
    </p>
   </div>
  </div>
 </body>
</html>
