1785 3185
466 141 814 180 PHILIPPICA
840 140 1130 179 SECUNDA.
1417 142 1515 179 1299

86 245 268 288 Caesaris
288 243 494 296 defendis,
515 244 618 300 quid
650 254 772 300 potes
802 244 957 295 dicere,
978 257 1054 284 cur
1083 241 1166 282 alia
1194 241 1410 293 defendas,
1431 241 1516 283 alia

87 317 170 343 non
200 304 351 344 cures?
381 301 462 343 nisi
494 301 604 342 forte
626 303 688 342 vis
719 302 856 352 fateri,
881 310 922 340 tc
951 298 1096 340 omnia
1117 307 1283 352 quaestu
1315 308 1405 350 tuo,
1428 312 1514 340 non

84 358 195 399 illius
227 358 438 415 dignitate
474 358 630 400 metiri.
692 358 809 405 Quid
847 357 897 397 ad
934 357 1030 398 haec
1069 355 1273 396 tandem?
1306 364 1513 411 exspecto

80 415 195 456 enim
247 415 534 471 eloquentiam
591 427 721 456 tuam.
771 413 1095 455 disertissimum
1147 411 1332 466 cognovi
1384 425 1512 452 avum

83 479 231 514 tuum:
263 482 306 513 at
329 485 369 513 te
390 472 519 513 etiam
543 475 579 503 ¹3
593 473 847 528 apertiorem
878 472 921 511 in
950 470 1147 512 dicendo,
1179 468 1248 508 ille
1278 481 1512 522 numquam

82 528 221 570 nudus
251 539 316 570 est
346 530 650 571 concionatus:
683 539 801 570 tuum
837 528 1020 569 hominis
1051 525 1254 581 simplicis
1277 533 1426 579 pectus
1449 525 1512 564 vi-

80 585 235 627 dimus.
297 586 650 642 Respondebisnc
672 587 724 627 ad
756 586 875 628 haec?
906 595 980 626 aut
1001 584 1177 624 omniuo
1199 582 1362 622 hiscere
1383 580 1513 621 aude·

82 641 147 682 bis
167 645 180 684 ?
210 644 363 698 ecquid
395 644 576 699 reperies
606 658 660 684 cx
689 653 775 684 tam
797 643 926 698 longa
947 642 1140 683 oratione
1160 654 1268 689 mea,
1290 637 1358 680 cui
1384 648 1424 678 te
1446 651 1511 678 re-

80 699 289 755 spondere
312 715 433 756 posse
455 700 672 742 confidas?
732 700 816 741 Sed
838 700 1054 755 praeterita
1075 697 1338 739 omittamus.

139 755 271 797 Hunc
325 772 456 798 unum
507 757 633 808 dlem,
677 756 790 798 hunc
833 770 978 806 unum,
1022 757 1209 810 inquam,
1252 751 1507 793 hodiernum
1520 743 1592 792 44

82 811 212 865 diem,
233 814 316 855 hoc
340 823 546 870 punctum
567 813 786 870 temporis,
804 828 889 868 quo
910 813 1075 868 loquor,
1096 809 1292 861 defende,
1314 809 1348 849 si
1372 816 1508 863 potes.
1524 815 1596 849 112

81 884 158 910 cur
186 879 444 912 armatorum
477 885 635 912 corona
664 880 833 911 senatus
864 879 1006 926 septus
1038 871 1128 910 est?
1159 881 1234 908 cur
1264 880 1332 907 me
1358 865 1419 906 tui
1445 880 1510 905 sa-

79 925 233 968 tellites
273 942 371 969 cum
412 927 564 983 gladiis
605 927 811 969 audiunt?
842 942 916 968 cur
953 926 1086 967 valvae
1126 922 1382 967 Concordiae
1421 936 1510 962 non

82 986 264 1038 patent?
305 999 380 1025 cur
422 985 615 1025 homines
657 984 849 1025 omnium
892 983 1084 1040 gentium
1125 981 1314 1023 maxime
1355 979 1511 1020 barba-

78 1054 162 1091 τος,
186 1039 368 1096 Ityreos,
388 1056 487 1082 cum
520 1041 686 1098 sagittis
717 1041 891 1082 deducis
914 1041 957 1082 in
980 1039 1118 1081 forum
1141 1043 1153 1081 ἓ
1215 1036 1411 1078 Praesidii
1444 1036 1510 1077 sui

79 1111 207 1138 causa
229 1112 272 1138 se
293 1097 432 1140 facere
453 1099 572 1139 dicit.
607 1099 762 1139 Nonne
785 1098 916 1154 igitur
933 1097 1085 1138 millies
1108 1095 1243 1152 perire
1261 1102 1324 1135 est
1341 1092 1510 1143 melius,

77 1168 204 1209 quam
229 1155 273 1195 in
295 1170 370 1196 sua
391 1155 566 1196 civitate
587 1156 677 1196 siue
697 1168 957 1196 armatorum
981 1153 1178 1210 praesidio
1200 1167 1281 1194 non
1310 1164 1431 1206 posse
1448 1149 1512 1190 vi-

76 1214 202 1253 vere?
262 1212 346 1253 Sed
376 1212 540 1254 nullum
570 1221 634 1254 est
665 1213 789 1264 istuc,
812 1211 918 1253 mihi
949 1212 1086 1261 crede,
1111 1208 1371 1266 praesidium.
1403 1206 1512 1248 cari-

76 1274 181 1320 tate,
211 1277 255 1309 et
285 1269 575 1311 benivolentia
604 1269 763 1311 civium
795 1279 960 1325 septum
993 1276 1163 1324 oportet
1192 1279 1297 1316 esse,
1328 1278 1413 1305 non
1444 1278 1511 1304 ar-

77 1325 174 1366 mis.
236 1325 415 1383 Eripiet‚
437 1328 713 1382 extorquebit
736 1327 814 1367 tibi
844 1329 924 1367 ista
953 1325 1135 1382 populus
1168 1322 1402 1373 Romanus,
1425 1321 1597 1361 uti-11³

76 1395 176 1424 nam
208 1383 332 1424 salvis
364 1385 512 1426 nobis!
546 1384 616 1425 sed
641 1399 814 1439 quoquo
836 1383 964 1424 modo
987 1382 1212 1424 nobiscum
1233 1379 1385 1435 egeris,
1407 1377 1509 1419 dum

72 1438 170 1479 istis
201 1440 389 1482 consiliis
421 1441 564 1491 uteris,
588 1456 673 1482 non
706 1451 840 1496 potes,
864 1440 968 1481 mihi
998 1440 1137 1490 crede,
1159 1451 1249 1478 esse
1270 1436 1511 1477 diuturnus.

77 1494 250 1538 Etenim
282 1497 363 1539 ista
393 1507 467 1539 tua
495 1499 672 1539 minime
693 1513 819 1538 avara
840 1499 1017 1552 conjux,
1040 1510 1165 1551 quam
1190 1508 1272 1550 ego
1296 1493 1386 1533 sine
1409 1506 1512 1532 con-

76 1554 252 1594 tumelia
274 1555 485 1607 describo,
503 1555 683 1596 nimium
711 1558 747 1585 14
760 1555 887 1596 debet
909 1556 980 1595 diu
1005 1552 1163 1610 populo
1187 1551 1387 1591 Romano
1408 1563 1511 1604 peu-

74 1610 239 1651 sionem
261 1613 446 1653 tertiam.
511 1612 657 1654 Habet
685 1612 867 1668 populus
892 1611 1127 1660 Romanus,
1150 1609 1202 1650 ad
1224 1622 1331 1663 quos
1353 1607 1509 1663 guber-

74 1668 227 1708 nacula
257 1669 504 1724 reipublicae
535 1668 721 1711 deferat:
755 1670 827 1724 qui
865 1669 1124 1723 ubicumque
1153 1675 1361 1707 terrarum
1395 1673 1508 1713 sunt,

75 1724 134 1765 ibi
158 1734 222 1766 est
248 1740 374 1766 omne
407 1726 651 1781 reipublicae
685 1726 946 1782 praesidium,
971 1726 1034 1766 vel
1067 1724 1208 1780 potius
1239 1722 1331 1778 ipsa
1361 1734 1508 1776 respu-

74 1781 200 1833 blica,
221 1797 318 1838 quae
351 1797 393 1823 se
421 1783 561 1824 adhuc
585 1783 882 1824 tantummodo
908 1782 995 1823 ulta
1015 1791 1093 1831 est,
1117 1779 1307 1820 nondum
1331 1791 1506 1832 recupe-

72 1839 199 1879 ravit.
260 1838 406 1880 Habet
427 1840 599 1895 quidem
622 1850 736 1881 certe
759 1840 999 1895 respublica
1018 1838 1307 1879 adolescentes
1329 1834 1536 1900 nobilis-a

73 1895 220 1946 simos,
258 1906 427 1951 paratos
466 1896 723 1941 defensores.
759 1912 885 1951 quam
929 1896 1085 1947 volent,
1119 1894 1178 1935 illi
1211 1893 1380 1943 cedant,
1415 1890 1506 1933 otio
1539 1892 1548 1900 ”

71 1953 373 1995 consulentes:
408 1963 547 1994 tamen
571 1969 595 1994 a
627 1954 844 2009 republica
875 1953 1203 1994 revocabuntur.
1264 1949 1321 1991 Et
1352 1962 1508 1990 nomen

75 2010 193 2064 pacis
216 2009 338 2050 dulce
359 2020 436 2060 est,
459 2019 502 2050 et
523 2011 615 2066 ipsa
640 2026 701 2051 res
730 2010 938 2051 salutaris.
961 2010 1031 2050 sed
1055 2010 1165 2049 inter
1188 2021 1336 2063 pacem
1358 2016 1401 2047 et
1422 2019 1509 2046 ser-

74 2066 252 2108 vitutem
278 2067 507 2122 plurimum
530 2067 718 2124 interest.
743 2083 826 2124 pax
849 2078 913 2108 est
935 2065 1161 2121 tranquilla
1186 2065 1358 2105 libertas
1380 2080 1389 2105 :
1422 2076 1509 2102 ser-

75 2123 188 2164 vitus
222 2124 428 2165 malorum
459 2125 650 2165 omnium
689 2134 966 2180 postremum,
998 2138 1083 2164 non
1113 2122 1243 2163 modo
1275 2120 1401 2171 bello,
1431 2119 1506 2160 sed

74 2191 212 2221 mor-te
241 2181 371 2222 etiam
404 2181 704 2237 repellendum.
766 2181 932 2228 Quodsi
958 2194 1001 2221 se
1023 2181 1138 2236 ipsos
1161 2178 1220 2219 illi
1243 2177 1377 2220 nostri
1399 2176 1594 2217 libe-114·

76 2246 233 2278 ratores
257 2252 279 2278 e
301 2250 532 2293 conspectu
558 2248 702 2279 nostro
725 2237 1018 2280 abstulerunt:
1050 2246 1094 2277 at
1123 2234 1369 2291 exemplum
1399 2233 1504 2274 facti

73 2294 348 2349 reliquerunt.
391 2294 464 2345 illi,
506 2295 621 2350 quod
663 2310 788 2336 nemo
830 2294 1005 2345 fecerat,
1046 2293 1253 2335 fecerunt.
1323 2289 1508 2346 Tarqui-

71 2351 192 2392 nium
224 2352 382 2393 Brutus
408 2351 516 2393 bello
540 2363 603 2393 cst
625 2361 896 2408 persecutus:
933 2351 1054 2406 15qui
1077 2361 1168 2392 tum
1190 2363 1265 2390 rex
1288 2348 1386 2400 fuit,
1407 2362 1508 2390 cum

1516 1836 1547 1867 p.
1570 1826 1640 1856 18¹3.

75 2548 77 2550 q
120 2508 156 2537 13
179 2508 370 2546 apertiorem
388 2510 423 2538 in
438 2508 582 2548 dicendo]
608 2509 708 2539 docus
732 2518 770 2537 ex
815 2508 989 2548 perierant.
1031 2505 1160 2537 Alludit
1182 2509 1294 2536 autem
1319 2503 1359 2534 ad
1382 2511 1510 2533 morem

76 2549 244 2587 ambiguo,
275 2555 314 2580 ut
342 2555 457 2589 patet:
490 2551 544 2589 qui
573 2551 691 2581 ductus
721 2554 771 2580 est
813 2548 1040 2580 solvendarum
1077 2549 1302 2588 pecuniarum,
1335 2551 1375 2575 ut
1409 2543 1508 2579 dotis,

73 2600 114 2620 ex
139 2601 190 2627 eo,
214 2591 298 2630 quod
325 2593 438 2622 diserti
465 2593 593 2632 proprie
621 2597 671 2622 est
699 2601 771 2632 per-
814 2601 871 2631 per
892 2591 957 2621 tria
978 2596 1141 2631 tempora,
1155 2600 1182 2622 s,
1196 2597 1262 2620 tres
1285 2597 1388 2619 annos
1403 2598 1412 2616 ι
1435 2594 1509 2625 qum

75 2632 240 2672 spicuitas.
284 2634 346 2663 Sed
374 2638 491 2673 aperta
516 2635 618 2664 oratio
646 2638 696 2665 est
723 2637 772 2663 et·
814 2634 986 2673 pensiones
1011 2633 1108 2662 dictae
1137 2632 1244 2673 (nobis
1270 2629 1452 2668 Termine).
1478 2637 1510 2658 v.

74 2673 139 2704 iarn
168 2675 348 2715 perspicua.
401 2677 577 2715 Sequentia
604 2676 772 2716 pertinent
817 2675 925 2705 Claxis
943 2676 1107 2714 inpensio.

76 2715 116 2745 nd
130 2715 174 2753 id,
190 2717 274 2756 (ruod
289 2726 386 2757 supra
401 2717 439 2747 de
456 2718 673 2758 lupercalibus
697 2727 773 2749 nar·
864 2720 898 2747 15
921 2717 976 2756 qui
991 2722 1061 2746 tum
1075 2714 1233 2755 rexsuit,
1258 2712 1330 2751 &C.]
1350 2710 1435 2743 Tum
1450 2709 1512 2741 ha·

73 2758 170 2789 ravit.
812 2759 893 2789 beut
917 2759 989 2788 libri
1012 2768 1074 2789 scr.
1091 2757 1214 2798 plures,
1228 2756 1329 2785 etiam
1345 2753 1453 2784 Guelf.
1470 2751 1510 2783 L.

119 2802 156 2830 14
183 2800 272 2830 debet
294 2801 480 2840 pensionem
508 2801 658 2842 tertiam]
688 2802 769 2832 Ter·
815 2801 859 2830 H.
883 2810 940 2840 pro
962 2799 1097 2839 vulgato
1120 2803 1250 2829 tamen:
1273 2797 1381 2834 itaque
1403 2794 1510 2834 recepi

10 2857 13 2859 >
73 2839 158 2872 tium
177 2843 346 2872 maritum.
363 2852 438 2872 uam
463 2843 586 2883 priores
600 2844 678 2881 duo,
694 2843 771 2874 Clo·
815 2852 889 2872 cum
903 2842 1043 2871 Graevio.
1082 2842 1160 2871 Post
1173 2849 1232 2879 pro
1247 2838 1357 2872 liceret
1370 2835 1455 2875 edidi
1471 2837 1511 2866 ti-

73 2880 144 2913 dius
166 2887 202 2914 et
222 2885 337 2921 Curio,
363 2885 535 2924 perniciosi
558 2885 661 2924 cives,
686 2884 771 2915 foede
815 2885 918 2922 vebat,
933 2882 1021 2922 quod
1033 2887 1069 2918 et
1091 2883 1198 2926 ipsum
1214 2880 1353 2912 inlibris
1367 2878 1513 2920 antiquit

726 2933 854 2975 41³4
