1785 3185
242 111 354 145 v'1410
816 104 1064 144 ORATIO

252 208 430 251 Adeone
462 222 528 250 me
559 208 739 250 ferreum
772 209 947 272 putatis,
970 218 1016 251 ut
1034 223 1132 251 cum
1154 223 1204 250 eo
1226 207 1446 265 congredi,
1466 216 1540 255 aut
1560 208 1680 251 illum

254 266 473 330 adspicere
496 266 682 322 possim?
713 280 784 320 qui
807 280 955 321 nuper
973 281 1071 307 cum
1094 267 1136 307 in
1165 266 1372 307 concione
1392 266 1571 307 donaret
1592 280 1681 317 eos,

255 332 328 377 qui
347 337 385 363 e1
408 322 461 364 de
482 322 701 378 palricidis
735 322 1003 363 audacissimi
1037 323 1302 372 videbantur,
1336 337 1430 363 mea
1463 324 1575 364 bona
1604 323 1682 363 do-

256 393 358 420 nare
388 393 432 420 se
460 379 573 420 dixit
597 379 778 419 Potissio
812 378 1027 429 Uthinam,
1050 379 1123 434 qui
1151 393 1203 419 ex
1233 379 1456 434 naufragio
1478 378 1683 420 luculenti

194 431 503 491 20patr·imonii
534 438 573 466 33
590 436 642 476 ad
673 436 766 476 haec
803 436 976 476 Antoni
970 445 1050 475 in‘t
1085 450 1188 477 saxa
1227 435 1442 491 plojectus
1472 444 1551 476 est.
1610 435 1682 477 An

259 493 308 534 L.
349 492 587 534 Antonium
630 492 845 554 adspicere
889 493 1066 555 potero?
1107 491 1228 546 cujus
1269 506 1350 547 ego
1386 492 1682 533 crudelitatem

255 549 446 605 effugere
479 564 563 590 non
600 548 848 612 potuissem,
881 548 962 588 nisi
1000 562 1066 588 me
1109 548 1341 598 moenibus,
1376 557 1419 588 et
1456 548 1604 604 portis,
1639 556 1684 588 et

254 608 396 647 studio
429 606 651 660 municipii
684 619 768 645 mel
800 603 1098 645 defendissem.
1156 603 1301 659 Atque
1335 604 1448 644 idem
1478 605 1550 644 hic
1580 605 1683 645 mir·
1724 636 1730 639 -

253 663 372 703 millo
404 661 634 712 Asiaticus,
669 660 776 702 latro
808 659 961 711 Italiae,
982 660 1146 717 collega
1170 661 1373 701 Lentonis
1405 668 1448 700 et
1483 660 1680 711 Nuculae,

255 734 353 760 cum
382 717 604 774 3²Aquilae
637 716 840 773 primipili
872 731 1024 758 numos
1055 731 1203 758 aureos
1234 717 1367 767 daret,
1388 717 1440 758 de
1470 718 1575 758 meis
1608 719 1684 758 bo-

254 776 319 816 nis
340 789 383 816 sc
404 775 502 816 dare
523 775 649 815 dixit.
671 789 705 815 sr
726 775 841 814 enim
857 773 909 815 de
928 775 1012 815 suis
1028 774 1222 823 dixisset,
1241 788 1291 814 ne
1312 774 1495 828 aquilam
1511 774 1684 837 quidem

255 832 392 889 ipsam
422 831 678 876 ‹tr-editmam
709 830 890 886 putavit.
949 830 1102 872 35Non
1138 830 1289 881 ferent,
1321 845 1405 871 non
1438 830 1588 881 fei-,ent
1622 831 1687 871 in-

257 903 400 944 quam,
417 888 529 929 oculi
553 887 727 938 Saxam,
748 887 1016 943 Caphonem,
1035 902 1120 928 non
1138 887 1244 928 duos
1265 899 1481 942 praetores,
1500 901 1583 928 non
1609 887 1684 928 tri·

212 952 246 983 b.
259 946 421 986 bunum
455 944 603 1000 plebis,
626 958 711 985 non
738 944 823 985 duo
845 944 1089 999 designatos
1123 944 1331 994 tribunos,
1364 958 1449 984 non
1480 943 1686 994 Bestiam,

259 1016 347 1043 non
377 1001 649 1051 Trebellium,
682 1015 767 1042 non
800 1000 1021 1042 Plancum.
1054 1015 1140 1041 non
1180 1015 1353 1055 possum
1383 1001 1526 1041 animo
1560 1016 1686 1055 aequo

219 1103 222 1104 ⁷
261 1059 404 1099 videre
439 1062 516 1108 tot,
535 1067 621 1098 tam
655 1057 936 1113 importunos,
960 1066 1046 1098 tam
1080 1057 1305 1098 sceleratos
1326 1057 1496 1097 hostes:
1542 1071 1621 1098 nec
1642 1057 1687 1098 id

198 1113 245 1149 21
262 1115 311 1156 fit
344 1114 516 1155 fastidio
539 1128 648 1165 meo,
671 1113 742 1155 sed
772 1115 948 1155 caritate
978 1113 1242 1170 reipublicae.
1302 1114 1383 1155 Sed
1407 1115 1574 1154 vincam
1598 1115 1690 1154 ani-

261 1186 394 1222 mum,
418 1170 626 1226 mihique
633 1170 880 1226 imperabo:
921 1171 1110 1212 dolorem
1126 1170 1429 1225 justissimum,
1448 1171 1482 1210 si
1505 1185 1590 1211 non
1614 1184 1690 1226 po-

260 1237 352 1269 tero
391 1228 601 1292 fianoere,
632 1226 874 1268 occultabo.
937 1228 1082 1274 Quid?
1123 1228 1224 1268 vitae
1259 1228 1300 1258 36
1316 1227 1570 1290 censetisne,
1617 1242 1692 1282 pa·-

260 1295 343 1326 tres
366 1285 613 1340 conscripti,
629 1283 869 1325 habendam
886 1284 991 1325 mihi
1012 1284 1196 1347 aliquam
1218 1298 1308 1325 esse
1331 1299 1348 1324 r
1351 1285 1539 1325 ationem
1559 1287 1572 1325 ,Ρ
1593 1298 1690 1338 quae

257 1341 365 1383 mihi
388 1342 560 1397 quidem
584 1341 759 1382 minime
780 1356 877 1381 cara
897 1349 976 1392 est,
997 1340 1233 1397 praesertim
1263 1355 1358 1382 curn
1386 1340 1609 1381 Dolabella
1629 1338 1692 1381 fe-

259 1399 380 1449 eerit,
402 1409 450 1439 ut
471 1398 628 1454 optant]
636 1413 659 1438 a
680 1412 793 1438 mors
816 1408 940 1448 esset,
961 1398 1090 1438 modo
1121 1411 1210 1438 srne
1241 1398 1433 1438 cruciatu
1455 1407 1582 1460 atque
1604 1406 1694 1438 tor·

258 1456 439 1497 mentis:
485 1455 606 1496 vobis
628 1464 786 1518 tamen,
808 1464 851 1495 et
874 1455 1031 1511 populo
1055 1454 1180 1494 Rom
1172 1468 1253 1494 ino
1275 1454 1370 1495 vilis
1391 1468 1481 1495 esse
1513 1454 1691 1509 spiritus

260 1526 379 1553 meus
403 1526 486 1553 non
509 1512 650 1553 debet.
692 1511 728 1551 is
750 1512 864 1552 enim
898 1526 1005 1561 sum,
1024 1511 1105 1552 nisi
1140 1525 1207 1551 me
1240 1510 1351 1552 forte
1383 1510 1594 1565 fallo‚qu1
1628 1525 1692 1550 vi-

262 1569 391 1624 giliis,
424 1568 551 1619 curis,
585 1569 821 1618 sententiis,
858 1543 1054 1624 periculis
1082 1568 1227 1616 etiam,
1260 1583 1356 1622 quae
1392 1567 1573 1623 plurima
1607 1567 1692 1608 adii

268 1635 440 1681 propter
462 1625 783 1666 acerbissimum
804 1626 995 1666 omnium
1019 1640 1061 1665 in
1085 1639 1151 1664 me
1170 1624 1341 1665 odium
1332 1625 1578 1680 impiorum,
1600 1638 1696 1680 per-

265 1682 455 1747 fecerim,
475 1685 514 1715 δῖ
528 1692 574 1723 ut
606 1697 692 1722 non
724 1683 937 1723 obstarem
972 1682 1243 1746 reipublicae:
1288 1696 1341 1721 ne
1363 1681 1464 1736 quid
1493 1695 1700 1736 arrogana

203 1741 253 1776 22
268 1740 350 1780 tius
373 1739 517 1780 videat
538 1739 691 1780 dicere
754 1739 882 1785 Quod
913 1753 1009 1779 cum
1035 1742 1094 1778 ita
1115 1739 1183 1788 sit,
1205 1738 1367 1779 nihilne
1399 1737 1506 1778 mihi
1541 1737 1592 1778 de
1623 1752 1698 1794 pe-

220 1796 400 1851 9riculo
422 1810 518 1836 meo
540 1796 818 1852 cogitandum
841 1796 1027 1852 putatis?
1061 1795 1147 1836 Hic
1170 1810 1269 1836 cum
1290 1809 1425 1835 essem
1446 1795 1489 1835 in
1514 1795 1616 1835 urbe
1642 1810 1692 1836 ac

265 1853 398 1902 domi,
423 1862 561 1893 tunen
593 1829 726 1893 multi
758 1868 871 1908 5·(5ρ5
902 1862 1066 1893 tentata
1096 1862 1207 1902 sunt,
1231 1852 1304 1893 ubi
1338 1866 1404 1892 me
1437 1865 1522 1892 non
1557 1850 1694 1892 solum

264 1910 498 1950 amicorum
525 1909 719 1959 fidelitas,
742 1910 813 1950 sed
843 1910 972 1950 etiam
1008 1909 1213 1949 universae
1246 1909 1432 1950 civitatis
1467 1908 1580 1949 oculi
1616 1922 1692 1949 cu-

264 1967 471 2008 stodiunt.
513 1966 614 2021 quid
656 1967 852 2016 censetis,
889 1980 985 2007 cum
1029 1966 1108 2006 itcr
1147 1966 1358 2021 ingressus
1400 1980 1487 2015 ero,
1517 1964 1695 2020 longum

263 2024 528 2080 praesertim?
547 2022 736 2064 nullasne
760 2023 930 2064 insidias
951 2023 1332 2079 pertimescendas?
1367 2021 1472 2063 Tres
1495 2022 1577 2063 viae
1597 2031 1696 2063 sunt

307 2160 346 2189 33
369 2158 415 2188 ad
435 2159 465 2188 Ιι.
481 2157 521 2188 Α.
544 2167 569 2188 s.
587 2156 750 2198 prqjectus
776 2157 834 2196 est]
862 2155 957 2196 Prqj.

264 2210 324 2241 pro
339 2199 467 2240 ejectus,
483 2200 568 2239 quod
583 2206 632 2230 est
648 2200 726 2231 alias
742 2200 907 2239 proprium
924 2200 957 2228 in

263 2253 303 2272 ea
326 2252 360 2271 re
386 2242 531 2272 verbum.
577 2242 694 2271 Sensus
717 2246 788 2272 est:
815 2248 959 2271 servatus

263 2290 313 2314 est
329 2289 363 2314 et
378 2283 417 2314 ad
433 2283 599 2314 meliorem
619 2283 839 2313 conditionem
861 2285 961 2320 venit,

265 2325 352 2365 quod
367 2335 399 2355 se
415 2326 454 2356 ad
470 2325 652 2355 Antonium
670 2324 769 2365 appii(
771 2330 877 2355 asset.

312 2370 353 2397 34
376 2368 518 2407 Aquiloe]
561 2378 590 2398 v.
619 2367 709 2397 Clav.
746 2367 831 2396 male
864 2368 962 2405 vulgo

264 2411 394 2449 aquiloe,
409 2415 447 2438 ut
462 2410 507 2445 si‹
499 2419 590 2439 num
605 2409 740 2446 legionis
752 2417 818 2439 055(
821 2413 845 2438 t
861 2411 962 2440 stulte

267 2452 428 2490 glossator
442 2451 547 2481 Guelf.
560 2451 740 2489 adscripsit,
752 2451 909 2499 aquilam
910 2451 960 2489 fe-

266 2498 369 2523 rente.
417 2492 533 2529 Lusus,
550 2493 605 2532 qui
628 2499 677 2523 est
696 2502 771 2522 mox
794 2493 826 2522 in
849 2496 962 2534 aquila

267 2535 306 2565 de
321 2535 426 2574 signO,
442 2535 589 2565 fraudem
604 2535 682 2565 fecit
704 2535 843 2564 librariis
865 2542 962 2576 atque

266 2577 510 2616 interpretibus.

308 2621 349 2649 35
374 2617 583 2658 Non‘r'crenr.
599 2627 662 2647 non
671 2616 788 2657 ferent
810 2618 959 2659 inquam]

264 2660 381 2691 Addidi
396 2659 536 2690 alterurn
552 2659 731 2698 nonfhrent
746 2671 763 2690 e
776 2661 838 2690 ΜΞ.
851 2660 958 2701 Huyd.

265 2703 350 2742 quod
364 2703 499 2740 inquam
514 2702 669 2742 postulat.

307 2745 347 2774 36
368 2743 551 2783 censetisne]
590 2744 651 2774 Pro
679 2752 780 2773 nonne
809 2746 958 2774 censetis.-

263 2788 358 2822 eujus
381 2785 507 2825 generis
535 2790 568 2815 et
594 2785 684 2816 aliud
710 2785 895 2826 exemplum
924 2787 959 2818 iu

264 2828 420 2858 Cicerone
438 2828 560 2858 notavi.
584 2837 613 2858 v.
630 2827 720 2858 Clav.

1044 2159 1081 2190 37
1106 2162 1144 2188 ut
1158 2167 1221 2188 non
1236 2156 1410 2196 obstarent]
1428 2156 1530 2189 Nulla
1545 2160 1594 2188 est
1609 2166 1699 2187 com-

1004 2199 1099 2229 moda
1121 2200 1348 2240 interpretatio
1372 2200 1469 2234 huius
1495 2199 1596 2229 verbi.
1623 2208 1699 2230 nam

1002 2240 1043 2270 ad
1053 2243 1227 2272 sententias
1238 2242 1321 2271 solas
1333 2241 1463 2278 referre,
1474 2245 1512 2271 ut
1522 2241 1600 2272 fecit
1612 2241 1699 2280 glos-

1005 2288 1093 2312 sator
1109 2284 1215 2314 Guelf.
1233 2284 1318 2319 libri,
1336 2284 1482 2322 ineptum
1501 2283 1553 2313 sit.
1598 2282 1699 2313 Lam-

1004 2325 1099 2355 binus
1115 2336 1226 2356 verum
1243 2325 1335 2361 vidit,
1349 2326 1403 2364 qui
1416 2326 1574 2355 obstarem
1589 2324 1700 2363 legen-

1004 2366 1082 2396 dum
1093 2368 1267 2407 judicavit,
1283 2367 1375 2406 idque
1391 2367 1489 2397 etiam
1506 2366 1616 2397 edidit.
1641 2376 1701 2399 nec

1004 2408 1148 2439 dubitavi
1173 2409 1308 2440 imitari.
1356 2408 1465 2438 Etiam
1492 2408 1555 2438 Ms.
1583 2408 1626 2438 H.
1652 2409 1700 2441 bis

1004 2454 1081 2480 ante
1099 2452 1232 2481 tertiam
1257 2461 1314 2491 pro
1337 2451 1442 2491 prima
1456 2450 1556 2480 habet
1570 2446 1698 2489 vitiose,

1003 2496 1061 2528 est,
1072 2492 1257 2534 perfecerit.
1301 2494 1419 2524 Sensus
1435 2496 1503 2522 est:
1533 2503 1573 2522 ne
1597 2492 1700 2532 impe·

1004 2534 1104 2564 direm
1120 2534 1291 2565 commoda
1307 2535 1384 2575 reip.
1401 2537 1435 2563 et
1451 2534 1602 2565 salutem.
1627 2535 1700 2566 Hoc

1005 2576 1149 2607 modeste
1165 2577 1257 2606 dixit.
1280 2578 1408 2615 gravius
1423 2576 1443 2606 i.
1459 2586 1488 2606 e.
1505 2582 1698 2615 arroganter

1004 2617 1148 2655 dixisset,
1162 2619 1227 2648 sive
1244 2618 1416 2648 invidiose:
1449 2622 1488 2647 ut
1509 2627 1609 2658 remp.
1633 2629 1702 2649 ser-

1004 2669 1114 2690 varem
1128 2672 1137 2689 :
1168 2659 1253 2699 quod
1266 2660 1343 2699 jure
1358 2669 1417 2690 suo
1432 2665 1562 2699 poterat
1583 2660 1700 2692 dicere.

1001 2702 1126 2731 obstare
1140 2703 1239 2732 alicui
1249 2711 1275 2732 5.
1291 2702 1462 2732 commodis
1476 2700 1629 2741 alicujus,
1639 2711 1698 2732 585-

1001 2754 1041 2784 pe
1063 2744 1217 2774 occurrit.
1263 2743 1415 2774 Ceteram
1437 2743 1631 2775 varietatem
1651 2743 1699 2776 lov

1001 2785 1121 2816 ctionio
1135 2794 1328 2824 memorare,
1344 2784 1462 2818 inutile
1476 2784 1529 2817 sit.
