1785 3185
268 96 369 138 1376
855 90 1104 131 ORATIO

267 204 352 254 ‘que
380 211 475 238 eam
505 203 687 238 statuam
716 195 857 237 locum
879 197 919 228 26
934 195 1242 253 gladiatoribus
1272 194 1506 253 [ludisque]
1536 197 1693 240 liberos

268 263 548 310 posterosque
585 253 678 309 ejus
716 267 890 310 quoquo
930 268 1073 295 versus
1115 253 1242 310 pedes
1283 254 1472 310 quinque
1519 256 1692 307 habere,

269 314 309 345 27
325 311 458 367 [quod
479 312 512 352 is
535 311 590 352 ob
613 311 918 365 rempublicam
935 321 1115 351 mortem
1133 311 1322 364 obierit,]
1343 313 1383 343 ‘28
1397 327 1574 368 eamque
1592 327 1694 353 cau-

273 383 363 409 sam
385 368 429 409 in
453 367 542 410 basi
564 368 763 409 inscribi:
788 368 934 422 utique
952 366 1003 408 C.
1028 367 1181 418 Pansa,
1199 367 1253 408 A.
1278 368 1462 419 Hirtius,
1485 368 1695 419 consules,

273 425 393 477 alter,
415 426 610 475 ambove,
638 428 679 459 29
694 425 726 464 si
750 424 810 464 eis
834 424 1039 474 videatur,
1061 424 1346 478 quaestoribus
1368 426 1539 466 urbanis
1562 426 1698 480 impe-

273 491 382 534 rent,
404 491 452 523 ut
472 496 565 523 eam
589 481 723 523 basim
746 489 1014 535 statuamque
1036 479 1275 521 faciendam
1297 490 1340 521 et
1359 481 1401 522 in
1421 481 1588 523 Rostris
1613 490 1699 521 sta·

277 539 478 581 tuendam
515 539 681 579 locent:
727 537 962 591 quantique
991 535 1239 587 locaverint,
1277 545 1436 578 tantam
1474 539 1699 595 pecuniam

273 596 499 638 redemtori
524 594 839 636 attribuendam
861 593 1191 648 solvendamque
1217 602 1390 635 curent:
1421 609 1603 650 cumque
1625 609 1701 635 an-

274 663 343 694 tea
364 663 532 694 senatus
553 654 595 682 30
607 651 905 692 auctoritatem
927 663 1046 690 suam
1068 649 1111 690 in
1134 649 1319 690 virorum
1342 650 1518 691 fortium
1541 651 1701 693 funeri-

274 711 354 752 bus
377 708 721 763 ornamentisque
743 707 998 757 ostenderit;
1019 705 1199 762 placere,
1220 721 1316 747 eum
1339 722 1467 762 quam
1489 708 1700 763 amplissi-

218 772 266 811 17'
277 782 344 808 me
362 780 559 822 supremo
581 765 650 806 die
672 779 747 805 suo
769 763 924 804 efferri.
985 763 1054 814 Et,
1073 778 1171 804 cum
1194 764 1284 804 Ser.
1307 764 1537 820 Sulpicius,
1569 765 1626 811 Q.
1649 764 1699 805 F.

280 824 499 873 Lemonia,
529 821 684 871 Rufus,
719 823 778 862 ita
798 820 851 862 de
873 821 1091 876 republica
1118 821 1292 861 meritus
1316 821 1384 872 sit,
1411 831 1460 861 ut
1492 821 1557 861 his
1577 835 1702 863 orna-

260 881 431 922 'mentis
454 879 649 920 decorari
664 878 842 919 debeat:
867 877 1069 918 Senatum
1090 892 1275 929 censere,
1297 886 1425 933 atque
1443 892 1465 918 e
1482 878 1700 934 republica

277 938 541 986 existimare,
571 934 715 976 aediles
745 934 912 975 curules
942 934 1144 985 edictum,
1175 935 1288 990 quod
1310 935 1362 976 de
1384 934 1604 976 funeribus
1625 935 1702 975 ha-

276 995 420 1045 beant,
448 993 537 1033 Ser.
561 992 756 1047 Sulpicii,
787 990 844 1037 Q.
878 991 925 1032 F.
962 991 1177 1042 Lemonia,
1207 992 1319 1042 Rufi,
1340 995 1376 1023 3¹
1395 991 1531 1033 funeri
1554 992 1699 1033 remit-

277 1063 390 1092 tere:
434 1049 583 1103 utique
609 1049 750 1089 locum
774 1048 969 1104 sepulcro
992 1049 1034 1089 in
1056 1063 1209 1104 campo
1234 1048 1454 1103 Esquilino
1478 1049 1530 1090 C.
1562 1049 1702 1090 Pansa

276 1106 440 1158 consul,
459 1109 502 1137 32
518 1120 590 1147 seu
613 1120 698 1161 quo
721 1105 803 1146 alio
826 1106 868 1146 in
892 1105 986 1146 loco
1010 1105 1216 1155 videatur,
1237 1107 1364 1160 pedes
1396 1106 1574 1162 triginta
1594 1120 1700 1161 quo-

275 1179 361 1220 quo
384 1177 528 1204 versus
549 1162 759 1219 adsignet,
781 1176 866 1217 quo
890 1161 979 1203 Ser.
1005 1162 1219 1218 Sulpicius
1242 1162 1461 1204 inferatur.
1493 1163 1607 1218 quod
1636 1177 1700 1203 se-

276 1221 485 1277 pulcrum,
507 1220 654 1276 ipsius,
676 1219 922 1270 liberorum,
946 1229 1296 1275 posterorumque
1311 1219 1402 1275 ejus
1419 1219 1489 1271 sit,
1507 1220 1569 1260 uti
1585 1219 1701 1275 quod

275 1278 444 1334 optimo
459 1278 561 1333 jure
579 1277 817 1333 sepulcrum
841 1276 1014 1332 publice
1034 1276 1182 1317 datum
1203 1286 1282 1318 est.
1780 1286 1785 1324 ξ

315 1392 357 1422 ‘26
376 1391 616 1430 gladiatoribus
638 1389 795 1430 ludisque]
819 1389 962 1421 Verbum

1015 1390 1121 1421 sctis.
1140 1390 1171 1421 id
1187 1390 1263 1429 quia
1277 1394 1308 1421 et
1325 1390 1360 1420 in
1374 1390 1450 1421 Vat.
1466 1394 1644 1430 repertum,
1657 1399 1706 1421 re-

277 1434 423 1473 ludisque
439 1433 517 1463 mihi
534 1443 660 1472 semper
681 1438 865 1472 suspectum
889 1433 963 1464 fuit.

1015 1434 1107 1473 posui
1121 1438 1196 1472 post
1208 1433 1288 1463 alios
1301 1442 1359 1473 pro
1372 1433 1544 1469 videbitur,
1559 1432 1645 1472 quod
1656 1437 1706 1463 est
1781 1431 1785 1465 l

280 1476 370 1516 Quos
391 1476 479 1505 enim
502 1474 595 1505 ludos
619 1475 651 1505 in
673 1474 735 1504 isto
751 1475 823 1504 loco
839 1479 965 1514 specta-

283 1525 356 1548 rent
371 1517 462 1547 liberi
479 1518 549 1555 ejus
564 1527 601 1547 ac
615 1517 759 1556 posteri?
785 1516 874 1546 Ludi
887 1517 964 1547 sim-

274 1560 408 1599 pliciter
421 1559 499 1589 dicti
515 1565 592 1588 sunt
607 1559 738 1589 scenici:
756 1563 789 1589 at
806 1559 826 1588 ii
843 1559 876 1589 in
893 1560 964 1590 foro

273 1609 308 1634 ,et
324 1602 362 1632 de
381 1601 439 1632 tali
461 1601 532 1631 loco
555 1610 620 1630 non
643 1605 852 1641 spectantur:
878 1601 963 1632 fiunt

273 1644 362 1674 enim
379 1643 412 1673 in
428 1643 570 1674 theatro.
600 1643 660 1672 Sed
676 1642 870 1682 gladiatores
884 1643 961 1673 dau-

273 1691 330 1716 tur
356 1685 391 1715 in
418 1685 502 1716 foro.
548 1685 672 1714 Saltem
705 1686 797 1715 uncis
833 1685 960 1717 inclusi.

273 1729 359 1758 Puto
372 1725 412 1758 ad
423 1727 664 1766 gladiatoribus
675 1726 817 1766 aliquem
831 1727 864 1758 in
878 1736 962 1758 inar-

273 1771 350 1809 gine
364 1769 525 1810 scripsisse
542 1779 600 1809 pro
615 1768 721 1808 glossa
735 1769 821 1799 lmh's
831 1770 962 1808 gladia·

275 1813 377 1849 tor-iis,
393 1812 442 1842 vel
457 1812 551 1846 ludis,
565 1811 638 1841 inde
653 1810 683 1840 id
697 1811 830 1841 verbum
846 1811 878 1841 in
893 1816 962 1842 tex·

273 1860 347 1884 tum
364 1854 497 1884 venisse.
536 1853 614 1884 Mox
629 1862 755 1892 quaque
769 1862 896 1883 versum
908 1854 962 1884 de-

275 1896 330 1926 bet
343 1905 410 1926 esse
425 1906 569 1935 quaqua,
592 1900 630 1925 ut
644 1900 693 1925 est
714 1895 746 1924 in
764 1895 807 1926 H.
831 1900 901 1932 aut,
924 1901 963 1928 ut

276 1938 421 1969 Graevius
444 1937 544 1968 edidit
567 1948 584 1968 e
598 1937 674 1968 Vat.
698 1947 817 1976 quoquo
839 1948 961 1976 versus,

274 1979 362 2018 quod
376 1985 409 2010 et
421 1984 552 2010 secutus
566 1989 651 2009 sum.
676 1977 766 2009 Infra
780 1984 828 2010 cst
842 1981 962 2010 iterum

274 2031 406 2064 quoquo.
434 2032 492 2062 pro
519 2032 583 2061 quo
611 2022 644 2050 in
667 2020 731 2052 Ms.
756 2021 817 2052 Gu.
841 2023 962 2053 iterum

274 2074 364 2104 quoq.
379 2086 388 2099 ,
403 2064 458 2094 sed
473 2066 571 2105 suipra
584 2064 741 2103 scriptum
757 2074 783 2093 o.

316 2110 355 2140 237
371 2107 455 2146 quod
467 2107 495 2136 is
509 2107 544 2136 ob
558 2116 660 2145 remp.
680 2105 752 2145 &c.]
795 2105 963 2136 Manutius

275 2147 344 2178 haec
375 2149 470 2179 verba
493 2148 604 2187 spuria
628 2156 696 2178 esse
724 2148 959 2188 suspicabatur.

274 2191 417 2230 Scaliger
431 2190 471 2220 ad
494 2190 612 2221 Euseb.
629 2200 661 2230 p.
679 2192 746 2220 158.
763 2190 794 2220 b.
807 2190 963 2228 defendit,

275 2233 330 2262 ned
352 2233 415 2271 legi
438 2232 510 2263 vult
531 2233 789 2272 quodque—eam
817 2242 963 2263 causam.

275 2274 406 2305 frustra.
423 2275 632 2305 manifestum
645 2279 695 2304 est
704 2274 874 2313 glossema.
889 2284 965 2305 nam

276 2316 388 2357 eadem
404 2317 500 2347 verba
513 2315 624 2357 paullo
639 2321 718 2347 ante
729 2321 817 2346 sunt.

317 2361 356 2390 28
378 2367 513 2398 eamque
531 2368 667 2389 causam
680 2359 716 2388 in
733 2359 799 2389 basi
817 2358 962 2398 inscribi]

277 2399 358 2431 Haec
387 2405 497 2430 statua
523 2400 628 2431 adhuc
657 2401 789 2431 extabat
818 2406 965 2440 tempore

274 2441 448 2483 Pomponii
472 2442 563 2479 JCti,
599 2447 636 2472 ut
665 2443 730 2481 ipse
757 2446 899 2473 testatur
926 2442 965 2472 de

274 2484 367 2524 Orig.
380 2485 454 2515 dur.
470 2483 515 2521 II,
529 2487 581 2515 43.
596 2484 847 2524 Inscriptionem
863 2485 964 2523 ipsam

276 2525 374 2557 habes
393 2526 477 2566 apud
501 2526 688 2557 Reinesimn
708 2526 806 2556 inser.
834 2536 866 2565 p.
893 2529 964 2557 504.

274 2578 293 2598 o
309 2568 447 2600 Boldoni
464 2568 638 2608 Epigraph.
663 2568 701 2598 L.
717 2568 756 2599 V.
771 2579 802 2608 p.
819 2570 892 2598 533.

318 2612 359 2644 29
372 2612 398 2641 si
414 2612 457 2640 eis
472 2610 638 2651 videa-sur]
656 2611 708 2642 Sic
723 2619 850 2651 semper
866 2615 915 2642 est
931 2611 965 2641 in

1015 1485 1113 1515 supra
1128 1475 1186 1506 Or.
1204 1474 1296 1505 VIII.
1313 1475 1346 1505 in
1362 1475 1439 1505 fine.
1467 1474 1592 1515 (vitiose
1607 1479 1656 1505 est
1670 1475 1705 1504 in

1017 1517 1082 1548 Ms.
1110 1517 1166 1555 H.)
1186 1518 1329 1556 itemque
1344 1517 1550 1557 questoribus
1570 1517 1706 1548 urbanis

1016 1568 1074 1599 pro
1089 1560 1188 1590 urbis.
1717 1596 1719 1598 Ι

1058 1604 1099 1632 30
1120 1602 1350 1634 auctoritatem
1371 1600 1481 1640 suam]
1506 1600 1583 1631 Non
1598 1605 1708 1641 potest

1016 1643 1069 1674 hic
1084 1643 1193 1674 abesse
1207 1653 1315 1675 suam.
1339 1643 1454 1684 ltaque
1467 1647 1502 1674 et
1515 1644 1582 1684 ipse
1596 1654 1614 1673 e
1627 1643 1705 1675 Vat.

1015 1692 1048 1716 et
1066 1685 1174 1725 Hnyd.
1190 1685 1305 1725 recepi.

1057 1731 1092 1758 31
1101 1729 1222 1769 funeri
1236 1726 1415 1766 remittere]
1442 1726 1523 1758 Haec
1537 1730 1587 1757 est
1598 1726 1706 1758 Vatic.

1014 1769 1124 1807 lectio,
1138 1780 1235 1809 quam
1250 1780 1324 1800 cum
1339 1770 1410 1801 aliis
1424 1773 1554 1800 secutus
1565 1777 1638 1799 sum
1649 1778 1709 1809 pro

1016 1812 1148 1852 vulgato
1164 1812 1304 1849 waltere,
1331 1811 1416 1852 quod
1435 1812 1487 1842 hic
1510 1811 1620 1842 locum
1641 1820 1706 1841 non

1015 1854 1130 1885 habet:
1156 1863 1222 1884 non
1244 1863 1308 1893 quo
1331 1863 1397 1884 non
1420 1854 1483 1885 dici
1507 1854 1619 1894 possit,
1641 1852 1708 1882 edi-

1014 1902 1104 1927 ctum
1126 1897 1266 1932 mittere,
1289 1905 1347 1936 pro
1364 1905 1429 1926 non
1449 1896 1577 1935 exigere
1599 1905 1707 1926 severe

1016 1939 1073 1969 διο.
1088 1939 1142 1969 sed
1157 1937 1243 1977 quod
1255 1937 1287 1968 id
1301 1948 1377 1968 cum
1393 1938 1502 1969 dativo
1505 1937 1628 1977 funeri
1641 1946 1708 1968 non

1015 1982 1094 2011 coit.
1139 1980 1294 2010 Edictum
1322 1980 1361 2010 de
1388 1979 1555 2011 funeribus
1579 1979 1642 2010 fuit
1666 1979 1706 2010 de

1015 2028 1141 2053 sumtus
1164 2023 1197 2052 in
1222 2022 1335 2052 funere
1356 2021 1495 2053 faciendi
1518 2021 1627 2058 modo,
1643 2031 1708 2061 quo

1015 2065 1122 2095 edicto
1136 2064 1216 2094 solvi
1233 2064 1361 2094 volebat
1376 2064 1473 2094 funus
1486 2064 1633 2104 Sulpicii.

1058 2109 1098 2138 32
1113 2117 1168 2137 seu
1183 2116 1243 2146 quo
1257 2107 1322 2136 alio
1334 2107 1368 2136 in
1383 2108 1447 2137 loco
1460 2105 1603 2145 videtur]
1627 2105 1708 2137 Haee

1017 2153 1067 2179 est
1076 2148 1174 2179 lectio
1183 2147 1255 2178 edd.
1268 2152 1349 2179 vett.
1366 2148 1452 2179 Dein
1466 2158 1484 2179 e
1494 2148 1568 2178 Vat.
1581 2147 1707 2179 editum

1017 2197 1066 2221 est
1079 2201 1135 2221 seu
1150 2200 1210 2230 quo
1223 2191 1259 2220 in
1273 2192 1337 2220 loco
1351 2190 1523 2221 videbitur.
1538 2190 1577 2221 de
1592 2190 1708 2220 videbi--

1019 2238 1075 2264 tur
1090 2238 1203 2263 tamen
1225 2232 1326 2263 etiam
1349 2232 1520 2270 haesitavi;
1543 2232 1709 2271 maluique

1017 2275 1170 2305 videatur
1181 2275 1354 2316 corrigere,
1366 2279 1404 2305 ut
1413 2284 1520 2315 supra.
1542 2274 1604 2305 Sed
1614 2274 1709 2305 haesi-

1018 2317 1084 2347 tavi
1095 2321 1129 2347 et
1143 2318 1178 2346 in
1192 2317 1257 2347 alio
1272 2316 1408 2347 delendo
1421 2326 1459 2346 ex
1473 2316 1615 2357 ejusdem
1633 2316 1706 2347 libri

1018 2359 1227 2396 auctoritate,
1237 2368 1376 2397 quocum
1388 2359 1552 2389 consentit
1560 2359 1667 2390 Guelf.
1677 2365 1712 2389 et

1021 2400 1129 2441 Huyd.
1173 2400 1291 2440 Recepi
1315 2401 1416 2431 etiam
1441 2400 1552 2440 paullo
1574 2406 1648 2441 post
1669 2411 1709 2432 ex

1018 2448 1157 2481 utroque
1171 2442 1254 2472 libro
1267 2442 1416 2481 adsignet
1429 2452 1488 2482 pro
1502 2443 1659 2482 designet,
1674 2449 1710 2474 at

1019 2494 1087 2515 non
1106 2489 1371 2525 posterorumque
1391 2483 1461 2523 rjus
1483 2489 1561 2515 esset
1581 2495 1620 2516 ex
1642 2494 1709 2515 uno

1019 2526 1095 2557 Vat.
1137 2526 1224 2557 Tota
1247 2527 1433 2556 consecutio
1449 2527 1620 2559 verborum
1641 2528 1709 2559 exi-

1019 2569 1068 2608 git
1076 2578 1115 2610 p.
1129 2578 1155 2600 o.
1170 2570 1223 2600 aie.
1240 2573 1277 2599 ut
1293 2573 1343 2599 est
1358 2568 1391 2599 in
1408 2569 1515 2610 vulgg.
