1785 3185
286 128 388 163 1190
878 125 1127 166 ORATIO

282 226 424 279 midis,
462 235 506 269 et
539 229 686 270 omnia
719 230 1167 287 circumspicientibus
1203 230 1407 288 pericula,
1444 246 1529 274 non
1568 242 1711 290 negat.

280 283 451 340 plebem
489 294 532 326 et
567 285 758 328 infimam
802 287 1136 341 multitudinem,
1169 303 1266 344 quae
1306 289 1356 331 P.
1393 288 1547 331 Clodio
1590 291 1713 342 duce,

281 340 465 383 fortunis
492 344 643 384 vestris
676 344 942 396 imminebat,
967 360 1075 397 eam,
1097 361 1183 402 quo
1217 346 1350 387 tutior
1379 356 1491 387 esset
1522 347 1611 388 vita
1638 363 1718 388 no-

280 407 380 449 stra,
416 413 535 441 suam
568 415 611 441 se
645 399 795 443 fecisse
826 413 1158 455 commemorat3
1191 413 1238 444 ut
1273 417 1358 443 non
1392 404 1520 445 modo
1556 405 1712 446 virtute

279 454 486 508 flecteret,
520 457 591 498 sed
628 459 757 499 etiam
793 458 926 500 tribus
960 460 1045 499 suis
1079 460 1348 514 patrimoniis
1380 460 1599 502 deliniret:
1632 476 1711 502 nec

278 513 418 564 timet,
450 529 518 565 nc,
551 529 648 556 cum
684 514 850 570 plebem
883 516 1130 556 muneribus
1166 516 1359 571 placarit,
1389 532 1463 557 vos
1500 533 1585 559 non
1608 533 1711 559 con-

277 569 433 612 ciliarit
457 571 618 612 meritis
641 572 683 611 in
707 571 1016 627 rempublicam
1036 572 1338 628 singularibus.
1399 574 1579 615 Senatus
1609 589 1712 631 erga

278 627 322 667 se
354 627 690 670 benivolentiam
729 629 994 684 temporibus
1031 628 1096 669 his
1129 630 1231 685 ipsis
1269 644 1383 685 saepe
1415 644 1506 670 esse
1539 645 1709 687 perspe-

276 692 416 726 ctam:
450 696 608 727 vestras
643 699 756 736 vero,
789 694 832 725 et
865 694 1102 727 vestrorum
1138 686 1338 727 ordinum
1376 687 1708 739 ocem-sationes,

277 742 433 792 studia,
457 756 684 792 sermones,
707 756 1021 798 quemcumque
1052 758 1221 784 cursum
1252 742 1424 784 fortuna
1445 743 1623 795 dederit,
1646 759 1710 785 sc-

214 812 264 847 96
278 813 376 839 cum
408 814 450 840 se
481 799 719 840 ablaturum
752 813 843 840 esse
873 799 993 841 dicit.
1055 799 1262 841 Meminit
1283 800 1428 850 etiam,
1452 801 1532 841 sibi
1559 815 1708 843 vocem

233 861 264 891 b.
279 857 488 910 praeconis
512 855 639 897 modo
661 855 861 907 defuisse,
883 870 1011 911 quam
1041 857 1218 898 minime
1249 857 1526 899 desiderarit:
1561 858 1706 914 populi

278 927 378 954 vero
396 914 563 954 cunctis
584 912 812 969 suffragiis,
829 914 945 969 quod
969 929 1097 955 unum
1119 915 1315 971 cupierit,
1336 929 1379 956 se
1397 914 1615 956 consulem
1634 916 1709 956 de-

275 969 497 1010 claratum.
515 976 634 1011 ‘nunc
657 970 854 1026 denique,
878 971 911 1011 si
934 971 1028 1012 haec
1049 986 1166 1013 arma
1187 982 1336 1013 contra
1358 986 1400 1012 se
1431 971 1518 1013 sint
1547 971 1706 1023 futura,

275 1026 356 1067 sibi
380 1027 580 1068 facinoris
604 1028 907 1084 suspicionem,
930 1043 1014 1069 non
1038 1027 1140 1069 facti
1163 1030 1323 1070 crimen
1346 1030 1530 1070 obstare.
1568 1028 1706 1071 Addit

271 1083 382 1134 haec,
405 1099 500 1138 quae
523 1093 638 1126 certe
660 1099 759 1126 vera
784 1094 896 1136 sunt,
920 1084 1051 1126 fortes
1072 1094 1116 1126 et
1137 1086 1348 1142 sapientes
1371 1087 1484 1127 viros
1507 1100 1594 1128 non
1616 1096 1704 1127 tam

271 1140 450 1196 praemia
473 1142 589 1196 sequi
613 1141 747 1183 solere
769 1151 883 1183 reete
915 1141 1141 1194 factorum,
1163 1157 1291 1198 quam
1313 1143 1407 1199 ipsa
1426 1151 1541 1184 recte
1562 1142 1702 1185 facta:

272 1212 316 1238 se
347 1197 454 1238 nihil
483 1199 527 1239 iu
551 1199 652 1250 vita,
683 1199 763 1240 nisi
796 1199 1119 1255 praeclarissime
1150 1199 1324 1251 fecisse3
1356 1200 1566 1254 siquidem
1596 1199 1704 1241 nihil

272 1254 327 1295 sit
349 1256 634 1310 praestabilius
657 1257 764 1308 viro,
787 1270 915 1312 quam
940 1257 1135 1312 periculis
1159 1257 1339 1312 patriam
1362 1257 1563 1298 liberare:
1601 1258 1703 1298 bea-

208 1318 259 1358 97
273 1321 338 1352 tos
361 1326 465 1364 esse,
487 1313 642 1368 quibus
665 1320 801 1354 eares
825 1313 976 1355 honori
1000 1313 1128 1354 fuerit
1150 1328 1174 1354 a
1195 1314 1281 1354 suis
1304 1314 1496 1355 civibus:
1529 1327 1607 1356 nec
1639 1325 1703 1355 ta-

270 1383 369 1409 men
400 1383 472 1410 eos
504 1371 694 1421 miseros,
717 1371 789 1426 qui
824 1371 1034 1422 beneficio
1065 1371 1178 1412 cives
1211 1370 1543 1412 suos‘vieerint:
1574 1371 1616 1402 36
1629 1371 1702 1412 sed

269 1434 412 1467 tamen
444 1441 496 1467 ex
530 1427 730 1468 omnibus
763 1429 950 1483 praemiis
973 1428 1158 1479 virtutis,
1181 1427 1214 1468 si
1238 1437 1348 1468 esset
1371 1428 1568 1469 habenda
1589 1428 1699 1469 ratio

267 1485 496 1538 praemioru
505 1499 558 1534 m,
574 1484 884 1540 amplissimum
898 1499 988 1526 esse
1006 1485 1245 1541 praemium,
1259 1485 1461 1541 gloriam:
1486 1499 1576 1525 esse
1589 1484 1700 1526 hanc

266 1555 410 1592 unam,
432 1557 527 1597 quae
553 1542 805 1582 brevitatem
829 1543 926 1583 vitae
950 1542 1211 1598 posteritatis
1229 1542 1437 1583 memoria
1458 1542 1698 1584 consolare-

265 1606 364 1650 tur3
395 1614 492 1653 quae
524 1599 727 1649 efficeret,
754 1609 800 1639 ut
830 1600 1028 1640 absentes
1060 1600 1315 1650 adessemus,
1347 1599 1503 1640 mortui
1537 1599 1701 1640 vivere-

266 1669 385 1697 mus:
419 1656 528 1696 hanc
559 1656 742 1711 denique
772 1670 877 1707 esse,
900 1657 1022 1712 cujus
1054 1657 1257 1711 gradibus
1285 1656 1411 1696 etiam
1438 1655 1631 1697 homines
1655 1655 1699 1697 in

202 1728 252 1764 93
266 1711 417 1753 caelum
441 1716 479 1746 37
495 1713 737 1754 viderentur
758 1714 1027 1755 adscendere.
1063 1713 1129 1754 De
1151 1727 1232 1764 me,
1257 1713 1410 1768 inquit,
1433 1727 1598 1769 semper
1620 1727 1699 1769 po-

264 1769 388 1824 pulus
414 1770 649 1821 Romanus,
669 1785 835 1826 semper
856 1785 1002 1811 omncs
1026 1779 1174 1827 gentes
1204 1770 1445 1825 loquentur,
1467 1770 1583 1811 nulla
1604 1785 1698 1811 um-

261 1837 389 1881 quam
425 1828 694 1868 obmutescet
729 1836 930 1869 vetustas.
964 1828 1067 1883 quin
1106 1828 1188 1869 hoc
1227 1836 1418 1883 tempore
1451 1827 1561 1882 ipso5
1597 1842 1696 1868 cum

260 1898 408 1925 omnes
430 1900 454 1924 a
485 1884 588 1925 meis
620 1884 804 1925 inimicis
836 1888 875 1916 38
890 1884 1003 1926 faces
1035 1900 1142 1926 meae
1173 1884 1348 1925 invidiae
1380 1884 1695 1939 subjiciuntur3

259 1949 402 1982 tamen
418 1941 535 1982 omni
556 1942 597 1982 in
614 1941 838 1983 hominum
854 1953 988 1993 coetu,
1003 1942 1151 1998 gratiis
1171 1941 1363 1998 agendiS,
1379 1949 1423 1981 et
1442 1940 1696 1997 gratulatio-

256 1998 384 2039 nibus
406 1998 630 2050 habendis,
649 2010 692 2039 et
708 1999 823 2040 omni
846 2014 1038 2040 sermone
1058 1999 1339 2040 celebramur.
1372 1997 1543 2040 Omitto
1565 1998 1693 2040 Etru-

257 2055 332 2096 riae
364 2055 510 2106 festos,
541 2064 584 2096 et
615 2066 748 2107 actos,
779 2065 823 2096 et
854 2056 1073 2097 institutos
1105 2057 1224 2097 dies:
1257 2056 1491 2096 centesima
1519 2055 1595 2096 lux
1627 2064 1694 2097 est

256 2110 352 2153 haec
383 2113 436 2153 ab
469 2113 643 2154 interitu
680 2113 729 2154 P.
753 2112 912 2164 Clodii,
942 2117 983 2148 39
996 2122 1052 2164 et,
1083 2114 1251 2169 opinor,
1283 2112 1438 2153 altera:
1471 2127 1556 2168 qua
1586 2112 1693 2154 fines

255 2168 425 2224 imperii
460 2170 607 2225 populi
645 2170 831 2212 Romani
866 2179 978 2222 sunt,
1006 2185 1056 2212 ea
1087 2186 1172 2212 non
1210 2169 1346 2210 solum
1378 2169 1492 2210 fama
1516 2170 1611 2225 jam
1639 2170 1693 2211 de

257 2225 344 2277 illo,
368 2227 438 2267 scd
463 2227 591 2268 etiam
616 2227 769 2268 laetitia
791 2228 1050 2284 peragravit.
1105 2227 1416 2277 Quamobrem,
1440 2226 1512 2267 ubi
1535 2241 1692 2283 corpus

253 2280 338 2324 hoe
369 2283 438 2334 sit,
460 2298 562 2335 non,
588 2284 742 2340 inquit,
765 2285 927 2335 laboro,
950 2285 1155 2340 quoniam
1186 2284 1386 2324 omnibus
1418 2283 1461 2324 in
1493 2283 1615 2325 terris
1647 2291 1692 2326 et

254 2405 304 2436 Fr.
336 2407 453 2446 reperit.
470 2407 619 2446 ficisset,
648 2412 721 2449 (ego
749 2414 784 2438 et
813 2409 846 2438 in
877 2408 950 2439 edd.
994 2409 1149 2439 vitiosum
1177 2413 1240 2444 est,
1263 2412 1301 2438 ut
1323 2407 1427 2446 quivis
1448 2407 1513 2438 tiro
1535 2407 1618 2438 bene
1639 2407 1691 2438 in—

253 2447 292 2478 R.
308 2448 409 2487 Med.)
430 2449 523 2489 idque
540 2451 673 2491 recepit.
702 2450 765 2482 Sed
783 2450 864 2481 illud
884 2462 949 2482 me—
992 2451 1128 2481 stitutus
1160 2450 1281 2481 sentire
1315 2451 1427 2488 possit.
1464 2460 1540 2480 cum
1569 2455 1619 2481 est
1648 2450 1689 2481 (le

252 2490 325 2520 lius.
992 2497 1152 2532 tempore,
1176 2497 1209 2522 et
1236 2492 1356 2531 pendet
1378 2492 1418 2522 ab
1441 2493 1497 2522 hoc
1515 2493 1582 2532 ipso
1605 2497 1686 2523 tem·

295 2532 336 2563 36
357 2534 413 2563 sed
429 2538 540 2564 tamen
561 2544 600 2564 ea·
615 2534 656 2574 o.]
685 2539 796 2565 tamen
822 2535 951 2565 videtur

251 2578 376 2605 temere
390 2586 407 2605 e
427 2586 520 2606 versu
545 2577 748 2616 praecedcntc
772 2578 949 2616 repetitum

251 2625 334 2646 esse.

294 2661 333 2692 37
356 2660 545 2690 viderentur
560 2659 769 2699 adscendere]
789 2660 842 2690 Sic
860 2666 947 2690 recte

251 2700 399 2731 Graevius
422 2712 480 2741 pro
496 2702 630 2741 vulgato
652 2703 860 2732 videantw‘e
884 2703 947 2733 Ms.

250 2741 320 2772 Erf.
332 2744 433 2774 etiam
446 2744 515 2774 sine
530 2744 614 2774 libro
628 2745 849 2775 correxissem.
866 2754 948 2785 prae—

249 2784 371 2815 cedunt
386 2796 476 2816 mera
492 2787 693 2826 imperfecta.

291 2828 331 2857 38
349 2826 443 2865 faces
470 2829 600 2859 z'nvz'dioe
627 2827 860 2869 subjiciuntur]
893 2828 945 2859 Sic

249 2866 322 2899 dedi
345 2878 403 2910 pro
423 2869 655 2912 subjiciantur,
678 2870 765 2912 quod
786 2872 834 2903 ita
859 2871 945 2904 clare

988 2544 1079 2573 pore,
1095 2535 1181 2573 quod
1204 2534 1417 2564 indicativum
1441 2538 1515 2574 post
1539 2544 1614 2565 cum
1627 2544 1686 2575 po-

993 2576 1109 2606 stulat.

1035 2621 1075 2652 39
1097 2622 1140 2654 et,
1155 2622 1192 2647 ut
1207 2618 1330 2657 opinor,
1347 2616 1469 2656 altera]
1492 2617 1545 2648 Sic
1567 2618 1689 2649 Grute-

991 2669 1057 2690 ruS.
1085 2665 1119 2690 at
1144 2660 1290 2689 Gra’x‘ius
1314 2664 1351 2689 ut
1379 2658 1508 2689 delerit.
1553 2659 1598 2690 Et
1624 2669 1687 2691 scr.

990 2707 1024 2732 et
1052 2701 1124 2732 cdd.
1148 2703 1287 2732 variant.
1334 2702 1497 2731 Posterius
1532 2702 1682 2742 praefero.

992 2745 1162 2779 Ceterum,
1185 2755 1224 2774 cx
1251 2743 1433 2774 rationibus
1458 2754 1478 2774 a
1504 2743 1687 2775 Pontedera.

987 2786 1168 2821 subductis,
1185 2786 1210 2816 is
1224 2785 1288 2816 suit
1304 2786 1370 2815 aliz-s
1384 2796 1413 2816 a.
1429 2785 1459 2815 d.
1474 2785 1531 2816 VI.
1547 2785 1685 2825 1d.Ap1·.

988 2838 1085 2867 quem
1107 2829 1133 2858 si
1157 2827 1260 2865 lubet,
1276 2827 1339 2857 vid.
1361 2827 1396 2858 in
1419 2826 1525 2869 Epist.
1541 2827 1685 2868 antiqui·

988 2876 1050 2903 tat.
1067 2869 1142 2902 Lat.
1159 2873 1193 2902 et
1207 2870 1264 2902 Gr.
1276 2879 1308 2910 p.
1322 2870 1396 2902 321.
