1785 3185
503 96 847 134 PHILIPPICA
873 96 1052 139 NONA.
1395 101 1495 143 1873

64 200 298 250 Octavium
319 198 534 255 Leptines,
554 212 632 240 nec
654 192 899 240 Veientium
922 214 1012 251 rex,
1034 214 1121 251 eos,
1139 215 1246 256 quos
1262 200 1391 244 modo
1414 217 1494 244 no-

62 257 242 308 minavi,
271 271 398 311 quam
431 256 520 296 Ser.
553 255 790 310 Sulpicium
821 256 982 296 occidit
1010 255 1240 299 Antonius.
1302 258 1343 299 Is
1374 260 1492 301 enim

61 313 258 370 profecto
290 321 469 354 mortem
502 312 660 362 attulit,
681 311 754 366 qui
787 325 916 352 causa
943 313 1093 353 mortis
1116 313 1212 354 fuit.
1272 316 1492 362 Quocirca

60 370 116 411 ad
138 369 398 426 posteritatis
419 368 549 410 etiam
572 369 821 409 memoriam
844 368 1056 424 pertinere
1083 370 1280 434 arbitror,
1303 383 1487 425 exstare,

59 428 174 482 quod
198 426 326 467 fuerit
343 426 396 466 de
418 425 500 466 hoc
523 425 632 466 bello
650 425 865 480 judicium
888 434 1071 467 senatuS.
1104 427 1185 467 erit
1210 427 1325 468 enim
1347 439 1489 471 statua

55 483 153 539 ipsa
174 483 307 534 testis,
332 482 487 524 bellum
511 492 597 524 tam
620 497 749 539 grave
779 481 924 534 fuisse,
944 492 992 523 ut
1012 482 1142 538 legati
1174 484 1385 535 interitus,
1408 486 1487 526 ho-

54 555 174 582 noris
192 539 441 581 memoriam
463 549 716 581 consecutus
738 539 807 581 sit.
867 539 1034 586 Quodsi
1053 542 1374 582 excusationem
1395 543 1484 591 Ser.
1497 549 1536 596 4

52 595 254 652 Sulpicii,
274 607 413 653 patres
431 597 679 653 conscripti,
700 596 926 652 legationis
945 597 1155 638 obeundae
1173 599 1386 639 recordari
1409 614 1483 639 vo·
1497 619 1522 652 3

50 652 246 718 lueritis,
267 654 383 696 nulla
412 655 627 696 dubitatio
660 653 934 709 relinquetur,
978 654 1080 708 quin
1114 654 1276 696 honore
1310 657 1484 707 mortui,
1497 668 1529 698 b

54 725 185 765 quam
209 712 308 753 vivo
330 711 529 766 injuriam
561 711 754 762 fecimus,
777 711 1021 752 sarciamus,
1082 710 1169 753 Vos
1191 713 1321 764 enim,
1344 722 1485 777 patres

54 768 304 824 conscripti,
332 773 482 823 (grave
510 768 629 810 dictu
651 777 729 820 est,
754 768 824 809 sed
847 768 1077 810 dicendum
1107 771 1285 820 tamen,)
1309 785 1398 820 vos,
1421 770 1488 810 in-

53 839 199 880 quam,
226 827 316 867 Ser.
349 825 589 880 Sulpicium
618 825 707 866 vita
739 825 962 880 privastis:
994 839 1120 880 quem
1149 839 1248 867 cum
1283 827 1486 868 videretis

58 883 94 912 ¹3
109 896 152 923 re
181 883 314 939 magis
349 882 562 933 morbum,
583 896 712 937 quam
736 882 944 933 oratione,
965 892 1260 946 excusantem,
1282 897 1368 932 non
1405 898 1485 925 vos

50 939 227 993 quidem
247 915 436 981 crudeles
458 938 614 989 fuistis,
643 943 687 994 (q
694 939 765 979 uid
786 939 900 980 enim
923 939 1063 980 minus
1088 939 1131 980 in
1153 939 1267 981 hunc
1289 940 1483 982 ordinem

51 1005 256 1038 convenit
269 998 302 1047 ἓ)
332 996 420 1047 sed,
449 1010 550 1037 cum
581 996 805 1060 speraretis
835 996 943 1038 nihil
972 1011 1077 1046 esse,
1106 996 1222 1051 quod
1252 1011 1338 1038 non
1370 997 1484 1038 illius

49 1054 307 1094 auctoritate
327 1062 371 1094 et
391 1053 601 1108 sapientia
622 1052 734 1094 effici
758 1062 916 1109 posset,
940 1053 1235 1094 vehementius
1265 1055 1481 1096 excusati-

50 1110 123 1151 oni
146 1109 398 1154 obstitistis:
430 1120 559 1165 atque
579 1125 691 1162 eum,
721 1125 796 1165 qui
828 1125 995 1174 semper
1017 1119 1203 1152 vestrum
1225 1126 1481 1153 consensum

51 1168 351 1221 gravissimum
375 1167 673 1231 judicavisset,
703 1167 756 1209 de
777 1168 989 1210 sententia
1006 1167 1238 1222 dejecistiS.
1299 1168 1360 1209 Ut
1379 1182 1513 1217 veroo

47 1225 204 1265 „Pansae
227 1223 412 1266 consulis
433 1225 612 1266 accessit
633 1224 876 1266 cohortatio
893 1225 1079 1281 gravior,
1102 1240 1230 1280 quam
1250 1240 1370 1266 aures
1387 1226 1479 1268 Ser.

51 1280 233 1337 Sulpicii
264 1281 372 1322 terre
391 1280 666 1333 didicissent,
697 1292 790 1323 tum
813 1296 912 1324 vero
943 1281 1127 1337 denique
1149 1282 1298 1333 filium,
1328 1297 1481 1339 meque

48 1339 237 1389 seduxit,
258 1348 386 1393 atque
407 1338 468 1379 ita
487 1338 655 1380 locutus
679 1348 757 1390 est,
780 1348 827 1379 ut
844 1340 1145 1380 auctoritatem
1169 1349 1352 1381 vestram
1376 1341 1478 1383 vitae

46 1410 139 1437 zuae
163 1411 206 1436 se
226 1395 386 1438 diceret
406 1395 631 1437 anteferre
661 1396 785 1451 cujus
812 1410 890 1437 nos
913 1396 1114 1438 virtutem
1145 1396 1358 1447 admirati,
1392 1412 1480 1440 non

46 1453 139 1495 ausi
173 1467 317 1494 sumus
348 1452 442 1507 ejus
456 1450 686 1494 adversari
724 1451 948 1495 voluntati.
986 1453 1242 1495 movebatur
1271 1454 1476 1510 singulari

48 1510 209 1565 pietate
232 1509 375 1552 filius:
408 1525 494 1552 non
525 1510 708 1552 multum
738 1510 832 1564 ejus
864 1510 1176 1567 perturbationi
1208 1525 1327 1552 meus
1358 1511 1481 1554 dolor

45 1567 334 1609 concedebat.
367 1567 439 1608 sed
468 1575 644 1622 uterque
666 1578 784 1608 nosti
790 1582 859 1608 um
882 1569 1032 1609 cedere
1053 1568 1291 1624 cogebatur
1310 1569 1480 1624 magni·-

45 1624 182 1666 tudini
207 1623 354 1681 animi,
385 1624 725 1681 orationisqueo
701 1624 926 1666 oravitati:
958 1640 1057 1666 cum
1078 1602 1252 1680 quidem
1275 1624 1358 1676 ille,
1388 1641 1479 1667 ma-

42 1682 162 1723 xima
182 1676 305 1723 laude
325 1689 369 1722 et
390 1681 545 1737 gr·atul
547 1682 676 1722 itione
698 1681 891 1723 omnium
915 1682 1119 1733 vestrum,
1152 1682 1368 1747 pollicitus
1398 1693 1478 1735 est,

45 1754 102 1791 se,
114 1739 237 1794 quod
254 1715 431 1790 velletis,
452 1753 543 1779 esse
562 1738 789 1790 facturum,
812 1753 950 1794 neque
963 1739 1055 1794 ejus
1069 1741 1293 1781 sententiae
1312 1740 1478 1795 pelicu-

39 1796 130 1838 lum
152 1796 401 1845 vitaturum,
434 1795 605 1850 l‘lcujus
637 1796 728 1852 ipse
756 1806 905 1838 auctor
933 1796 1107 1839 fuisset:
1140 1812 1268 1853 quem
1298 1798 1476 1852 exsequi

39 1853 243 1894 mandata
263 1862 403 1893 vestia
428 1863 744 1908 properantem,
772 1868 897 1895 mane
924 1854 1129 1918 postridie
1159 1855 1373 1910 prosecuti
1405 1869 1475 1895 sn·

38 1925 150 1952 mus.
183 1910 268 1965 qui
277 1910 451 1964 quidem
472 1910 708 1961 discedens,
737 1924 907 1951 mecum
930 1912 989 1952 ita
1009 1910 1177 1952 locutus
1205 1922 1284 1963 est,
1310 1921 1356 1952 ut
1377 1911 1470 1976 ejus

38 1968 177 2009 oratio
199 1980 325 2008 omen
347 1965 425 2008 fati
448 1967 676 2008 videretur.
739 1958 936 2008 Reddite
946 1966 1092 2023 igitur,
1122 1977 1261 2024 patres
1282 1969 1515 2022 conseri-5

38 2025 120 2080 pti,
140 2024 179 2065 ei
202 2023 350 2074 vitam,
372 2023 441 2065 cui
464 2023 696 2066 ademistis.
721 2024 810 2065 vita
826 2024 941 2065 enim
959 2034 1226 2068 1n01tuorum
1247 2026 1288 2066 in
1309 2040 1532 2079 memo-10

38 2096 102 2124 ria
118 2082 315 2123 vivorum
337 2089 402 2121 est
423 2082 576 2144 posita.
610 2081 816 2136 perficite,
839 2091 888 2122 ut
908 2081 958 2133 is,
980 2095 1108 2136 quem
1132 2096 1207 2124 vos
1233 2084 1268 2113 15
1283 2083 1334 2124 ad
1358 2097 1473 2124 mor-

41 2146 127 2181 tem
158 2139 281 2179 inscii
312 2137 504 2188 misistis,
534 2137 901 2179 imm01talita1em
931 2138 1090 2180 habeat
1119 2154 1144 2180 a
1165 2138 1302 2180 vobis.
1334 2140 1403 2181 cni
1437 2141 1473 2181 51

36 2205 222 2238 statuam
241 2196 283 2237 in
302 2191 471 2236 Rostris
489 2195 661 2238 decreto
680 2203 819 2237 vestro
837 2195 1086 2248 statueritis,
1108 2196 1223 2237 nulla
1242 2196 1335 2252 ejus
1355 2197 1474 2254 lega-

82 2338 118 2366 13
141 2346 174 2366 se
188 2337 297 2375 nitigis
320 2337 426 2366 morbo
449 2345 548 2376 quam
572 2334 731 2376 oratione]
776 2335 888 2365 ferunt
902 2334 994 2366 libri:
1019 2339 1160 2376 suntque
1182 2339 1216 2367 et
1238 2336 1302 2368 alia
1322 2337 1472 2391 exempla

39 2379 92 2411 Sic
113 2379 184 2410 edd.
202 2383 284 2409 vett.
304 2384 339 2409 et
361 2378 442 2409 Mss.
458 2378 544 2418 quod
559 2383 594 2408 et
614 2378 734 2408 Grute·
776 2377 862 2418 apud
878 2377 1085 2409 Ciceronem.

39 2430 93 2453 rus
122 2424 252 2451 secutus
278 2426 342 2458 est,
372 2420 428 2451 sed
459 2431 497 2450 ea
523 2419 733 2450 commodum
822 2423 858 2450 15
881 2420 927 2450 ad
947 2424 1082 2450 mortem
1098 2420 1191 2451 inscii
1211 2420 1358 2461 misistis]
1385 2421 1473 2453 Mal-

37 2471 169 2494 sensum
185 2472 251 2492 non
274 2463 409 2493 habent.
434 2462 548 2502 Itaque
572 2462 677 2502 recepi
699 2466 734 2492 et
776 2461 840 2492 lem
859 2462 968 2492 abesse
983 2463 1088 2492 inscii.
1113 2463 1198 2502 quod
1213 2462 1353 2501 glossam
1369 2465 1470 2505 sapit.

35 2505 732 2546 ipse.postGraeviumlectionemvmffema-
776 2514 851 2534 nam
876 2505 1134 2535 concinnitatem
1158 2505 1298 2535 minuit:
1322 2510 1355 2536 et
1380 2516 1470 2538 com·

33 2548 88 2586 gis
102 2548 248 2578 morbum
263 2557 293 2586 q.
310 2557 337 2577 ο.
367 2547 417 2578 Re
430 2552 465 2577 et
477 2548 621 2577 arabione
638 2556 733 2576 acen·
775 2547 869 2576 mode
884 2546 1036 2576 abfuerit.
1062 2555 1138 2577 nam
1152 2548 1332 2584 excusatio,
1348 2558 1421 2588 quae
1435 2549 1470 2578 in

37 2594 108 2620 rate
123 2594 349 2630 opponuntur,
366 2594 400 2620 et
414 2590 562 2620 morbum
576 2598 733 2619 excusare
774 2598 813 2618 eo
826 2589 921 2619 verbo
933 2589 1031 2624 inest,
1048 2593 1125 2618 ante
1140 2590 1307 2629 proposita
1318 2596 1377 2622 est.
1401 2590 1470 2620 Sie-

37 2631 276 2662 beneiatinum
290 2636 352 2668 est,
370 2640 428 2671 pro
445 2631 594 2661 morbum
605 2634 642 2661 ut
655 2640 732 2661 cau·
775 2635 813 2661 ut
825 2640 921 2670 snpra
934 2630 1017 2661 dixit
1030 2631 1174 2670 praecise,
1197 2641 1251 2661 vos
1266 2632 1334 2661 vita
1353 2634 1470 2672 priva-

36 2682 107 2705 tam
134 2674 180 2704 rei
202 2673 404 2704 declinandae
433 2673 568 2704 adferre.
597 2683 673 2703 nam
704 2682 737 2703 se
779 2674 848 2709 stis,
859 2674 905 2703 ita
918 2672 969 2702 hic
980 2673 1089 2712 potuit
1101 2672 1205 2703 dicere
1215 2683 1267 2703 vos
1280 2673 1326 2703 ad
1334 2679 1470 2704 mortem

35 2715 145 2750 morbo
160 2725 227 2746 exc.
244 2719 332 2745 certe
352 2725 467 2756 parum
483 2716 614 2754 elegans
629 2720 690 2745 est.
779 2716 918 2745 misistis.
942 2715 1008 2754 At(
1013 2725 1051 2745 ue
1067 2719 1100 2744 ct
1116 2714 1278 2745 fluctuant
1294 2715 1378 2746 libri.
1404 2715 1468 2747 Ms.

81 2760 118 2789 14
148 2756 494 2798 cujus-qzcem—qui]
531 2757 654 2787 Durior
684 2762 733 2788 est
778 2757 908 2795 quidem
924 2727 1032 2796 1111111.
1051 2756 1162 2795 habet,
1175 2767 1268 2798 quem
1280 2757 1324 2789 ad
1333 2762 1466 2791 mortem

39 2797 110 2832 haec
124 2799 345 2839 frequentatio
361 2799 505 2831 relativi.
531 2798 588 2832 sed
611 2798 656 2831 nil
673 2798 734 2829 dif-
777 2808 841 2830 ozon
856 2800 949 2832 inscii
964 2797 1108 2831 misistis.

92 2854 200 2884 VOL
224 2855 279 2884 11
303 2854 345 2884 P.
371 2855 430 2883 11*
699 2848 726 2884 4
754 2855 775 2881 U
