1785 3185
475 98 591 138 PRO
616 98 782 138 REGE
806 99 1131 139 DEIOTARO.
1420 102 1519 137 1243

89 204 177 247 fere
206 203 347 245 verbis
376 202 484 244 44ad
516 216 586 242 me
618 211 661 243 te
693 202 892 252 scribere,
924 217 1078 257 meque
1108 201 1192 242 tuis
1228 201 1380 244 litteris
1411 203 1522 244 bene

91 274 259 316 sperare
291 275 378 300 non
417 259 572 300 frustra
603 273 694 299 esse
724 260 909 314 jussum.
973 259 1141 300 Laboro
1173 260 1371 314 equidem
1409 261 1585 316 regis39

92 316 286 358 Deiotari
317 330 459 366 causa,
487 329 673 370 quocum
706 315 810 356 mihi
843 316 1076 356 amicitiam
1108 316 1347 378 respublica
1377 317 1523 357 conci-

89 373 226 424 liavit,
248 373 485 429 hospitium
510 371 703 413 voluntas
739 373 959 427 utriusque
990 372 1235 427 conjunxit,
1258 372 1523 414 familiarita-

91 441 177 472 tem
209 429 475 471 consuetudo
505 429 664 481 attulit,
687 444 896 470 summam
920 444 1018 470 vero
1044 429 1402 470 necessitudinem
1433 444 1524 470 ma-

92 501 179 543 gua
199 487 290 542 ejus
313 486 487 527 officia'
480 501 520 526 in
557 500 626 526 me
659 497 701 527 et
736 487 776 527 in
812 487 1049 528 exeicitum
1085 500 1227 526 meum
1257 485 1521 528 effecerunt:

92 544 166 584 sed
198 558 296 585 cum
330 544 382 584 de
417 543 488 583 illo
522 542 685 593 labom,
718 553 808 584 tum
842 543 895 585 de
929 544 1072 585 multis
1102 542 1376 599 amplissimis
1409 543 1522 592 viris,

91 601 248 656 quibus
282 600 411 641 semel
444 601 642 656 ignotum
675 616 700 641 a
735 612 777 641 te
810 614 901 641 esse
933 609 1118 665 oportet,
1151 614 1230 640 nec
1263 576 1524 640 beneficiuui

92 668 213 699 tuum
250 658 292 697 in
326 657 505 698 dubium
539 658 697 708 vocari,
731 672 810 698 nec
843 658 1003 698 haerere
1035 659 1079 698 in
1113 657 1266 698 animis
1299 656 1525 697 hominum

93 715 428 756 sollicitudiuem
465 715 782 770 sempiternam,
805 729 883 755 nec
913 715 1119 765 accidere,
1146 724 1195 754 ut
1221 713 1447 769 quisquam
1482 723 1524 754 te

93 772 244 812 timere
276 772 454 826 incipiat
483 785 644 822 eorum,
667 773 740 826 qui
766 772 894 812 semel
923 787 947 812 a
978 782 1019 812 te
1044 773 1129 812 sint
1157 771 1324 812 liberati
1356 771 1523 812 timore.

93 829 197 870 ,Non
228 829 378 878 debeo,
406 828 457 869 C.
482 827 641 878 Caesar,
664 828 779 882 quod
812 828 901 869 fieri
933 829 1041 870 solet
1072 829 1113 869 in
1147 828 1277 868 tantis
1309 827 1591 883 periculis‚40

93 894 271 936 tentare,
293 899 480 940 quonam
511 885 640 925 modo
673 885 856 926 (licendo
885 885 1223 927 misericordiam
1252 895 1370 925 tuam
1407 899 1525 925 com-

90 957 263 983 movere
286 956 460 998 possim.
482 941 590 982 nihil
619 956 726 997 opus
749 952 826 982 est.
850 957 1071 984 occuriere
1102 943 1195 999 ipsa
1225 941 1333 983 solet
1363 942 1527 998 suppli-

92 1000 215 1040 cibus
253 1010 297 1040 et
333 998 607 1050 calamitosis,
644 998 799 1040 nullius
838 1000 1033 1041 oratione
1070 1007 1263 1041 evocata.
1325 998 1526 1054 Propone

91 1056 172 1097 tibi
195 1057 301 1097 duos
324 1070 458 1111 regeS,
481 1066 524 1096 et
550 1056 593 1096 id
624 1056 768 1097 animo
799 1057 1105 1114 contemplare,
1127 1056 1243 1112 quod
1273 1055 1408 1097 oculis
1439 1071 1526 1097 non

91 1123 230 1177 potes.
261 1113 382 1154 dabis
413 1112 609 1169 prolecto
642 1113 962 1165 misericordiae,
983 1114 1099 1169 quod
1130 1113 1362 1154 iracundiae
1394 1127 1526 1169 nega-

92 1170 207 1211 visti.
257 1169 402 1210 Multa
423 1180 522 1210 suut
544 1180 629 1211 tuae
652 1170 891 1212 clementiae
914 1181 1217 1212 monumenta:
1242 1170 1314 1211 sed
1336 1171 1527 1211 maxime

91 1241 239 1268 eorum
264 1227 595 1277 incolumitates,
618 1228 773 1282 quibus
793 1228 972 1269 salutem
995 1228 1165 1269 dedisti.
1196 1242 1293 1282 quae
1317 1228 1351 1267 si
1373 1227 1416 1267 in
1440 1229 1571 1283 pri-b.

90 1284 200 1325 vatis
223 1284 394 1340 glorios
386 1299 409 1324 ι
429 1295 541 1335 sunt,
560 1286 695 1325 multo
715 1286 853 1341 magis
874 1285 1355 1327 commemorabuntur
1346 1298 1390 1324 1n
1412 1286 1526 1340 regi-

91 1342 186 1382 bus.
223 1318 426 1397 0Semper
449 1342 616 1397 regium
638 1356 795 1384 nomen
818 1342 860 1383 in
884 1343 965 1383 hac
987 1342 1163 1383 civitate
1195 1351 1390 1382 sanctum
1413 1341 1523 1383 fuit-

92 1399 306 1439 sociorum
337 1413 438 1439 vero
469 1413 619 1454 regum
650 1409 693 1440 et
723 1401 959 1441 amicorum
991 1399 1321 1441 sanctissimum.
1394 1399 1524 1445 Quod
1544 1390 1609 1441 15

89 1470 247 1496 nomen
267 1455 308 1496 hi
330 1470 449 1512 leges
472 1470 525 1496 ne
548 1457 870 1508 ·1n1itterent‚te
892 1458 1069 1507 victore,
1097 1457 1353 1497 timum-:unt
1386 1468 1526 1497 r-eten
1538 1464 1585 1497 41

92 1523 184 1553 tum
210 1527 322 1564 vero,
344 1523 386 1553 et
408 1528 432 1553 a
462 1524 503 1555 te
525 1514 843 1564 confiimatum,
865 1515 1046 1570 posteris
1075 1515 1201 1555 etiam
1228 1514 1313 1554 suis
1348 1513 1527 1554 traditu-

90 1584 159 1610 ros
181 1583 272 1611 esse
293 1569 479 1611 confido.
541 1570 701 1635 Corpo:
702 1586 735 1612 a
768 1586 867 1612 vero
891 1586 978 1621 sua,
1003 1586 1079 1626 pro
1102 1571 1236 1611 salute
1258 1585 1407 1625 legum
1431 1585 1529 1610 suo-

90 1641 184 1668 rum
217 1627 262 1667 hi
292 1627 421 1683 legati
454 1627 534 1668 tibi
567 1629 673 1683 legii
705 1629 892 1678 tradunt,
926 1628 1097 1692 ῌίειειε,
1129 1638 1172 1668 et
1203 1627 1456 1678 Blesamius,
1487 1638 1531 1668 et

90 1661 358 1740 Antigonus?
378 1684 457 1725 tibi
480 1685 691 1740 nobisque
712 1686 947 1726 omnibus
929 1701 967 1741 J
956 1700 1023 1726 am
1045 1686 1119 1726 diu
1151 1684 1260 1735 noti,
1294 1685 1530 1740 eademque

91 1741 176 1782 fide
198 1749 241 1782 et
263 1742 420 1782 virtute
446 1742 649 1797 praeditus
674 1742 796 1798 Dor)
799 1743 904 1794 laus,
926 1743 999 1798 qui
1022 1757 1160 1806 nuper
1178 1756 1277 1783 cum
1303 1741 1439 1782 Hiera
1471 1741 1530 1782 le-

92 1808 218 1855 gatus
240 1808 305 1840 est
326 1799 378 1839 ad
411 1809 451 1840 te
482 1813 650 1850 missus,
671 1802 712 1830 45
726 1810 819 1840 tum
852 1814 1003 1855 regum
1035 1799 1301 1850 amicissimi,
1322 1808 1413 1839 tum
1447 1799 1527 1840 tibi

91 1856 237 1908 etiam,
259 1865 307 1896 ut
343 1870 482 1912 spero,
505 1856 692 1912 probati.
753 1856 945 1912 Exquire
967 1857 1020 1897 de
1056 1856 1288 1906 Blesamio,
1320 1856 1591 1911 numquid4‘2

91 1913 146 1954 ad
177 1922 490 1969 regemcont1a
513 1913 770 1969 dignitatem
806 1924 925 1955 tuam
960 1914 1192 1970 scripserit.
1255 1913 1411 1954 Hieras
1434 1913 1529 1968 qui-

90 1970 189 2011 dem
212 1985 380 2012 causam
405 1985 576 2011 omnem
600 1970 794 2027 suscipit,
813 1981 857 2012 et
874 1971 1127 2012 criminibus
1161 1970 1241 2011 illis
1264 1985 1341 2026 pro
1365 1984 1465 2025 rege
1487 1985 1531 2011 se

89 2028 296 2084 supponit
316 2042 460 2068 reum:
493 2029 742 2069 memoriam
763 2028 1113 2084 tuamimplorat‚
1146 2043 1231 2083 qua
1259 2027 1371 2068 vales
1399 2027 1531 2082 pluri-

89 2100 234 2126 mum:
267 2095 397 2141 negat
416 2099 618 2139 umquam
641 2099 684 2125 se
703 2101 728 2126 a
762 2095 804 2126 te
824 2086 868 2126 in
893 2084 1088 2126 Deiotari
1113 2084 1346 2126 tetrarchia
1376 2085 1531 2140 pedem

91 2142 359 2184 discessisse:
392 2142 435 2181 in
459 2143 607 2197 primis
630 2142 788 2182 finibus
812 2143 892 2183 tibi
915 2157 958 2183 se
977 2152 1135 2198 praesto
1160 2142 1291 2182 fuisse
1314 2142 1435 2191 dicit,
1458 2156 1529 2181 us-

88 2214 173 2255 que
194 2200 247 2240 ad
270 2199 443 2240 ultimos
466 2209 762 2255 prosecutum:
785 2214 884 2240 cum
906 2214 928 2240 e
950 2200 1100 2240 balneo
1123 2199 1298 2250 exisses,
1316 2208 1459 2240 tecum
1484 2213 1528 2239 se

89 2257 235 2308 fuisse,
257 2271 355 2298 cum
376 2256 448 2296 illa
469 2270 645 2297 munera
666 2257 925 2312 inspexisses·
947 2266 1137 2307 cenatuS,
1159 2270 1259 2297 cum
1283 2257 1327 2297 in
1349 2256 1528 2296 cubicu-

88 2313 132 2356 lo
152 2314 445 2363 recubuisses3
476 2314 741 2378 eandemque
773 2314 1068 2354 assiduitatem
1102 2313 1182 2354 tibi
1216 2327 1260 2353 se
1292 2313 1529 2368 praebuisse

90 2371 315 2427 postridie.
374 2345 685 2420 Qriamobrem,
708 2371 741 2411 si
764 2371 866 2426 quid
890 2385 1053 2423 eorum,
1076 2385 1173 2426 quae
1207 2369 1382 2425 objecta
1414 2380 1526 2419 sunt,

89 2429 329 2484 cogitatum
361 2429 430 2478 sit,
452 2443 540 2468 non
572 2438 752 2478 recusat,
783 2443 887 2483 qum
920 2429 960 2469 id
993 2427 1160 2469 facinus
1192 2441 1316 2467 suum
1340 2426 1526 2481 judices.

93 2485 324 2536 Quochca,
348 2485 399 2526 C.
416 2484 576 2535 Caesar,
597 2485 723 2525 velim
746 2485 981 2536 existimes,
1002 2485 1210 2526 hodierno
1229 2484 1298 2525 die
1322 2485 1529 2524 sententi-

90 2556 160 2583 am
180 2552 312 2592 tuam,
328 2552 402 2583 aut
419 2557 517 2583 cum
541 2557 707 2583 summo
726 2542 933 2583 dedecore
955 2543 1235 2583 miserrimam
1261 2550 1425 2596 pestem
1447 2540 1527 2580 im-

90 2608 357 2656 portaturam
378 2613 468 2640 esse
492 2600 679 2656 regibus,
702 2609 776 2640 aut
791 2599 1050 2641 incolumem
1068 2598 1228 2639 famam
1244 2612 1343 2639 cum
1366 2596 1528 2638 salute:

1516 2401 1589 2438 ’43

134 2758 177 2786 44
197 2755 243 2785 ad
266 2765 317 2786 me
342 2759 372 2785 le
397 2755 550 2795 scribere]
575 2756 700 2787 Durior
721 2756 788 2786 col·
830 2756 927 2787 iotari
942 2759 976 2786 et
991 2755 1107 2785 domus
1121 2755 1203 2793 ejus.
1222 2758 1262 2784 ut
1275 2753 1310 2782 in
1324 2752 1382 2783 illo
1398 2752 1534 2792 vulgato

94 2797 227 2829 iocatio.
243 2798 306 2828 alio
324 2798 396 2828 loco
412 2798 529 2829 melius
543 2803 574 2828 te
590 2804 744 2838 ponatur.
831 2799 1058 2829 Romanorum
1080 2796 1120 2826 de
1143 2796 1261 2834 Bruto,
1277 2795 1331 2835 qui
1352 2804 1446 2834 reges
1468 2796 1535 2835 eje-

133 2842 174 2871 45
197 2843 268 2870 tum
282 2849 401 2880 regum
416 2840 619 2881 amicissimi]
644 2841 706 2872 int.
722 2840 788 2871 De·
830 2840 911 2872 cisse
926 2840 1034 2871 Roma
1049 2838 1230 2870 dicebatur.
