1817 3169
645 97 717 137 IN
741 96 789 136 L.
814 96 1093 137 PISONEM.
1480 98 1579 135 1123

142 213 224 258 per
244 199 438 242 stetimus
461 201 504 242 in
536 199 607 241 illo
629 214 859 257 ganearum
889 207 1059 240 tuarum
1090 198 1239 240 nidore
1269 208 1397 255 atque
1430 198 1575 243 fumo:

147 257 260 298 unde
283 268 325 299 tu
352 272 440 308 nos,
462 271 559 298 cum
592 257 907 312 improbissime
938 255 1248 312 respondendo,
1269 266 1359 297 turn
1383 257 1578 313 turpissi-

144 327 214 355 me
235 315 467 356 eructando
495 313 674 370 ejecisti.
735 312 854 355 Idem
884 312 955 354 illo
988 312 1074 353 fere
1105 312 1237 353 biduo
1268 314 1501 368 productus
1531 314 1636 355 in14

143 371 397 413 concionem
420 372 473 412 ab
495 386 561 422 eo,
583 373 624 402 24
636 371 704 412 cui
728 372 786 412 sic
810 379 1026 426 arquatum
1059 369 1280 424 praebebas
1306 370 1576 413 consulatum

143 435 282 480 tuum,
314 443 411 470 cum
443 443 553 469 esses
585 428 884 484 interrogatus,
915 427 1016 482 quid
1057 426 1234 467 sentires
1270 426 1323 466 de
1352 427 1576 469 consulatu

142 498 267 540 meon:
301 486 442 542 gravis
466 495 629 536 auctor,
654 485 875 526 Calatinus
897 484 1024 525 credo
1047 483 1215 539 aliquiS,
1237 492 1310 524 aut
1331 481 1576 536 Africanus,

141 549 217 582 aut
248 541 487 594 Maximus,
521 551 564 584 et
595 545 635 573 25
649 558 733 583 non
766 541 1020 584 Caesoninus
1054 540 1442 596 Semiplacentinus
1477 540 1576 582 Cal-

142 599 328 650 ventius,
369 600 610 656 1·espondeS‚
643 599 776 640 altero
817 599 868 640 ad
912 597 1097 638 frontem
1135 597 1317 649 sublato,
1355 597 1486 638 altero
1522 599 1573 640 ad

140 666 335 698 mentum
357 656 555 713 depresso
581 655 820 713 supercilio,
844 655 1153 696 Crudelitatem
1187 655 1264 695 tibi
1284 669 1368 695 non
1395 653 1572 710 placere.

143 711 234 754 Hic
275 723 316 754 te
348 713 416 754 ille
448 714 591 765 homo,
621 713 896 770 dignissimus
935 713 1017 753 tuis
1059 712 1270 762 laudibus,
1300 705 1617 759 collaudavit]

142 768 421 812 crudelitatis
453 781 513 822 tu,
544 771 732 822 furcifer,
755 782 947 810 senatum
978 768 1126 811 consul
1157 769 1201 810 in
1232 769 1441 809 concione
1471 783 1574 810 con-

141 826 345 870 demnas?
376 843 461 869 non
483 829 596 868 enirn
624 841 708 877 me,
731 828 802 882 qui
836 827 1001 868 senatui
1034 826 1171 882 parui.
1201 840 1300 867 nam
1333 826 1482 867 relatio
1506 825 1575 868 illa

141 883 336 926 salutaris
366 894 409 925 et
440 885 621 940 diligens
653 884 792 925 fuerat
822 884 1033 925 consulis:
1067 883 1380 925 animadversio
1402 883 1576 938 quidem

140 949 186 981 et
207 941 438 996 judicium,
471 951 654 997 senatus..
678 957 773 997 quae
805 956 903 983 cum
935 939 1223 997 reprehendis,
1246 941 1451 991 ostendis,
1471 956 1577 996 qua-

138 996 190 1039 lis
214 1007 274 1050 tu,
297 999 331 1038 si
353 1000 413 1039 ita
436 999 546 1040 forte
567 999 806 1050 accidisset,
827 999 955 1040 fueris
979 997 1049 1039 illo
1072 1008 1265 1053 tempore
1287 997 1434 1039 consul
1458 997 1574 1039 futu-

138 1068 226 1098 ruS.
248 1056 478 1111 stipendiO,
501 1057 756 1108 mehercule,
785 1066 827 1097 et
860 1056 1075 1096 frumento
1108 1055 1339 1096 Catilinam
1373 1070 1463 1096 esse
1496 1070 1574 1112 pu·

138 1113 544 1168 tassesjuvandum.
606 1114 723 1161 Quid
755 1114 867 1154 enim
901 1112 1095 1154 interfuit
1126 1113 1237 1154 inter
1260 1112 1507 1164 Catilinam,
1530 1121 1633 1160 et15

138 1182 252 1221 eum,
275 1170 343 1211 cui
378 1180 421 1211 tu
454 1180 623 1212 senatus
656 1171 970 1221 auctoritatem,
1000 1170 1178 1211 salutern
1210 1170 1413 1221 civitatis,
1436 1175 1618 1211 totamb.

137 1228 464 1282 rempublicam,
508 1229 740 1284 provinciae
786 1228 964 1284 praemio
1004 1227 1262 1269 vendidisti?
1304 1227 1415 1273 Quae
1457 1227 1573 1268 enirn

142 1282 192 1325 L.
216 1284 447 1326 Catilinam
470 1296 699 1327 conantem
721 1284 869 1327 consul
893 1284 1109 1341 prohibui,
1131 1299 1180 1325 ea
1204 1284 1253 1326 Ρ.
1278 1284 1479 1325 Clodium
1511 1283 1574 1325 fa·

138 1340 324 1383 cientem
349 1342 544 1384 consules
574 1343 845 1399 adjuverunt.
907 1342 1055 1383 Voluit
1086 1341 1154 1382 ille
1185 1352 1379 1383 senatum
1412 1341 1574 1383 interfi-

137 1412 248 1449 cere,
270 1414 345 1440 vos
368 1400 620 1443 sustulistis:
651 1401 691 1431 2⁶
702 1401 814 1456 leges
837 1399 1084 1451 incendere3
1114 1414 1188 1440 vos
1210 1399 1473 1455 abrogastis:
1509 1399 1573 1440 in-

139 1456 266 1497 terire
288 1457 496 1512 patriam3
527 1461 566 1492 27
582 1473 656 1499 vos
683 1457 922 1513 adjuvistis.
984 1457 1099 1504 Quid
1133 1466 1210 1507 est,
1234 1458 1357 1498 vobis
1388 1456 1573 1498 consuli-

137 1512 233 1563 bus,
254 1524 423 1569 gestum
452 1515 542 1555 sine
573 1516 732 1556 armis?
768 1515 999 1556 Incendere
1032 1514 1101 1555 illa
1130 1514 1451 1570 conjuratorum
1485 1528 1575 1555 ma-

136 1584 217 1611 nus
242 1570 377 1612 voluit
398 1572 572 1614 urbem:
608 1588 680 1613 vos
703 1573 795 1626 ejus
817 1572 1008 1622 domum,
1032 1586 1157 1628 quem
1191 1581 1364 1628 propter
1388 1573 1486 1613 urbs
1510 1572 1574 1612 in-

136 1641 265 1668 censa
286 1642 372 1669 non
395 1638 473 1669 est.
534 1631 573 1660 ‘28
586 1629 650 1670 Ac
673 1643 725 1670 ne
747 1629 802 1670 illi
826 1629 1014 1684 quidem,
1038 1631 1070 1669 si
1094 1628 1344 1671 habuissent
1367 1629 1494 1670 vestri
1518 1628 1575 1670 si-

135 1684 281 1726 milem
312 1686 547 1737 consulem,
569 1687 621 1727 de
653 1686 769 1727 urbis
799 1686 998 1727 incendio
1028 1686 1306 1742 cogitassent.
1340 1701 1424 1727 non
1458 1686 1572 1727 enim

134 1744 179 1782 'se
206 1742 329 1783 tectis
355 1743 519 1798 privare
541 1743 793 1785 voluerunt:
828 1744 900 1785 sed
926 1743 991 1784 his
1015 1744 1226 1784 stantibus
1252 1744 1410 1785 nullum
1435 1744 1573 1785 domi-

134 1799 282 1840 cilium
313 1799 458 1841 sceleri
491 1816 567 1841 suo
598 1800 689 1842 fore
722 1810 993 1856 putaverunt.
1025 1802 1187 1842 caedem
1216 1801 1273 1841 iili
1297 1801 1471 1851 civium,
1495 1816 1571 1843 vos

134 1857 382 1897 servitutem
420 1857 657 1913 expetistis.
724 1857 811 1899 Hic.
844 1873 918 1899 vos
958 1858 1088 1899 etiam
1120 1858 1390 1900 crudeliores.
1453 1858 1571 1901 Huic

135 1913 249 1954 enim
275 1914 434 1970 populo
457 1915 517 1956 ita
539 1914 691 1967 fuerat,
713 1926 812 1957 ante
833 1930 909 1956 vos
939 1915 1149 1966 consules,
1171 1915 1396 1956 ‘291ibertas
1428 1916 1570 1968 insita,

134 1978 184 2011 ut
205 1973 246 2001 30
258 1971 391 2012 emori
416 1972 572 2027 potius,
594 1987 723 2027 quam
755 1974 911 2013 servire
941 1982 1178 2028 praestaret.
1240 1972 1351 2013 Illud
1375 1988 1473 2014 vero
1496 1988 1569 2030 ge·
1586 1979 1632 2013 16

135 2027 301 2069 minum
331 2029 521 2069 consiliis
554 2028 754 2071 Catilinae
785 2039 829 2070 et
862 2030 1047 2081 Lentuli,
1071 2030 1186 2085 quod
1218 2044 1286 2071 me
1316 2030 1445 2072 domo
1477 2046 1573 2073 mea

876 2175 969 2212 cisse,
981 2174 1066 2214 quod
1078 2185 1137 2215 par
1151 2179 1235 2205 esset
1244 2175 1287 2211 ei,
1296 2174 1381 2214 quod
1395 2175 1428 2205 P.
1440 2174 1573 2207 Clodius

876 2217 1043 2254 voluisset,
1059 2222 1097 2247 ut
1110 2218 1297 2254 sustulistis,
1310 2218 1503 2256 abrogastis.

919 2261 960 2290 28
976 2259 1024 2290 Ac
1037 2260 1112 2290 nei.
1126 2258 1170 2299 q.]
1187 2259 1238 2289 Au
1253 2264 1290 2290 at
1303 2269 1336 2290 n.
1349 2261 1372 2291 i.
1384 2270 1413 2300 q.
1428 2266 1466 2290 ut
1480 2260 1571 2298 alibi,

874 2302 1071 2341 permutatis
1097 2301 1148 2331 his
1173 2301 1288 2332 verbis.
1319 2303 1367 2332 his
1398 2304 1572 2342 stantibus,

875 2344 941 2374 sive
956 2343 997 2374 ad
1013 2344 1134 2374 curiam
1147 2343 1210 2374 hoc
1225 2344 1380 2383 pertinet,
1390 2346 1456 2375 sive
1469 2345 1508 2376 ad
1523 2355 1570 2375 se—

175 2174 217 2204 24
239 2174 292 2203 cuz·
306 2173 352 2203 sic
366 2178 529 2213 oequatum
542 2174 709 2214 praebebas
722 2184 833 2206 consu·

135 2216 243 2246 latum
269 2215 379 2255 tuum]
413 2216 551 2246 Haerent
577 2216 772 2257 interpretes
800 2218 834 2247 in

134 2256 383 2298 interpretando
412 2259 509 2288 verbo
539 2263 714 2299 aquatum.
764 2259 835 2298 Ego

134 2299 269 2330 verbum
300 2300 454 2330 vitiosum
489 2305 583 2340 puto.
635 2300 733 2331 Forte
766 2302 833 2331 fuit

136 2341 319 2377 addictum,
344 2348 402 2373 aut
428 2343 534 2373 simile
553 2342 642 2381 quid.
666 2353 742 2374 nam
770 2343 833 2374 hoc

133 2384 232 2414 verbo
251 2385 284 2414 in
307 2384 368 2415 hac
384 2395 417 2415 re
439 2385 489 2414 uti
508 2385 591 2415 solet
607 2385 732 2416 Cicero.
777 2386 832 2416 In-

133 2424 185 2456 fra
198 2436 226 2456 c.
245 2430 275 2461 7.
291 2426 320 2456 ei
341 2427 506 2458 venditam
523 2428 602 2458 dicit
627 2428 725 2458 fuisse
739 2437 832 2458 sena-

135 2469 192 2497 tus
205 2469 436 2499 auctoritatem
453 2470 512 2500 ἃς.

176 2512 217 2542 25
230 2520 295 2541 non
313 2511 507 2551 Caesoninus]
525 2511 730 2551 Intelligitur
743 2512 829 2543 Piso.

134 2549 191 2582 alii
211 2552 377 2584 Coesonius.
392 2564 421 2583 v.
436 2553 528 2585 Clav.
665 2580 670 2593 2

178 2594 220 2625 26
248 2596 331 2634 loges
362 2595 544 2634 incendere]
581 2595 601 2625 i.
629 2595 830 2627 tabularium

136 2643 195 2676 per
208 2637 297 2668 Sext.
314 2637 478 2680 Clodium.
495 2636 576 2668 Coei.
592 2648 620 2668 c.
635 2640 686 2668 32.

179 2679 219 2711 27
233 2688 286 2709 vos·
300 2679 486 2720 adjuvistis]
514 2679 588 2710 Hoc
599 2680 732 2710 verbum
748 2679 829 2710 mihi

137 2724 323 2759 suspectum
337 2726 399 2759 est,
415 2723 489 2762 quia
510 2731 577 2751 non
600 2723 678 2751 satis
700 2731 760 2762 par
781 2726 831 2751 est

136 2761 354 2800 superioribus
368 2774 378 2794 ι
402 2773 462 2794 nec
478 2764 652 2804 respondet
664 2764 762 2794 verbo
779 2764 831 2793 in-

137 2802 247 2833 ter-ire.
290 2804 409 2842 Debet,
424 2807 512 2836 utin
535 2806 650 2836 ceteris
675 2805 830 2836 membris

135 2844 271 2877 verbum
284 2855 365 2887 esse,
379 2847 466 2888 quod
485 2847 587 2885 diat,
603 2847 762 2879 Consules
783 2847 830 2878 fe-

877 2390 1007 2421 natum,
1018 2386 1083 2416 sive
1093 2385 1134 2416 ad
1142 2390 1333 2425 utrumque:
1352 2387 1373 2417 i.
1383 2387 1472 2418 salva
1482 2388 1571 2418 curia

874 2428 1027 2467 salvoque
1043 2433 1172 2465 senatu,
1189 2437 1221 2458 se
1238 2427 1364 2459 nullam
1382 2429 1491 2460 sedem
1513 2429 1570 2460 ha-

874 2470 1013 2501 bitur-os.

914 2515 955 2546 29
979 2513 1111 2543 libertas
1136 2511 1250 2552 insita]
1276 2513 1373 2549 Cara,
1397 2516 1437 2542 ut
1462 2512 1569 2544 solent

871 2564 922 2591 ea,
938 2564 1011 2593 quae
1026 2555 1126 2584 insita
1140 2559 1229 2584 sunt.
1272 2554 1325 2584 Sic
1339 2555 1378 2584 de
1393 2555 1486 2584 offic.
1503 2555 1568 2592 111,

872 2599 926 2626 32.
943 2602 979 2626 ut
994 2598 1129 2626 insitum
1144 2597 1301 2626 militibus
1318 2601 1396 2626 esset
1417 2598 1544 2627 vincere
1559 2611 1566 2627 :

873 2637 955 2668 nihil
985 2640 1088 2678 magis
1114 2642 1320 2680 appeterent,
1343 2647 1441 2677 quam
1466 2640 1569 2670 victo-

874 2690 969 2711 riam.

915 2725 956 2752 30
984 2722 1084 2752 emori
1106 2721 1461 2762 potius—praestaret]
1494 2721 1568 2753 Hoc

870 2773 985 2794 verum
1008 2773 1075 2794 esse
1099 2773 1166 2794 non
1181 2763 1287 2793 credo.
1333 2763 1569 2795 Hotomannus

871 2805 1030 2845 intelligit
1043 2810 1169 2845 optaret
1185 2809 1243 2835 aut
1253 2810 1464 2845 proeoptaret.
1506 2806 1569 2841 Sed

872 2847 921 2878 ita
927 2851 1103 2888 proeetaret
1118 2856 1185 2878 non
1198 2846 1330 2880 dicitur.

781 2895 910 2931 4114
