1785 3185
291 124 392 160 1400
876 122 1128 162 ORATIO

289 232 401 275 atur,
423 237 566 276 naveS,
591 229 756 277 nautas,
780 227 1020 283 pecuniam,
1054 235 1208 278 cetera,
1241 243 1336 284 quae
1359 228 1399 261 ⁶⁴
1412 229 1463 271 ad
1495 230 1536 272 id
1560 230 1716 274 bellum

289 282 521 336 gerendum
537 283 793 337 pertineant,
809 293 856 325 ut
878 285 1113 340 imperandi
1137 287 1177 326 in
1203 285 1339 341 Syria,
1353 285 1470 337 Asia,
1493 287 1715 345 Bithynia,

289 337 537 393 Ponto‚jus
571 349 911 396 potestatemque
940 343 1119 383 habeat:
1155 351 1298 397 utque,
1320 358 1634 400 quamcumque
1670 347 1713 388 in

285 394 552 451 provinciam
574 396 666 452 ejus
690 397 784 438 belli
809 398 981 453 gerendi
1004 413 1129 439 causa
1149 400 1381 450 advenerit,
1397 401 1454 441 ibi
1475 402 1613 456 majus
1632 403 1712 444 im-

286 452 451 508 perium
477 452 529 494 C.
553 452 705 504 Cassii,
736 455 1015 509 proconsulis,
1039 455 1106 505 sit,
1127 469 1253 509 quam
1287 456 1380 511 ejus
1405 458 1498 508 erit,
1521 459 1591 513 qui
1615 473 1706 502 eam

286 509 553 564 provinciam
578 520 666 550 tum
700 511 928 560 obtinebit,
961 525 1058 552 cum
1093 511 1145 552 C.
1170 511 1357 564 Cassius,
1393 514 1634 568 proconsul,
1669 516 1710 556 in

220 577 272 614 31
287 578 380 606 eam
403 567 666 622 provinciam
692 568 876 608 venerit:
913 567 1076 623 Regem
1103 567 1355 610 Deiotarum
1384 578 1561 624 patrem,
1583 583 1625 613 et
1648 587 1712 614 re-

285 636 385 678 gem
412 623 662 664 Deiotarum
691 623 839 673 filium,
863 624 911 673 si,
934 635 979 664 ut
1003 624 1145 665 multis
1178 625 1295 666 bellis
1319 640 1610 681 saepenumero
1631 630 1711 670 im-

284 680 450 735 perium
475 680 620 735 populi
645 679 829 720 Romani
847 681 1055 735 juverint,
1079 682 1179 722 item
1216 682 1266 723 C.
1298 682 1493 724 Cassium
1529 699 1710 740 procon-

285 735 417 777 sulem
441 737 577 792 copiis
611 737 710 788 suis,
732 737 971 792 opibusque
997 737 1225 791 juvissent,
1266 739 1428 780 senatui
1465 741 1708 797 populoque

287 791 487 834 Romano'
522 803 690 849 gratum
727 807 817 834 esse
846 793 1057 836 facturos:
1106 796 1293 851 itemque
1326 796 1360 836 si
1400 798 1529 838 ceteri
1572 813 1708 853 reges,

285 850 527 900 tetrarchae,
545 850 823 905 dynastaeque
846 850 1059 902 fecissent,
1084 863 1274 893 senatum
1301 852 1589 908 populumque
1618 856 1705 895 Ro-

241 910 274 942 b·
288 920 458 947 manum
481 921 627 947 eorum
649 907 780 948 officii
805 922 886 948 non
912 908 1202 950 immemorem
1227 909 1414 950 futurum
1435 926 1443 950 :
1480 913 1625 966 utique
1656 912 1707 954 C.

288 962 442 1014 Pansa,
476 963 529 1003 A.
561 963 744 1014 Hirtius,
775 965 982 1014 consules,
1014 965 1118 1006 alter
1151 968 1346 1017 ambove,
1378 968 1416 996 65
1431 966 1463 1007 si
1495 968 1554 1007 eis
1591 969 1707 1016 vide,-

284 1020 414 1070 bitur,
438 1020 655 1076 republica
675 1031 933 1077 recuperata,
947 1022 999 1062 de
1022 1023 1252 1078 provinciis
1270 1023 1577 1075 consularibus,
1599 1040 1707 1081 prae-

284 1077 419 1128 toriis,
437 1077 488 1117 ad
512 1077 625 1118 hunc
645 1078 834 1119 ordinem
861 1081 997 1134 primo
1012 1094 1182 1135 quoque
1206 1090 1395 1135 tempore
1415 1080 1614 1123 referant.
1639 1083 1703 1123 in-

205 1137 270 1184 13
286 1143 398 1174 terea
428 1135 660 1190 provinciae
692 1136 745 1176 ab
779 1135 844 1186 iis,
877 1151 901 1176 a
934 1136 1089 1191 quibus
1123 1138 1387 1188 obtinentur,
1415 1138 1704 1190 obtineantur,

220 1209 270 1245 32
284 1191 423 1246 quoad
457 1191 612 1246 cuique
640 1207 692 1232 ex
728 1193 1095 1233 senatusconsulto
1121 1208 1361 1235 successum
1390 1193 1457 1234 sit.
1519 1194 1619 1236 Hoc
1641 1211 1705 1236 se-

281 1250 604 1289 natusconsulto
632 1249 849 1290 ardentem
882 1250 1220 1301 inflammabitis,
1252 1260 1295 1292 et
1326 1261 1533 1292 armatum
1568 1267 1704 1294 arma-

281 1305 383 1346 bitis
408 1304 619 1346 Cassium.
638 1306 768 1347 6611ec
798 1307 909 1347 enim
942 1307 1131 1348 animum
1162 1308 1253 1362 ejus
1288 1308 1464 1363 potestis
1491 1308 1702 1364 ignorare,

277 1376 358 1403 nec
381 1362 541 1418 copias,
564 1363 730 1404 animus
763 1363 794 1404 is
817 1372 895 1415 est,
917 1365 1092 1418 6Tquem
1115 1365 1293 1406 videtis:
1327 1365 1480 1420 copiae,
1502 1380 1606 1420 quas
1630 1381 1704 1407 au-

275 1418 414 1470 distis,
449 1419 570 1460 sortis
597 1428 640 1459 et
672 1421 906 1461 constantis
937 1421 1031 1472 viri,
1060 1421 1148 1476 qui,
1184 1437 1234 1463 ne
1273 1421 1370 1462 vivo
1392 1421 1563 1476 quidem
1599 1421 1702 1464 Tre-

276 1476 423 1527 bonio,
450 1476 683 1518 Dolabellae
708 1477 976 1518 latrocinium
1003 1478 1043 1518 in
1075 1478 1241 1533 Syriam
1278 1488 1497 1533 penetrare
1520 1479 1701 1521 sivisset.

273 1532 482 1584 Allienus,
505 1533 723 1575 familiaris
745 1545 787 1575 et
809 1535 1068 1575 necessarius
1090 1550 1223 1586 meus,
1241 1544 1339 1591 post
1358 1536 1578 1576 interitum
1597 1536 1701 1578 Tre-

275 1590 394 1631 bonii
418 1591 456 1621 68
472 1591 703 1646 profectus,
725 1606 777 1631 ne
795 1592 879 1632 dici
902 1591 1071 1646 quidem
1098 1607 1140 1632 se
1159 1592 1346 1647 legatum
1372 1591 1604 1633 Dolabellae
1626 1608 1700 1634 vo-

275 1646 349 1688 let.
410 1646 487 1688 Est
508 1649 548 1682 69
563 1649 620 1694 Q.
642 1648 806 1690 Caecilii
832 1648 967 1700 Bassi,
991 1649 1143 1704 privati
1167 1649 1276 1689 illius
1305 1649 1493 1704 quidem,
1517 1650 1589 1690 sed
1612 1649 1699 1691 for-

211 1723 262 1758 33
278 1704 330 1745 tis
351 1713 395 1746 et
417 1704 608 1761 praeelari
632 1705 726 1756 viri,
758 1707 956 1746 robustus
989 1716 1031 1746 et
1055 1706 1190 1747 vietor
1210 1706 1439 1747 exercitus.
1500 1705 1695 1748 Deiotari

275 1762 401 1817 regis,
423 1771 466 1802 et
485 1763 614 1818 patris
636 1771 679 1803 et
702 1761 791 1813 filii,
814 1771 857 1803 et
879 1777 1058 1819 magnus
1092 1773 1134 1804 et
1157 1772 1302 1804 nostro
1324 1777 1442 1803 more
1464 1762 1696 1805 instructus

271 1819 514 1861 exercitus:
559 1833 724 1860 summa
761 1819 801 1859 in
842 1819 930 1860 filio
969 1834 1079 1876 spes,
1114 1834 1279 1860 summa
1319 1819 1479 1875 ingenii
1518 1820 1697 1873 indoles,

271 1890 522 1932 summaque
550 1876 696 1917 virtus.
750 1876 867 1922 Quid
901 1877 953 1918 de
993 1889 1110 1932 patre
1147 1877 1315 1917 dicam?
1357 1877 1480 1931 cujus
1514 1877 1691 1918 benivo-

268 1932 400 1974 lentia
423 1935 463 1974 in
488 1933 692 1989 populum
720 1932 962 1974 Romanum
998 1944 1062 1974 est
1094 1933 1226 1989 ipsius
1250 1933 1423 1988 {equalis
1446 1934 1589 1976 aetati:
1621 1935 1693 1990 qui

268 2004 356 2031 non
380 1991 515 2032 solum
539 1991 678 2031 socius
702 1990 1004 2046 imperatorum
1029 2001 1268 2032 nostrorum
1290 1990 1372 2030 fuit
1394 1990 1434 2031 in
1460 1990 1594 2042 bellis,
1625 2006 1696 2032 ve-

269 2061 364 2088 rum
385 2047 515 2088 etiam
537 2048 624 2089 dux
648 2048 864 2103 copiarum
891 2062 1074 2089 suarum.
1136 2048 1247 2094 Quae
1279 2047 1332 2087 de
1355 2047 1427 2088 illo
1450 2047 1540 2088 viro
1564 2047 1693 2099 Sulla,

269 2119 366 2159 quae
402 2103 601 2153 Murena,
631 2119 727 2159 quae
759 2105 975 2155 Servilius,
998 2120 1094 2160 quae
1132 2104 1347 2154 Lucullus,
1379 2119 1507 2160 quam
1530 2114 1691 2156 ornate,

270 2176 397 2216 quam
422 2161 671 2211 honorifice,
698 2177 824 2216 quam
858 2162 1043 2217 graviter
1065 2176 1178 2216 saepe
1201 2162 1242 2201 in
1266 2170 1411 2201 senatu
1435 2162 1693 2216 praedieave-

206 2237 258 2271 34
272 2221 396 2260 runt?
428 2219 544 2265 Quid
565 2219 617 2260 de
640 2218 721 2260 Cn.
746 2218 955 2275 Pompeio
977 2219 1151 2274 loquar?
1183 2218 1255 2273 qui
1279 2232 1408 2258 unum
1436 2218 1689 2259 Deiotarum

270 2275 311 2316 in
338 2284 429 2316 toto
450 2277 553 2316 orbe
576 2286 779 2317 terrarum
810 2291 863 2317 ex
898 2276 1041 2318 animo
1073 2276 1274 2325 amicum,
1306 2289 1485 2329 vereque
1515 2276 1691 2316 benivo-

264 2332 368 2385 lum,
388 2347 519 2374 unum
542 2333 708 2374 fidelem
733 2333 893 2389 populo
917 2332 1114 2374 Romano
1130 2332 1360 2388 judicavit.
1414 2330 1588 2373 Fuimus
1608 2332 1687 2373 im-

306 2474 348 2504 64
370 2474 416 2503 acl
428 2474 463 2503 id
475 2473 607 2513 bellum]
633 2474 670 2503 id
682 2473 772 2504 addit
786 2478 820 2503 et
834 2474 896 2504 Gu.
913 2478 951 2504 ut
994 2482 1102 2509 sensu,
1119 2472 1186 2509 sed,
1201 2477 1239 2503 ut
1258 2472 1386 2512 opinor,
1403 2479 1469 2500 non
1491 2472 1682 2503 necessario.

264 2515 331 2546 =alii.
994 2524 1069 2545 nam
1096 2515 1209 2544 videtis
1225 2514 1334 2544 referri
1351 2513 1391 2544 ad
1417 2522 1465 2543 res
1492 2518 1682 2554 praesentes,

308 2558 348 2587 65
370 2557 397 2587 si
417 2559 461 2588 eis
481 2557 660 2596 rideretur]
686 2557 890 2588 Correximns
904 2557 951 2586 vi-
993 2566 1070 2595 qnas
1086 2557 1230 2595 gerebat,
1246 2559 1367 2596 potest.
1412 2555 1474 2584 Sed
1488 2556 1613 2585 vidistis·
1634 2560 1685 2587 ta-

265 2600 394 2630 debitur
415 2610 432 2629 e
454 2600 517 2630 Ms.
535 2599 641 2640 Huyd.
659 2609 733 2629 nam
758 2600 802 2629 sie
825 2599 900 2628 alibi
918 2600 949 2629 in
994 2608 1070 2628 men
1086 2599 1213 2628 lenius:
1240 2607 1316 2627 nam
1339 2597 1379 2627 ad
1404 2596 1494 2627 illam
1521 2598 1683 2629 rationem

265 2641 315 2671 his
343 2643 505 2673 SCtorum
532 2642 679 2672 formulis
705 2647 768 2679 cst,
791 2646 828 2671 ut
853 2650 952 2680 supra
993 2640 1129 2670 debebat
1158 2647 1191 2670 ct
1219 2639 1324 2669 dicere
1355 2639 1498 2669 auditis.-
1526 2639 1587 2669 nisi
1606 2649 1682 2670 vero

260 2683 329 2723 jam
346 2689 498 2714 notatum
512 2688 573 2714 est.
993 2689 1026 2711 et
1054 2682 1114 2712 hoe
1149 2681 1368 2722 probandum:
1410 2680 1498 2719 quod
1526 2690 1593 2712 non
1621 2681 1684 2712 dis-

303 2726 344 2756 66
368 2736 424 2756 nec
445 2727 530 2755 enim
543 2725 593 2764 a.]
620 2725 738 2757 Malim
754 2725 870 2755 etenim
885 2734 944 2755 mc
987 2723 1104 2764 plicet.

259 2769 421 2798 animum.
435 2775 492 2798 aut
508 2772 580 2807 post
595 2773 655 2797 auc
668 2769 784 2807 copias.
1028 2766 1068 2796 68
1084 2765 1264 2806 prefectus]
1302 2764 1351 2795 Ex
1380 2763 1478 2796 Italia
1499 2764 1539 2796 ad
1560 2764 1685 2798 Trebo-

301 2810 341 2843 67
363 2820 458 2848 quem
485 2809 613 2848 videtis]
643 2810 820 2845 ferrarius,
849 2809 946 2838 Fai'r-
988 2808 1093 2844 nium,
1110 2814 1148 2838 ut
1163 2809 1190 2837 ei
1208 2808 1334 2845 legatus
1350 2811 1447 2837 esset.

258 2859 320 2882 nus
350 2852 516 2883 malebant
543 2852 676 2882 vidistis.
706 2852 786 2882 bene
814 2850 945 2890 quidem
1029 2850 1070 2883 69
1092 2850 1137 2891 Q.
1160 2850 1277 2881 Coecz'lii
1292 2849 1407 2889 Bassi]
1431 2859 1462 2879 v.
1480 2847 1573 2880 Clav.
