1785 3185
439 104 558 144 PRO
583 103 630 141 Τ.
656 101 852 141 ANNIO
878 101 1132 142 MILONE.
1405 105 1505 148 1187

71 206 176 258 luto,
212 205 418 264 spoliatus
455 207 565 248 illius
598 206 785 263 supremi
823 205 907 246 diei
941 204 1205 256 celebritate,
1240 220 1369 261 quam
1402 221 1506 248 con-

70 263 220 306 cedere
259 264 389 305 etiam
428 263 593 306 inimici
636 264 787 315 solent,
829 263 1124 304 ambureretur
1164 262 1375 317 abjectus.
1415 278 1504 306 non

70 320 199 361 fuisse
228 321 355 362 credo
386 320 464 372 fas,
494 321 826 362 clarissimorum
856 320 1045 359 virorum
1076 317 1234 359 formas
1267 319 1326 360 illi
1358 329 1501 362 taeter-

69 378 177 419 rimo
211 378 434 435 parricidae
459 378 620 434 aliquid
647 377 812 420 decoris
846 376 1011 428 afferre,
1042 389 1182 431 neque
1211 374 1295 416 ullo
1327 376 1369 417 in
1402 378 1499 419 loco

69 435 212 490 potius
242 445 425 477 mortem
455 436 548 491 ejus
578 435 767 487 lacerari,
790 447 920 491 quam
951 434 994 474 in
1017 448 1103 489 quo
1127 433 1216 473 vita
1237 443 1348 474 essct
1378 435 1500 476 dam-

65 501 180 533 nata.

126 548 247 590 Dura
283 549 404 600 mihi,
442 550 607 590 medius
647 549 787 599 fidius,
814 548 908 604 jam
942 546 1118 588 fortuna
1154 545 1302 603 populi
1339 546 1562 596 Roma-87

66 605 127 657 ni,
165 616 208 647 et
246 607 428 648 crudelis
464 607 702 657 videbatur,
739 621 836 661 qua:
877 614 942 646 tot
980 619 1114 645 annos
1148 603 1267 645 illum
1307 604 1349 644 in
1389 604 1501 647 hanc

66 664 376 719 rempublicam
415 664 617 705 insultare
655 667 694 695 ‘24
711 664 873 704 videret
911 671 955 702 et
990 670 1221 718 pateretur.
1284 660 1504 704 Polluerat

66 729 216 775 stupro
239 722 526 762 sanctissimas
559 720 812 776 religiones:
845 728 1016 761 senatus
1049 719 1302 776 gravissima
1332 719 1505 761 decreta

68 777 355 834 perfregerat:
389 779 572 835 pecunia
603 792 646 818 se
678 778 817 834 palam
841 776 1104 832 ajudicibus
1136 777 1397 818 redemerat:
1432 791 1503 818 ve-

68 846 194 876 xarat
216 838 256 876 in
283 836 502 877 tribunatu
522 844 739 876 senatum:
763 836 957 875 omnium
976 834 1176 875 ordinum
1194 847 1404 875 consensu
1424 849 1502 890 pro

67 891 202 933 salute
237 893 485 948 reipublfcae
525 901 647 949 gesta
679 892 934 934 resciderat:
976 906 1044 932 me
1075 891 1214 947 patria
1248 890 1502 947 expulerat:

66 948 181 990 bona
219 950 483 1005 diripuerat:
527 951 704 990 domum
746 949 1018 990 incenderat:
1054 949 1227 999 liberos,
1270 948 1505 1004 conjugem

66 1019 206 1046 meam
231 1016 481 1048 vexaverat:
516 1007 598 1048 Cn.
616 1007 826 1063 Pompeio
850 1005 1062 1047 nefarium
1084 1005 1242 1047 bellum
1263 1005 1502 1048 indixerat:

66 1064 446 1119 25magistratuu1n
471 1065 821 1121 privatorumque
846 1063 985 1106 caedes
1008 1063 1192 1105 fecerat:
1219 1062 1395 1104 domum
1417 1064 1503 1105 mei

66 1118 208 1161 fratris
241 1121 512 1163 incenderat:
546 1130 732 1163 vastarat
773 1120 1015 1163 Etruriam:
1048 1120 1205 1161 multos
1244 1120 1415 1162 sedibus
1453 1136 1503 1163 ac

65 1175 248 1219 fortunis
270 1179 469 1234 ejecerat.
509 1179 719 1231 Instabat,
742 1179 948 1234 urgebat:
981 1192 1134 1233 capere
1154 1177 1247 1234 ejus
1270 1178 1504 1219 amentiam

66 1234 234 1286 civitas,
253 1235 392 1287 Italia,
412 1237 664 1292 provinciae,
687 1251 820 1293 regna
837 1250 924 1277 non
948 1244 1160 1291 poterant.
1195 1234 1505 1277 Incidebantur

57 1290 152 1348 jam
175 1293 291 1334 domi
323 1293 453 1349 leges,
475 1295 516 1326 26
528 1308 625 1349 quae
654 1309 731 1335 nos
754 1293 911 1334 nostris
934 1293 1065 1333 servis
1087 1292 1358 1334 addicerent:
1393 1291 1503 1334 nihil

64 1358 156 1391 erat
184 1350 456 1406 cujusquam,
486 1354 524 1385 27
539 1351 654 1406 quod
683 1351 858 1407 quidem
889 1349 959 1391 ille
990 1350 1244 1400 adamasset,
1266 1349 1380 1404 quod
1412 1365 1500 1391 non

64 1405 150 1448 hoc
171 1422 284 1449 anno
307 1422 429 1450 suum
453 1407 545 1449 fore
567 1417 751 1464 putaret.
804 1407 1022 1449 Obstabat
1042 1407 1135 1461 ejus
1157 1406 1498 1463 cogitationibus
1511 1420 1561 1455 83

66 1477 209 1516 nemo,
231 1475 387 1521 praeter
418 1464 646 1506 Milonem.
679 1467 821 1522 ipsum
852 1464 986 1516 illum,
1008 1465 1081 1519 qui
1114 1473 1284 1520 poterat
1314 1465 1498 1516 obstare,

59 1534 178 1563 novo
197 1522 335 1564 reditu
358 1523 402 1564 in
423 1523 606 1579 gratiam
625 1523 746 1579 quasi
777 1522 1027 1564 devinctum
1053 1521 1366 1563 arbitrabatur:
1401 1521 1500 1563 Cae-

64 1578 167 1619 saris
190 1581 427 1634 potentiam
450 1595 568 1621 suam
596 1594 686 1620 esse
716 1580 912 1621 dicebat:
946 1580 1158 1620 bonorum
1180 1579 1346 1621 animos
1367 1579 1496 1620 etiam

63 1635 109 1676 in
144 1650 240 1677 meo
273 1651 374 1678 casu
407 1646 719 1680 contemserat:
753 1636 866 1678 Milo
900 1651 1009 1677 unus
1042 1637 1239 1692 urgebat.
1303 1635 1405 1686 Hic,
1438 1632 1581 1680 dii33

65 1692 344 1746 immortales,
376 1703 422 1735 ut
457 1709 585 1751 supra
606 1694 714 1745 dixi,
735 1703 923 1735 mentem
947 1693 1156 1735 dederunt
1178 1693 1237 1736 illi
1260 1694 1428 1749 perdito
1450 1708 1500 1735 ac
1513 1711 1543 1740 p.
1563 1704 1628 1736 119.

62 1749 242 1803 furioso,
263 1760 312 1792 ut
342 1751 443 1793 huic
465 1752 626 1793 faceret
649 1752 841 1793 insidias.
863 1751 985 1792 aliter
1006 1752 1145 1808 perire
1166 1751 1297 1806 pestis
1321 1750 1392 1791 illa
1411 1765 1499 1793 non

62 1808 230 1863 potuit:
262 1823 497 1864 numquam
521 1809 639 1850 illum
660 1808 901 1866 respublica
922 1823 999 1849 suo
1015 1808 1114 1864 jure
1135 1818 1246 1849 esset
1271 1807 1370 1849 ulta.
1424 1808 1501 1849 Se-

61 1874 203 1916 natuS,
224 1866 367 1917 credo,
390 1876 618 1922 praetorem
640 1881 738 1908 eum
768 1865 1189 1922 circumscripsisset.
1219 1879 1273 1906 ne
1302 1880 1401 1906 cum
1432 1880 1500 1905 so·-

62 1920 179 1963 lebat
200 1923 373 1978 quidem
406 1924 449 1965 id
476 1924 616 1965 facere
645 1925 688 1964 in
719 1924 887 1979 privato
916 1923 1066 1964 eodem
1096 1922 1196 1973 hoc,
1218 1921 1376 1977 aliquid
1401 1937 1500 1978 pro-

63 1977 239 2020 fecerat.
300 1979 420 2021 28An
450 1980 645 2022 consules
677 1982 719 2022 in
751 1991 936 2037 praetore
960 1980 1201 2021 coercendo
1231 1978 1364 2020 fortes
1394 1980 1560 2025 fuis-89

64 2039 182 2079 sent?
207 2036 402 2079 Primum
424 2037 593 2079 Milone
614 2039 773 2088 occiso,
792 2037 1013 2078 habuisset
1033 2051 1130 2077 suos
1149 2036 1361 2078 consules.
1379 2037 1500 2078 dein-

62 2093 116 2134 de
139 2094 234 2149 quis
270 2095 314 2135 in
338 2109 389 2135 eo
415 2105 599 2151 praetore
628 2094 779 2136 consul
805 2094 930 2135 fortis
960 2103 1085 2145 esset,
1109 2108 1183 2150 per
1204 2108 1333 2148 quem
1364 2094 1499 2136 tribu-

61 2164 181 2203 num,
211 2152 404 2193 29virum
434 2152 702 2194 consularem
725 2151 1016 2194 crudelissime
1047 2161 1252 2192 vexatum
1283 2165 1374 2193 esse
1410 2166 1501 2193 me-

105 2276 146 2306 24
166 2275 290 2306 videret
310 2280 341 2307 et
356 2264 546 2316 priter-elur]
574 2275 706 2307 Videret
729 2281 759 2307 et

63 2317 197 2348 sustulit
219 2317 336 2349 Lamb.
356 2328 424 2349 non
447 2324 613 2359 repertum
636 2320 671 2349 iu
694 2318 757 2350 Ms.

64 2367 124 2389 nee
139 2365 187 2390 est
201 2360 235 2390 in
251 2360 322 2390 Erf.

105 2403 146 2432 25
168 2412 259 2441 mag.
269 2404 358 2442 priv.
373 2403 471 2433 credes
489 2400 657 2443 effecerat]
675 2403 760 2433 Scri-

61 2441 204 2474 bendum
226 2449 276 2475 est
288 2446 431 2486 sec-erat.
477 2444 609 2485 Syllaba
631 2445 688 2475 illa
713 2445 761 2475 fa·

63 2488 119 2516 cta
138 2490 189 2516 est
209 2496 227 2516 e
249 2487 342 2518 finali
359 2487 447 2518 verbi
469 2488 578 2517 caedes.
601 2497 679 2518 nam
702 2496 760 2517 ece-

65 2526 120 2557 des
134 2527 260 2568 efficere
281 2538 349 2559 non
371 2529 503 2560 dicitur.
551 2530 659 2560 Etiam
683 2529 761 2560 alibi

65 2567 162 2609 hujus
204 2571 401 2612 corruptelae
442 2571 593 2612 exempla
635 2573 763 2602 notavi-

68 2618 153 2642 mus.

109 2653 151 2683 26
185 2663 254 2694 quoe
286 2655 607 2695 nos-addicerent]
648 2655 762 2686 Intell.

66 2693 106 2724 de
125 2693 210 2735 lege,
235 2706 298 2735 qua
323 2697 486 2727 libertinis
507 2698 699 2737 suffragium
729 2699 765 2727 in

64 2735 215 2768 tribubus
229 2739 401 2770 rusticanis
415 2738 560 2778 dederat,
576 2740 614 2770 de
630 2750 694 2779 qua
706 2749 760 2770 su-

64 2787 137 2818 pra.

107 2821 147 2854 27
161 2820 245 2860 quod
254 2822 382 2861 quidem
393 2823 450 2852 ille
460 2822 662 2863 adamasset]
681 2823 761 2854 Cor-

66 2861 238 2902 rigentium
253 2864 339 2906 ipse.-
354 2873 433 2897 nam
446 2865 588 2897 refertur
600 2865 641 2898 ad
652 2863 763 2906 cujus-

823 2285 914 2306 uam.

803 2287 820 2317 q
844 2321 884 2349 28
907 2318 961 2348 An
989 2317 1314 2359 consules—fuissent
1326 2318 1358 2358 .']
1390 2318 1501 2359 Suspi-

803 2366 895 2390 catus
916 2369 987 2390 sum
1012 2360 1187 2400 aliquando
1201 2360 1260 2397 At,
1280 2365 1320 2391 ut
1342 2361 1386 2391 sit
1408 2361 1501 2392 velut

803 2402 999 2442 objicientis,

845 2446 886 2479 2¹9
916 2445 1023 2474 virum
1059 2446 1263 2475 consularem
1275 2444 1497 2484 -vesaeunq

802 2487 913 2517 virum
936 2488 1140 2517 consularem
1163 2486 1246 2517 Mss.
1269 2493 1303 2517 et
1325 2487 1398 2517 edd.
1417 2494 1498 2516 vett.

805 2529 966 2559 Gruterus
981 2539 998 2559 e
1014 2528 1115 2560 Codd.
1133 2528 1260 2568 aliquot
1282 2529 1412 2560 induxit
1433 2530 1501 2558 vir-

805 2576 910 2602 tutem
933 2572 1135 2601 consularem
1158 2576 1192 2601 et
1213 2576 1391 2601 vexatam:
1415 2570 1501 2609 quod

805 2613 844 2644 de
880 2613 1014 2643 consule
1051 2612 1302 2653 intelligendum
1338 2618 1434 2643 esset.
1466 2617 1502 2642 at

806 2665 913 2686 sermo
935 2660 985 2685 est
1006 2654 1045 2685 de
1069 2656 1239 2692 Cicerone,
1255 2655 1310 2693 qui
1334 2659 1406 2685 tum
1429 2659 1501 2685 erat

808 2697 1010 2734 Consulatu,
1035 2707 1112 2728 cum
1134 2697 1206 2736 lege
1234 2696 1349 2728 Clodia
1372 2706 1503 2727 vexare-

801 2743 871 2771 tur.
916 2739 1026 2770 Etiam
1054 2739 1202 2769 Graevius
1230 2738 1364 2769 Gruteri
1388 2739 1503 2769 lectio-

804 2791 880 2812 nem
911 2782 1110 2822 repudiavit.
1154 2781 1218 2814 Pro
1245 2784 1402 2813 vexatum
1428 2780 1499 2813 edd.

805 2833 854 2864 pr.
870 2828 1034 2857 necatum.

705 2912 838 2952 4114
