1812 3147
430 117 537 157 PRO
563 117 721 155 DOMO
748 117 848 156 SUA
874 117 947 154 AD
973 117 1176 156 PONTIF.
1439 121 1515 157 849

83 220 374 264 multitudinis
396 221 561 263 animos
594 221 805 271 incitaret,
828 229 870 261 et
900 221 1036 277 parati
1069 230 1198 276 atque
1228 220 1377 261 armati
1403 221 1512 262 sedi-

83 278 214 320 tionis
244 279 400 330 duces;
438 279 712 320 24videturne
749 278 840 334 ipsa
872 277 1114 334 respublica
1143 287 1184 319 et
1221 277 1406 318 consulis
1437 293 1511 318 au-

83 335 238 378 xilium
259 335 521 392 implorasse,
539 345 577 376 ct
601 345 770 376 senatus
793 335 948 377 fidem?
979 334 1114 390 Atqui
1135 344 1361 389 utrumque
1381 333 1510 376 fuisse

84 393 357 449 perspicuum
373 403 450 444 est,
468 393 765 434 difficultatem
783 407 980 443 annonae,
1002 405 1296 446 summamque
1320 390 1509 446 inopiam

84 450 145 490 rei
167 449 473 501 frumentariae,
496 460 543 491 ut
561 450 755 491 homines
778 464 862 490 non
880 449 973 505 jam
1004 450 1249 490 diuturnam
1273 448 1509 499 caritatem,

38 519 48 530 “
82 506 156 548 sed
179 517 227 548 ut
248 507 405 548 famem
429 507 551 563 plane
572 507 794 548 timerent:
828 521 953 547 nenio
976 516 1120 563 negat.
1146 507 1255 546 hanc
1284 506 1412 545 istum
1431 507 1509 546 otii

82 572 127 603 et
147 564 264 619 pacis
286 564 453 605 hostem
477 579 646 606 causam
672 573 938 620 arrepturum
971 564 1100 604 fuisse
1120 563 1172 604 ad
1193 562 1403 612 incendia,
1426 577 1510 603 cae-

79 619 192 672 dem,
223 622 406 678 rapinaS,
438 621 552 672 nolo,
584 621 824 677 pontificeS,
858 621 1148 677 suspicemini,
1181 620 1261 660 nisi
1304 619 1507 660 videritis.

84 677 173 724 Qui
196 688 296 719 sunt
318 678 511 720 homines
531 694 555 718 a
587 679 644 725 Q.
668 677 864 729 Metello,
885 677 1013 718 fratrc
1049 691 1136 728 tuo,
1158 676 1346 727 consule,
1371 677 1410 716 in
1444 691 1506 718 se·
1523 683 1567 715 13

80 743 185 775 natu
210 735 347 791 palam
370 736 596 787 nominati,
618 751 643 776 a
675 736 830 790 quibus
862 735 929 776 ille
952 750 995 776 se
1017 735 1229 791 lapidibus
1252 734 1507 789 appetitum,

77 792 207 832 etiam
227 807 474 849 percussum
495 807 585 834 esse
607 792 746 834 dixit?
780 792 827 832 L.
850 792 1045 848 Sergium
1070 802 1112 833 et
1135 791 1201 832 M.
1226 791 1408 832 Lollium
1433 805 1509 831 no-

83 849 280 890 minavit.
325 850 435 897 Quis
456 860 520 891 est
542 850 621 890 iste
647 850 833 891 Lollius?
864 850 935 904 qui
961 850 1050 890 sine
1073 849 1183 890 ferro
1206 863 1259 889 ne
1282 863 1394 889 nunc
1415 850 1509 903 qui-

67 905 180 957 ¹dem
205 916 346 948 tecum
379 917 468 948 est:
500 908 589 962 qui,
614 917 654 948 te
681 908 853 948 tribuno
879 906 1026 962 plebis,
1051 905 1158 947 nihil
1188 906 1239 947 de
1264 919 1329 945 me
1351 905 1508 956 (licam,

83 963 157 1004 sed
190 964 263 1019 qui
299 964 381 1006 Cn.
407 964 659 1020 Pompeium
697 964 1037 1005 interficiendum
1069 962 1336 1020 depoposcit.
1397 963 1507 1008 Quis

66 1028 146 1071 ,est
159 1020 360 1077 Sergius?
384 1022 568 1077 armiger
583 1021 798 1071 Catilinae,
819 1022 999 1077 stipator
1023 1021 1083 1062 tui
1105 1021 1313 1077 corporis,
1329 1019 1508 1076 signifer

63 1077 315 1130 seditionis,
339 1080 580 1120 concitator
612 1079 964 1130 tabernariorum,
986 1079 1210 1119 damnatus
1240 1077 1506 1132 injuriarum,

77 1148 316 1191 percussor,
339 1136 564 1192 lapidator,
584 1135 665 1177 fori
690 1135 985 1192 depopulator,
1008 1136 1204 1176 obsessor
1227 1134 1373 1175 curiae.
1423 1133 1507 1175 His

78 1201 207 1248 atque
225 1193 469 1249 hujusmodi
486 1193 791 1244 ducibus,cum
815 1203 859 1234 tu
883 1193 924 1233 in
940 1208 1122 1234 annonae
1145 1192 1322 1233 caritate
1337 1191 1380 1232 in
1404 1206 1507 1232 con-

78 1249 202 1301 sules,
225 1250 268 1291 in
291 1260 500 1301 senatum,
516 1251 558 1292 in
581 1252 692 1292 'nona
713 1250 989 1306 fortunasque
1004 1249 1386 1305 locupletium,per
1407 1263 1507 1289 cau-

79 1320 170 1348 sam
201 1307 377 1364 inopum
412 1317 540 1362 atque
571 1308 881 1364 imperitorum,
915 1307 1158 1363 repentinos
1184 1307 1368 1362 impetus
1389 1321 1507 1347 com-

79 1377 272 1420 parares:
295 1380 391 1407 cum
413 1366 491 1406 tibi
517 1365 626 1406 salus
640 1380 730 1406 esse
747 1366 788 1405 in
808 1365 898 1406 otio
915 1364 1028 1405 nulla
1042 1374 1208 1420 posset:
1231 1363 1507 1419 cum,despe-

76 1422 179 1462 ratis
193 1422 389 1473 ducibus,
403 1422 642 1464 decuriatos
657 1437 705 1463 ac
720 1422 955 1478 descriptos
978 1422 1153 1462 haberes
1178 1422 1391 1462 exercitus
1413 1434 1506 1476 per-

76 1478 286 1522 ditorum:
311 1494 453 1521 nonne
472 1479 782 1536 providendum
804 1479 969 1521 senatui
983 1478 1080 1530 fuit,
1095 1494 1147 1519 ne
1162 1478 1201 1518 in
1218 1478 1328 1519 hanc
1344 1488 1507 1519 tantam

75 1536 295 1578 materiem
320 1537 540 1578 seditionis
562 1537 644 1577 ista
666 1535 834 1577 funesta
854 1539 894 1567 25
906 1537 979 1577 fax
997 1536 1334 1577 adhaeresceret?

134 1592 235 1634 Fuit
264 1594 397 1650 igitur
429 1609 558 1635 causa
585 1594 782 1650 capiendi
812 1594 913 1634 novi
942 1594 1124 1635 consilii.
1188 1593 1342 1635 Videte
1370 1607 1498 1642 nunc,
1517 1602 1562 1636 14

55 1645 292 1692 ‚fuerintne
325 1659 464 1707 partes
495 1666 601 1692 meae
637 1666 761 1702 paene
793 1651 1041 1707 praecipuae.
1102 1651 1243 1697 Quem
1278 1661 1369 1691 tum
1404 1650 1547 1705 Ser-6

70 1707 166 1763 gius
190 1707 258 1749 ille
288 1718 400 1759 tuus,
422 1723 549 1764 quem
574 1706 749 1756 Lollius,
767 1722 895 1764 quem
916 1718 1070 1750 ceterae
1092 1718 1232 1765 pestes
1265 1708 1307 1748 in
1338 1707 1545 1765 lapida-p,
1561 1724 1632 1756 216.

74 1765 191 1812 tione
214 1765 284 1806 illa
316 1766 623 1810 nominabant?
655 1780 784 1821 quem
813 1780 1028 1807 annonam
1064 1775 1269 1822 praestare
1302 1774 1541 1820 oporteren-

76 1821 299 1865 dicebant?
331 1838 473 1864 nonne
511 1826 605 1865 me?
637 1823 769 1878 quid?
800 1837 1029 1879 puerorum
1068 1823 1139 1864 illa
1176 1823 1216 1852 26
1229 1821 1500 1864 concursatio

74 1889 286 1920 nocturna
318 1890 409 1921 tum
433 1896 457 1922 a
489 1889 530 1921 te
552 1881 646 1936 ipso
670 1880 892 1923 instituta?
937 1879 1014 1921 Me
1037 1880 1299 1921 frumentum
1331 1879 1502 1935 flagita-

74 1935 194 1977 bant.
254 1937 388 1986 Quasi
416 1951 516 1979 vero
537 1952 619 1993 ego
642 1946 717 1979 aut
738 1937 797 1978 rei
820 1936 1111 1979 frumentariae
1130 1936 1411 1993 praefuissem,
1430 1944 1504 1976 aut

72 2007 363 2049 compressum
387 1995 558 2050 aliquod
581 1995 843 2036 frumentum
867 2005 1070 2045 tenerem,
1087 2005 1160 2035 aut
1180 1995 1221 2035 in
1246 1995 1329 2035 isto
1348 2007 1503 2050 genere

71 2052 249 2092 omnino
271 2052 519 2107 quidquam,
549 2061 623 2092 aut
645 2052 881 2103 curatione,
903 2062 978 2093 aut
1011 2062 1224 2108 potestate
1264 2051 1502 2092 valuissem.

73 2106 158 2150 Sed
175 2108 309 2162 >homo
343 2110 395 2150 ad
429 2109 591 2151 casdem
621 2109 865 2161 imminens,
887 2124 1032 2151 meum
1054 2124 1210 2149 nomen
1243 2109 1382 2165 operis
1414 2108 1504 2148 edi-

71 2163 202 2216 derat,
220 2169 259 2200 27
274 2166 484 2222 imperitis
507 2166 725 2221 injecerat.
787 2166 899 2208 Cum
915 2167 966 2207 de
985 2181 1079 2207 mea
1097 2167 1310 2222 dignitate
1334 2167 1374 2206 in
1399 2175 1505 2205 tem-

70 2221 140 2276 plo
159 2222 283 2265 Jovis
307 2223 474 2279 Optimi
502 2223 689 2264 Maximi
714 2234 885 2265 senatus
909 2224 1296 2279 frequentissimus,
1313 2237 1397 2263 uno
1423 2222 1506 2263 isto

55 2278 356 2336 dissentiente,
378 2281 655 2323 decrevisset:
690 2281 849 2333 subito,
885 2281 957 2322 illo
992 2285 1086 2337 ipso
1120 2281 1203 2333 die,
1243 2279 1507 2322 carissimam

114 2448 155 2477 24
175 2447 345 2477 videturne
359 2448 429 2488 ipsa
439 2448 484 2488 r.]
503 2448 580 2484 Pro,
595 2457 705 2478 nonne
719 2448 767 2478 vi-

70 2486 186 2518 detur?
212 2490 305 2528 cujus
329 2491 456 2530 generis
474 2497 508 2521 et
531 2490 597 2520 alia
617 2491 768 2530 exempla

71 2529 156 2570 apud
177 2530 366 2562 Ciceronem
394 2537 484 2569 sunt,
513 2537 552 2562 ut
575 2542 674 2572 supra
693 2534 767 2572 jam

71 2576 223 2602 notatum
237 2579 298 2604 est.
343 2574 501 2605 Similiter
515 2585 543 2605 c.
559 2575 590 2605 6.
604 2575 680 2605 init.
683 2574 766 2615 fite-

71 2614 179 2644 rintne
191 2624 266 2644 meoe
275 2620 390 2656 partes
402 2618 574 2656 proecz'puoe
585 2617 602 2646 ,7

113 2659 152 2687 25
162 2656 234 2696 sax
248 2659 490 2698 adltoeresceret]
515 2659 659 2689 venuste
682 2658 767 2689 faces

72 2696 225 2728 dicuntur
238 2701 465 2736 adhaerescere,
480 2711 525 2731 sc.
534 2702 635 2740 jactae
649 2701 689 2731 ab
704 2700 763 2731 ho-

72 2739 187 2776 stibus,
201 2741 392 2771 incendendi
405 2752 528 2772 caussa.
572 2743 624 2772 Sic
639 2743 716 2773 infr.
732 2753 763 2772 c.

31 2798 52 2814 f,
73 2783 125 2810 24.
146 2783 212 2811 tela
233 2782 388 2813 dicuntur
409 2784 633 2814 adhoerescere.
679 2785 764 2815 item

72 2821 146 2852 inde
172 2824 297 2864 tropice
312 2830 512 2864 argumenta
532 2826 686 2856 dicuntur
707 2827 764 2856 ad-

73 2865 255 2898 haerescere.
290 2867 423 2898 Frustra
431 2877 508 2908 ergo
523 2868 650 2898 Graevio
660 2868 767 2909 placet

808 2448 1013 2484 adolesceret,
1023 2447 1109 2487 quod
1124 2447 1188 2478 Ms.
1201 2447 1252 2477 Fr.
1267 2452 1301 2477 et
1316 2447 1366 2478 ed.
1382 2448 1436 2479 W.
1451 2447 1507 2479 ha-

809 2491 874 2520 bet.
921 2492 981 2520 Ms.
998 2490 1060 2520 Gu.
1076 2490 1175 2520 habet
1192 2491 1382 2520 ardesceret.

851 2533 892 2563 <26
906 2542 992 2563 conc.
1006 2537 1166 2563 nocturna
1179 2533 1193 2561 :⁹
1210 2542 1288 2562 uum
1305 2543 1324 2562 ιι
1340 2532 1378 2571 t.]
1401 2532 1507 2569 Num,

808 2574 963 2605 vitiosum
985 2580 1047 2612 est,
1062 2573 1344 2613 scribendumque,
1360 2579 1444 2604 tum.
1461 2575 1508 2605 sic

808 2622 903 2647 ante:
934 2627 1030 2656 quem
1055 2621 1178 2647 tum—
1190 2617 1349 2646 dicebant.
1396 2616 1438 2645 Et
1465 2617 1508 2646 si.

809 2668 911 2697 gnum
929 2658 1153 2697 interrogandi
1169 2668 1234 2687 non
1249 2664 1297 2688 est
1313 2659 1346 2688 in
1364 2658 1426 2688 ΜΞ.
1444 2658 1506 2689 Cu.

805 2707 838 2730 et
855 2701 925 2731 edd.
938 2711 988 2741 pr.
1032 2701 1096 2732 Res
1117 2706 1167 2730 est
1188 2700 1286 2730 clara.
1330 2700 1446 2738 Itaque
1461 2701 1506 2731 sic

805 2752 941 2773 correxi.

849 2787 888 2818 ‘27
922 2784 1095 2824 imperitis]
1125 2783 1280 2823 Intelligo
1309 2792 1439 2824 pueros,
1467 2783 1505 2814 de

807 2827 923 2865 quibus
938 2834 1026 2857 ante.

744 2914 882 2951 333
