1812 3147
262 151 339 192 770
857 144 1107 183 ORATIO

264 259 424 303 movet,
446 266 574 307 quam
596 259 758 291 vestra:
790 263 872 305 ego
906 262 1006 289 vero
1029 261 1117 287 non
1145 243 1276 286 modo
1314 259 1402 287 non
1432 259 1597 298 recuso,
1627 246 1701 289 sed

264 309 395 351 etiam
438 308 623 366 postulo,
671 317 719 348 ut
760 305 1078 363 provinciarum
1119 302 1374 344 auctoritate
1423 304 1702 346 moveamini.

267 367 441 409 Etenim
463 380 731 423 opponemus
762 363 879 403 Asiae
912 360 1149 417 provineiae
1172 360 1358 416 primum
1380 375 1579 415 magnam
1605 375 1705 415 par-

267 434 353 465 tem
387 424 578 479 ejusdem
615 421 863 479 provinciae,
893 433 990 473 quae
1027 432 1103 473 pro
1134 417 1260 472 hujus
1296 417 1494 472 periculis
1534 418 1702 474 legatos

264 480 592 535 laudatoresque
626 479 761 519 misit:
794 476 948 517 deinde
988 474 1255 530 provinciam
1291 474 1493 524 Galliam,
1529 476 1702 531 provin-

267 539 377 580 ciam
421 537 634 586 Cilieiam,
674 534 937 591 provinciam
979 531 1253 587 Hispaniam,
1291 532 1556 587 provinciam
1599 530 1708 573 Cre-=

267 605 371 646 tam,
407 594 573 636 Graecis
606 603 764 641 autem,
792 590 936 645 Lydis,
969 598 1012 630 et
1046 588 1307 643 Phrygibus,
1339 597 1383 629 et
1413 588 1554 644 Mysis
1589 589 1704 629 obsi-

269 661 383 694 stent
426 651 731 699 Massilienses,
788 647 964 696 Rhodii,
1027 645 1360 695 Lacedaemonii,
1401 644 1704 698 Athenienses,

269 718 426 750 cuneta
448 708 626 756 Achaia,
649 704 882 754 Thessalia,
909 703 1100 744 Boeotia.
1162 702 1374 758 Septimio
1396 712 1439 742 et
1464 702 1616 751 Caelio,
1642 712 1704 744 te-

271 767 423 816 stibus,
458 765 506 805 P.
529 763 731 805 Servilius
765 773 808 802 et
837 764 877 791 58
892 760 944 800 Α.
966 759 1184 810 Metellus,
1228 758 1354 813 hujus
1387 759 1561 815 pudoris
1598 759 1707 801 inte-

272 823 526 879 gritatisque
557 830 685 861 testes
717 819 1035 874 repugnabunt.
1094 815 1299 858 Asiaticae
1316 816 1611 871 jurisdictioni
1635 831 1707 858 ur-

276 883 384 921 bana
399 879 646 935 jurisdictio
669 876 961 932 respondebit.
985 875 1114 915 annui
1139 875 1342 930 temporis
1357 873 1706 915 criminationem

188 944 256 977 101
273 937 412 979 omnis
436 945 539 977 aetas
564 935 611 975 L.
633 934 773 975 Flacci
798 942 841 973 et
864 942 1071 989 perpetua
1093 931 1182 973 vita
1201 931 1415 972 defendet.
1456 929 1527 982 Et,
1550 931 1584 971 si
1606 945 1706 987 pro-

272 995 393 1036 desse
417 994 465 1035 L.
491 993 659 1042 Flacco,
675 991 861 1046 judiees,
883 990 1026 1038 debet,
1048 989 1163 1044 quod
1187 1003 1230 1029 se
1260 988 1480 1029 tribunum
1502 988 1705 1040 militum,

272 1051 388 1107 quod
421 1059 695 1105 quaestorem‚
716 1048 833 1103 quod
865 1047 1052 1103 legatum
1083 1046 1413 1101 imperatoribus
1445 1045 1706 1096 clarissimis,

273 1112 313 1144 59
331 1108 592 1149 exercitibus
630 1105 927 1154 ornatissimis,
962 1103 1194 1159 provinciis
1225 1103 1502 1158 gravissimis,
1524 1101 1707 1158 dignum

274 1166 360 1206 suis
382 1165 617 1219 majoribus
642 1162 866 1219 praestitit:
900 1161 1049 1217 prosit,
1064 1160 1178 1216 quod
1200 1160 1286 1209 hic,
1301 1159 1423 1201 vobis
1445 1158 1709 1210 videntibus,

276 1224 318 1264 in
353 1221 552 1278 periculis
590 1220 892 1261 communibus
935 1218 1128 1259 omnium
1161 1217 1366 1267 vestrum,
1408 1231 1483 1258 sua
1520 1215 1711 1272 pericula

228 1295 372 1327 heum
400 1279 503 1319 meis
532 1277 788 1332 conjunxit:
823 1275 988 1332 prosint
1021 1274 1419 1316 honestissimorum
1449 1273 1710 1330 municipio-

277 1352 367 1377 rum
391 1336 744 1389 coloniarumque
773 1333 1063 1374 laudationes:
1097 1332 1233 1388 prosit
1264 1331 1395 1372 etiam
1428 1341 1599 1372 senatus
1633 1345 1710 1386 po-

187 1403 260 1437 102
276 1394 449 1450 puliquc
484 1392 670 1433 Romani
710 1391 913 1447 praeclara
949 1400 993 1430 et
1026 1404 1124 1430 vera
1159 1388 1363 1430 laudatio.
1424 1388 1465 1429 O
1502 1402 1590 1429 nox
1622 1387 1708 1438 illa,

272 1466 370 1506 qua:
395 1464 516 1506 paene
539 1460 719 1490 aeternas
752 1449 852 1489 huie
884 1447 977 1488 urbi
1008 1447 1202 1487 tenebras
1234 1445 1438 1487 attulisti!
1470 1459 1569 1486 cum
1593 1444 1707 1486 Galli

271 1509 324 1549 ad
358 1508 530 1557 bellum,
554 1506 743 1547 Catilina
765 1506 818 1546 ad
842 1505 1005 1554 urbem,
1027 1503 1242 1558 conjurati
1261 1503 1314 1544 ad
1337 1501 1496 1543 ferrum
1519 1511 1563 1542 et
1585 1502 1709 1542 flam-

270 1580 382 1606 mam
409 1565 698 1606 vocabantur:
731 1578 829 1604 cum
865 1576 948 1618 ego
979 1571 1034 1612 te,
1066 1561 1234 1612 Flacce,
1262 1560 1417 1601 caelum
1451 1569 1710 1614 noctemque

269 1632 531 1672 contestans,
546 1622 652 1662 fiens
675 1622 850 1661 flentem
875 1619 1147 1660 obtestabar:
1181 1632 1279 1658 cum
1298 1625 1383 1658 tuae
1406 1616 1505 1657 fidei
1528 1617 1708 1672 optimae

271 1691 315 1720 et
338 1678 680 1736 spectatissimae,
704 1678 883 1719 salutem
915 1676 1031 1717 urbis
1065 1685 1108 1716 et
1143 1675 1303 1715 civium
1334 1673 1708 1716 commendabam.

271 1735 353 1787 Tu,
377 1746 483 1787 tum,
507 1736 673 1785 Flacee,
698 1744 871 1791 praetor,
891 1733 1132 1774 communis
1165 1731 1288 1772 exitii
1323 1731 1497 1772 nuntios
1529 1730 1709 1786 cepisti;

272 1804 317 1835 tu
343 1794 551 1835 inclusam
573 1793 617 1833 in
640 1793 791 1834 litteris
815 1790 1064 1847 reipublicae
1097 1797 1260 1845 pestem
1282 1788 1630 1845 deprehendisti:
1663 1796 1708 1828 tu

271 1851 558 1907 periculorum
586 1850 760 1901 indicia,
783 1858 828 1889 tu
853 1848 999 1889 salutis
1022 1847 1198 1898 auxilia,
1217 1846 1268 1887 ad
1291 1861 1359 1887 me
1378 1855 1420 1886 et
1442 1845 1494 1886 ad
1515 1853 1712 1886 senatum

274 1908 472 1949 attulisti.
533 1908 646 1954 Quae
667 1907 746 1948 tibi
782 1917 871 1947 tum
896 1904 1046 1962 gratiae
1081 1914 1180 1944 sunt
1209 1919 1234 1944 a
1266 1919 1334 1944 me
1366 1905 1504 1944 aetae?
1535 1917 1632 1958 quae
1656 1903 1711 1943 ab

274 1968 452 2007 senatu?
483 1980 580 2020 quae.
604 1980 629 2005 a
645 1964 768 2005 bonis
788 1964 1014 2004 omnibus?
1047 1961 1157 2008 Quis
1176 1960 1270 2011 tibi,
1289 1960 1385 2015 quis
1406 1960 1458 2001 C.
1475 1959 1712 2010 Pomtinio,

275 2023 509 2063 fortissimo
536 2022 640 2073 viro,
661 2035 922 2076 quemquam
944 2020 1104 2060 bonum
1127 2018 1168 2048 6⁰
1183 2027 1353 2074 putaret
1383 2032 1602 2072 umquam,
1625 2031 1712 2058 non

275 2079 470 2130 salutem,
494 2094 642 2120 verum
664 2079 871 2119 honorem
894 2076 1023 2118 ullum
1046 2076 1386 2131 denegaturum?
1419 2075 1459 2115 O
1480 2089 1605 2115 nonae
1626 2073 1710 2115 illae

278 2137 556 2187 Decembres,
585 2151 697 2192 quae,
721 2150 788 2176 me
810 2134 999 2185 consule,
1022 2133 1188 2174 fuistis!
1222 2147 1349 2188 quem
1371 2146 1454 2187 ego
1475 2131 1590 2171 diem
1615 2144 1711 2172 vere

277 2194 459 2235 natalem
484 2194 612 2247 liujus
634 2194 768 2243 urbis,
791 2203 865 2233 aut
886 2201 1001 2233 certe
1025 2190 1252 2231 salutarem
1283 2190 1496 2244 appellare
1518 2202 1710 2244 possum.

191 2253 256 2301 41
278 2253 317 2292 Ο
341 2266 426 2292 nox
453 2251 535 2301 illa,
555 2265 681 2305 quam
707 2251 786 2290 iste
805 2260 870 2290 est
892 2250 982 2290 dies
1004 2257 1275 2297 consecutus,
1299 2248 1439 2287 fausta
1461 2245 1562 2286 huic
1587 2245 1680 2286 urbi
1699 2245 1708 2286 !

190 2326 261 2359 103
276 2309 477 2349 miserum
509 2322 591 2358 me,
623 2317 783 2357 metuo,
807 2322 859 2348 ne
893 2306 1063 2346 funesta
1093 2305 1233 2345 nobis.
1294 2304 1381 2350 Qui
1417 2313 1506 2342 tum
1543 2303 1711 2343 animus

276 2366 323 2406 L.
349 2366 521 2406 Flacci?
552 2364 676 2417 (nihil
700 2366 839 2405 (licam
861 2364 973 2404 enim
998 2364 1050 2403 de
1074 2364 1174 2411 me.)
1196 2361 1269 2417 qui
1294 2375 1412 2401 amor
1432 2361 1472 2400 in
1497 2360 1711 2415 patriam?

271 2439 368 2477 quae
385 2423 518 2463 virtus
538 2424 549 2462 Ξ
571 2437 666 2476 quae
688 2422 875 2476 gravitas
895 2421 1091 2461 exstitit?
1125 2419 1206 2459 Sed
1224 2419 1326 2475 quid
1341 2433 1390 2458 ea
1403 2430 1712 2467 commemoro,

270 2496 365 2535 quae
393 2489 498 2530 tum,
522 2493 620 2519 euni
643 2480 897 2534 agebantur,
922 2493 1006 2519 uno
1038 2491 1248 2518 consensu
1268 2475 1476 2526 omnium,
1500 2488 1585 2514 una
1608 2487 1713 2514 voce

312 2596 350 2623 Βῆ
370 2594 407 2623 a.
422 2591 590 2631 filatelhw]
609 2592 660 2622 Sic
677 2592 837 2621 Grutrru.
855 2602 912 2632 pro
928 2592 967 2631 Q.
1012 2591 1215 2630 disciplinam
1232 2590 1408 2629 egregiam.
1441 2589 1494 2619 Sic
1505 2597 1627 2627 graves
1637 2587 1714 2617 cie-i-

267 2642 299 2666 et
326 2636 371 2665 M.
394 2635 478 2674 quiid
503 2640 580 2665 ante
603 2634 769 2664 edebatur.
814 2635 854 2664 A.
868 2634 968 2664 etiam
1013 2638 1096 2663 tates
1110 2633 1202 2663 verr.
1221 2633 1267 2669 11,
1283 2633 1314 2662 6.

268 2678 367 2708 habet
384 2679 446 2708 Ms.
463 2678 525 2707 Gn.
541 2688 570 2706 v.
587 2683 620 2706 et
635 2675 725 2706 clav.
1054 2677 1096 2706 60
1108 2675 1258 2715 putaret]
1285 2675 1317 2704 Si
1333 2674 1472 2704 refertur
1487 2672 1527 2702 ad
1549 2672 1607 2702 illa
1628 2677 1713 2702 tem-

312 2724 351 2754 59
386 2720 579 2750 emm-citizam
618 2719 845 2753 ornatissimas,
878 2728 968 2756 prov.
1013 2728 1106 2757 pura,
1121 2718 1158 2747 de
1172 2718 1288 2756 quibus
1303 2726 1408 2746 sermo
1425 2721 1486 2751 est,
1503 2714 1710 2744 scribendum

264 2762 486 2801 gravisw'mie]
523 2761 588 2791 Es.
615 2761 843 2793 ornatissimis,
873 2759 967 2789 laude
1004 2764 1170 2799 putasset:
1194 2761 1219 2789 si
1237 2759 1277 2789 ad
1295 2759 1598 2799 pr·a*senti;1,putet.
1625 2756 1710 2786 lllnd

267 2805 514 2835 rvi-unifortiter
526 2809 690 2841 gestarum
703 2810 735 2832 et
747 2802 967 2840 viz‘toriiszpr.
1012 2802 1227 2841 praetulerim,
1249 2802 1308 2831 nisi
1329 2804 1464 2840 putaret.
1491 2809 1549 2839 pro
1566 2801 1715 2839 putasset

264 2848 481 2886 gravissimis,
510 2856 647 2885 quarum
673 2845 862 2874 testimonio
891 2844 969 2873 fich-s
1012 2844 1137 2874 dictum
1153 2849 1214 2875 est.
1231 2854 1261 2874 V.
1276 2843 1316 2874 ad
1331 2843 1423 2873 Vcrr.
1441 2842 1468 2880 1,
1491 2844 1543 2872 41.

266 2889 363 2920 dubet
390 2889 499 2920 haberi
528 2895 661 2929 propter
687 2887 784 2917 fidem
810 2887 842 2917 in
873 2886 968 2917 Rom.
