1785 3185
476 90 825 129 PHILIPPICA
853 89 1516 131 UNDECIMA.1387

91 192 231 250 pionis
254 193 392 245 Biuti,
406 193 685 250 proconsulis,
698 193 931 248 conjuncta
952 192 1095 243 fuisse,
1117 207 1296 248 eamque
1318 206 1405 233 rem
1424 206 1512 232 ma·
1524 214 1556 244 p
1575 210 1646 241 230,

90 264 178 306 gno
213 251 307 291 usui
340 250 585 306 reipublicae
619 249 773 290 fuisse:
807 249 864 296 Q.
895 226 1176 290 Hortensium
1211 249 1556 305 proconsulema

94 315 224 358 recte,
253 315 296 347 et
323 307 485 358 ordine,
517 320 657 361 exque
692 306 912 362 republica
942 305 1117 347 fecisse.
1150 307 1399 361 senatuique
1428 305 1518 361 pla-

91 376 200 413 cere,
223 363 279 409 Q.
304 362 599 415 Hortensium,
615 363 928 419 proconsulem
945 377 1044 403 cum
1065 363 1366 417 quaestonbus,
1383 377 1516 418 prove

91 420 392 482 quaestoribus,
425 430 468 462 et
489 420 640 477 legatis
676 420 761 461 suis
798 420 1064 476 provinciam
1097 419 1402 460 Macedoniam
1436 420 1518 460 ob-

91 476 239 528 tinere,
260 478 402 532 quoad
423 477 461 519 ei
484 493 538 519 ex
529 454 931 519 Dsenatusconsulto
953 490 1194 519 successum
1218 476 1287 516 sit.

386 694 456 740 M.
496 694 766 742 TULLII
811 693 1239 742 CICERONIS
1535 713 1566 747 b.

782 805 835 834 IN

186 889 1426 959 'M.ANTONIUM

304 1012 818 1067 PHILIPPICA
859 1011 1328 1067 UNDECIMA.

237 1134 463 1172 oRAT1o
496 1135 718 1173 TERTIA
752 1135 827 1172 ET
860 1134 1387 1175 QUINQUAGESIMA,

607 1311 1012 1351 ARGUMENTUM.

101 1383 290 1420 Obtinente
306 1383 434 1420 Asiam
449 1384 674 1432 provinciam
694 1383 730 1420 C.
756 1382 942 1425 Trebonio,
971 1383 1150 1418 decretam
1168 1393 1191 1417 α
1207 1386 1333 1418 senatu
1348 1387 1431 1429 post
1451 1383 1525 1419 Cae-

149 1437 242 1472 saris
269 1437 469 1478 interitum,
489 1435 688 1472 Dolabella
713 1436 752 1471 in
780 1434 939 1481 Syriam,
960 1435 1114 1470 Antonii
1138 1434 1207 1469 sibi
1234 1435 1310 1482 lege
1337 1436 1526 1478 traditam,

148 1488 386 1537 proficiscens,
412 1500 493 1524 cum
525 1487 698 1523 Trebonio
715 1486 1010 1535 familiarissime
1038 1487 1243 1526 collocutus,
1263 1498 1413 1534 eumque
1433 1499 1529 1523 sum-

147 1552 215 1576 mce
232 1541 480 1576 benevolentiae
495 1540 726 1575 simulatione
741 1539 955 1586 complexus,
974 1539 1158 1574 incautum
1177 1538 1338 1586 Smyrnae
1356 1541 1532 1587 oppressit

149 1597 258 1640 atque
284 1591 479 1640 interfecit,
502 1596 537 1627 et
561 1592 688 1627 Asiam
714 1592 915 1627 universam
942 1592 1142 1638 occupavit.
1195 1591 1278 1626 Hoc
1301 1593 1429 1627 nuntio
1456 1591 1514 1626 Ro

151 1657 247 1680 mam
260 1644 416 1692 perlato,
444 1648 589 1680 senatus
615 1643 751 1679 hostem
777 1643 1011 1678 Dolabellam
1019 1641 1215 1689 judicavit,
1236 1643 1397 1690 belloque
1409 1655 1530 1691 perse-

148 1698 328 1744 quendum
345 1698 507 1732 censuit:
544 1697 607 1732 sed
624 1707 703 1731 cum
731 1692 805 1741 ejus
824 1695 907 1731 belli
927 1706 1025 1738 cura,
1045 1707 1116 1730 non
1149 1697 1239 1731 satis
1257 1700 1449 1737 constaret,
1473 1697 1530 1731 cui

147 1750 357 1785 mandanda
373 1749 565 1790 videretur,
585 1760 664 1783 eum
681 1748 748 1783 alii
763 1748 871 1782 aliter
884 1748 1069 1788 sentirent,
1091 1747 1226 1789 Cicero,
1246 1748 1438 1795 deplorata
1452 1750 1529 1795 pri-

149 1813 191 1838 us
210 1801 376 1837 Trebonii
391 1805 516 1841 morte,
533 1801 785 1848 imperatorem
801 1801 944 1835 omnino
965 1800 1001 1835 C.
1020 1799 1192 1842 Cassium,
1209 1801 1271 1847 qui
1294 1799 1531 1836 Dolabellam

152 1857 251 1889 terra
267 1854 430 1900 marique
442 1856 727 1900 persequeretur,
746 1863 818 1887 esse
836 1852 1065 1899 deligendum
1082 1853 1228 1888 censuit.
1265 1851 1310 1887 In
1326 1863 1434 1899 quam
1451 1864 1531 1888 sen-

154 1906 304 1942 tentiam
321 1909 363 1941 ut
381 1904 419 1940 S.
437 1904 475 1941 C.
493 1916 566 1940 esse
581 1904 731 1953 factum
748 1905 1000 1946 existimemus,
1021 1904 1076 1939 his
1107 1904 1234 1939 Velleii
1259 1905 1373 1940 verbis
1398 1905 1532 1940 adduci

147 1969 361 2004 possumus:
393 1956 517 1992 Bruto
543 1956 746 2006 Cassioque
772 1956 989 2004 provinciae,
1018 1968 1109 2005 quas
1130 1953 1213 2002 jam
1240 1955 1313 2004 ipsi
1333 1956 1414 1992 sine
1432 1956 1470 1993 S.
1488 1956 1531 1993 C.

150 2014 438 2058 occupaverant,
457 2008 630 2045 decretae.

102 2089 361 2155 MAGNO
401 2113 448 2154 in
487 2113 633 2154 dolore
676 2127 785 2165 sum,
825 2122 968 2170 patres
1018 2113 1269 2170 conscripti,
1313 2114 1380 2155 vel
1420 2129 1530 2156 moe-
1548 2121 1575 2168 1

99 2185 195 2212 rore
234 2171 393 2227 potius,
434 2185 561 2234 quem
610 2184 665 2211 ex
713 2170 873 2212 crudeli
922 2181 966 2211 et
1014 2171 1245 2213 miserabili
1296 2180 1435 2214 morte
1478 2172 1531 2214 C.
1547 2193 1566 2226 1

99 2227 319 2280 Trebonii,
361 2227 516 2284 optimi
556 2227 677 2278 civis,
718 2228 1133 2284 moderatissimique
1168 2228 1372 2280 hominis,
1413 2244 1534 2272 acce-

101 2285 268 2341 pimus3
319 2285 429 2326 inest
473 2294 616 2325 tamen
666 2283 842 2349 aliquid,
881 2285 997 2341 quod
1042 2285 1292 2350 reipublicae
1334 2286 1536 2350 piofutu-

101 2357 195 2383 rum
231 2351 393 2398 putem.
441 2341 737 2398 perspeximus
769 2342 899 2395 enim,
921 2350 1082 2398 quanta
1113 2343 1156 2383 in
1193 2343 1351 2407 iis,qui
1385 2353 1538 2386 contra

100 2399 283 2455 patriam
314 2399 517 2441 scelerata
546 2414 664 2440 arma
692 2409 913 2456 ceperunt,
944 2400 1101 2441 inesset
1131 2401 1390 2442 immanitas.
1434 2416 1536 2443 nam

100 2457 186 2497 duo
207 2455 302 2497 haec
322 2455 466 2513 capita
488 2464 589 2497 nata
617 2465 717 2497 sunt
740 2465 838 2512 post
866 2456 1062 2498 homines
1094 2466 1216 2503 natos
1239 2458 1473 2500 taeterrima
1491 2468 1535 2498 et

101 2513 388 2569 spurcissima,
411 2513 650 2564 Dolabella,
671 2523 715 2554 et
743 2514 990 2556 Antonius:
1029 2529 1210 2569 quorum
1242 2514 1348 2556 alter
1374 2514 1532 2566 effecit,

101 2570 216 2625 quod
250 2571 452 2625 optabat:
496 2570 548 2611 de
583 2570 716 2611 altero
754 2570 1018 2627 patefactum
1050 2581 1128 2622 est,
1159 2571 1263 2627 quid
1304 2572 1532 2628 cogitaret.

107 2627 153 2669 L.
187 2626 330 2668 Cinna
358 2627 567 2668 crudelis:
610 2627 662 2668 C.
698 2627 865 2670 Marius
897 2628 942 2669 in
980 2628 1201 2670 iracundia
1234 2642 1531 2684 perseverans:

102 2684 151 2725 L.
174 2683 291 2726 Sulla
311 2684 564 2727 vehemens:
596 2699 735 2741 neque
759 2685 883 2731 ullius
904 2684 1093 2728 horum
1084 2700 1128 2728 m
1150 2685 1395 2729 ulciscendo
1417 2699 1534 2727 acer-

99 2742 210 2782 bitas
232 2755 456 2797 progressa
475 2741 587 2784 ultra
606 2750 788 2785 mortem
810 2751 890 2784 est
911 2757 1008 2798 quae
1031 2750 1174 2786 tamen
1196 2756 1330 2798 poena
1350 2741 1394 2782 in
1416 2742 1531 2784 cives

96 2798 224 2841 nimis
259 2797 440 2840 crudelis
473 2799 719 2855 putabatur.
780 2798 893 2842 Ecce
931 2799 1009 2841 tibi
1033 2799 1255 2856 geminum
1294 2799 1337 2841 in
1375 2799 1565 2845 scelere2
