1785 3185
492 94 839 134 PHILIPPICA
864 94 1064 132 PRIMA.
1399 98 1498 133 1245

132 204 360 237 accurreret:
387 199 480 234 unde
497 210 590 246 aegre
605 199 766 246 repulsus
784 202 846 234 est.
891 197 1027 233 Brutus
1045 202 1080 234 et
1101 199 1254 243 Cassius,
1273 203 1388 238 vitato
1404 215 1497 251 prae·

123 253 218 287 senti
231 251 404 299 periculo,
425 251 611 286 concitatae
637 251 876 285 multitudinis
895 251 967 284 vim
985 251 1159 290 timentes,
1178 253 1401 302 Antoniique
1413 266 1497 302 per-

113 304 248 352 fidiam
266 301 348 348 jam
375 304 464 338 satis
491 303 641 361 experti,
660 303 812 337 Antium
830 306 864 336 et
886 300 1089 336 Lanuvium
1106 301 1335 350 aufugerunt,
1357 318 1396 341 eo
1414 319 1497 342 con·

123 354 219 396 silio,
239 359 278 389 ut
297 354 407 390 inde
398 366 432 388 ιη
448 355 652 401 provincias
671 366 693 388 a
717 357 843 389 senatu
861 353 1019 388 decretas
1041 354 1361 402 proficiscerentur.
1417 358 1497 394 De-

122 410 281 442 creverat
298 410 417 441 autem
435 410 589 444 senatus,
607 406 782 452 postridie
810 416 916 452 quam
944 416 962 439 e
992 403 1172 452 Capitolio
1209 405 1357 442 Caesaris
1386 410 1496 445 inter-

109 456 272 507 fectores
289 458 553 499 descenderant,
569 457 684 493 Bruto
705 456 860 498 Cretam,
882 456 1002 491 Cassio
1020 455 1198 505 Africam,
1224 457 1394 494 Trebonio
1412 461 1497 496 Asi·

122 521 193 549 am,
223 509 364 545 Cimbro
397 509 634 556 Bithyniam:
664 509 717 544 D.
746 509 861 544 Bruto
885 508 1045 544 Galliam
1073 509 1286 552 citeriorem,
1319 511 1443 546 datam
1472 525 1496 548 α

127 561 267 596 Coesare
284 566 404 602 antea,
420 561 661 610 confirmarat.
718 560 816 595 Idem
836 565 964 599 tamen,
987 562 1089 607 quasi
1107 562 1156 596 ad
1184 563 1377 597 sanitatem
1394 574 1494 599 revo-

119 617 236 655 catus,
255 614 402 660 reliquis
421 614 540 648 diebus
560 615 594 648 in
611 613 791 660 Capitolio
808 613 984 660 prceclara
1003 611 1039 647 S.
1058 612 1094 648 C.
1104 611 1213 661 fecit
1231 615 1387 661 priunum
1403 614 1495 651 illud

120 676 140 700 e
154 664 230 700 Ser.
249 665 405 722 Sulpicii
416 667 605 705 sententia,
625 677 668 700 ne
681 676 751 711 qua
766 669 849 711 post
864 664 949 700 Idus
968 663 1081 700 M-art
1104 667 1344 701 immunitatis
1357 666 1491 707 tabula,

122 728 208 752 neve
224 716 322 763 cujus
341 717 497 765 beneficii
503 718 708 766 fieretur:
729 717 866 758 deinde,
887 721 926 751 ut
957 717 1146 751 dictatura
1173 729 1297 753 nomen
1318 719 1351 752 in
1363 730 1492 766 perpe-

125 772 228 804 tuum
257 780 276 804 e
304 780 379 816 rep.
413 768 608 804 tolleretur.
673 767 754 803 Lux
781 769 942 815 qucedam
971 768 1095 804 oblata
1134 769 1345 805 videbatur:
1385 772 1494 805 erecti

121 825 226 856 erant
241 832 303 868 spe
321 821 498 856 libertatis
517 824 551 855 et
578 821 645 855 otii
662 820 831 855 bonorum
849 821 962 855 animi
976 835 988 855 :
1017 821 1213 856 constituta
1232 818 1321 869 resp.
1339 822 1494 868 putuba-

122 876 192 908 tur.
219 873 281 908 sed
299 873 368 907 cito
386 872 448 907 ille
464 871 726 907 simulationem
746 872 905 914 sustulit,
924 873 1048 919 suique
1064 873 1193 908 similis
1224 875 1318 909 visus
1336 878 1399 909 est.
1428 874 1492 909 ha-

122 924 195 959 bito
209 925 302 959 enim
319 923 495 959 Kalendis
512 922 599 959 Jun.
617 927 755 965 senatu,
775 935 844 958 non
863 935 954 965 eum,
983 936 1086 971 quem
1114 929 1234 967 antea,
1255 926 1297 960 de
1323 937 1396 972 rep.
1415 937 1494 961 sen-

118 987 210 1016 sum,
224 987 287 1011 nec
298 976 520 1022 superiorum
539 975 676 1011 dierum
694 976 784 1010 actis
802 977 1074 1011 consentientem
1092 976 1310 1012 voluntatem
1326 979 1491 1015 ostendit.

117 1026 213 1062 nihil
229 1027 354 1062 deinde
371 1027 420 1062 acl
435 1031 596 1062 senatum
616 1025 792 1075 referebat
805 1041 818 1063 .·
841 1039 906 1075 per
916 1029 1101 1075 populum,
1125 1029 1161 1063 id
1179 1033 1241 1068 est,
1255 1041 1320 1076 per
1335 1029 1494 1078 infimam

118 1083 393 1126 corruptamque
407 1079 557 1126 plebem,
578 1083 756 1114 contemta
774 1080 986 1126 amplissimi
1005 1081 1141 1115 ordinis
1158 1083 1386 1120 auctoritate,
1407 1093 1492 1129 age-

118 1129 179 1165 bat
194 1132 327 1172 omnia,
348 1135 472 1166 contra
492 1130 529 1166 S.
552 1130 588 1167 C
609 1131 703 1178 quod
722 1131 889 1179 ipsefleri
917 1131 1089 1171 voluerat,
1112 1132 1252 1167 tabulas
1269 1133 1422 1181 figebat,
1442 1135 1493 1169 ci-

115 1183 266 1218 vitatem
283 1184 596 1230 immunitatesque
626 1183 747 1222 dabat,
785 1183 919 1218 exsules
946 1184 1161 1219 reducebat.-
1181 1195 1293 1231 eaque
1318 1185 1494 1234 sefacere

115 1236 239 1270 omnia
252 1235 390 1270 dicebat
408 1246 449 1270 ex
466 1235 600 1282 legibus
621 1235 779 1274 Caesaris,
800 1238 865 1270 aut
891 1246 932 1269 ex
962 1233 1037 1280 ejus
1067 1238 1342 1272 commentariis.
1403 1237 1494 1273 Tum

118 1285 253 1329 Cicero,
273 1287 462 1334 desperata
475 1298 623 1334 prorsus
640 1288 800 1322 Antonio
819 1287 960 1321 consule
986 1287 1073 1322 liber
1076 1291 1161 1326 tate,
1179 1288 1299 1323 urbem
1328 1289 1491 1336 reliquit,

118 1339 155 1373 in
185 1338 360 1373 Graeciam
383 1339 510 1379 iturus,
529 1350 572 1373 ea
590 1343 716 1379 mente,
735 1343 776 1373 ut
801 1338 977 1374 Kalendis
994 1339 1081 1374 Jan.
1113 1351 1182 1386 quo
1212 1342 1269 1375 die
1302 1340 1426 1376 Pansa
1457 1346 1492 1376 et

114 1389 261 1426 Hirtius
279 1390 503 1426 consulatum
522 1392 649 1426 inituri
661 1395 776 1432 erant,
797 1391 944 1426 adesset.
963 1403 1026 1426 nec
1044 1392 1163 1426 tamen
1183 1393 1251 1427 iter
1269 1392 1361 1427 illud
1374 1393 1491 1428 absol-

115 1443 180 1478 vit.
198 1454 283 1477 nam
301 1442 529 1490 Leucopetrae
547 1443 696 1478 adversa
714 1447 922 1489 tempestate
940 1443 1112 1482 detentus,
1134 1443 1178 1478 ab
1197 1445 1252 1485 iis,
1270 1446 1331 1490 qui
1350 1445 1393 1480 ab
1407 1445 1492 1480 urbe

116 1498 298 1536 venerant,
318 1498 352 1529 et
374 1496 573 1530 concionem
594 1495 731 1542 accepit
748 1495 912 1536 Antonii,
935 1507 1042 1542 quam
1060 1495 1164 1530 valde
1177 1496 1357 1542 probavit,
1386 1501 1420 1532 et
1449 1508 1492 1533 ea

118 1547 295 1593 cognovit,
314 1547 408 1581 unde
425 1547 624 1582 revertendi
641 1545 827 1582 consilium
852 1547 955 1593 cepit.
999 1547 1088 1582 Post
1107 1549 1351 1588 reversionem,
1373 1549 1415 1583 de
1431 1550 1492 1584 via

117 1597 300 1645 languens,
320 1599 358 1633 in
374 1603 548 1637 senatum,
570 1599 631 1645 qui
649 1598 825 1634 Kalendis
843 1598 942 1646 Sept.
963 1603 1001 1634 ut
1022 1599 1119 1635 Plzil.
1144 1598 1182 1634 V.
1198 1599 1343 1646 legitur,
1363 1601 1401 1635 ‘in
1418 1601 1492 1637 cede

118 1648 325 1685 Concordiae
347 1650 554 1691 habebatur,
574 1662 644 1685 non
669 1651 777 1685 venit.
805 1662 874 1697 quo
900 1652 1061 1697 graviter
1088 1655 1281 1686 commotus
1298 1652 1490 1692 Antonius,

103 1699 236 1750 fabros
252 1713 289 1737 se
315 1703 517 1743 missurum,
537 1706 570 1737 et
602 1703 744 1737 domum
761 1700 834 1747 ejus
853 1702 1146 1742 disturbaturum,
1169 1703 1336 1738 audiente
1350 1708 1490 1744 senatu,

115 1754 219 1789 dixit.
273 1753 470 1796 Postridie,
491 1754 529 1789 id
547 1758 611 1795 est,
630 1753 734 1790 XIV.
753 1754 848 1790 Non.
868 1754 967 1802 Sept.
988 1756 1026 1790 in
1041 1759 1205 1790 senatum
1221 1757 1328 1794 venit,
1349 1756 1492 1791 absente

114 1806 275 1841 Antonio
290 1821 302 1841 .·
331 1810 366 1840 et
385 1806 452 1841 hac
470 1807 634 1841 oratione
656 1807 775 1853 prima
801 1807 962 1853 exposuit
987 1806 1174 1842 consilium
1188 1805 1425 1855 profectionis
1455 1812 1491 1843 et
1526 1852 1529 1854 v

114 1857 324 1892 reversionis
340 1869 412 1893 suoe
425 1873 438 1894 .·
466 1859 593 1893 deinde
611 1862 752 1904 questus
769 1862 822 1893 est
837 1860 999 1905 graviter
1016 1859 1059 1894 de
1073 1859 1225 1894 Antonii
1253 1859 1417 1894 hesterna
1436 1861 1492 1895 in·-

109 1906 238 1955 juria:
267 1913 344 1944 tum
362 1909 454 1956 leges
471 1910 569 1945 illius
595 1909 823 1957 reprehendit
834 1925 846 1946 .·
872 1914 1051 1957 postremo
1079 1915 1270 1958 utrumque
1298 1911 1487 1953 consulem,

117 1960 295 1996 absentem
312 1962 523 2003 Antonium,
538 1967 749 2008 prcesentem
770 1961 1012 2003 Dolabellam,
1028 1973 1131 2009 quem
1152 1963 1230 2002 sibi,
1252 1961 1491 2011 *profecturus

117 2013 166 2047 ad
183 2012 312 2048 bellum
343 2013 568 2052 Parthicum,
599 2013 716 2049 Caesar
743 2013 943 2062 suffecerat,
968 2013 1147 2055 hortatur,
1177 2018 1220 2049 ut
1248 2025 1369 2049 veram
1401 2015 1490 2050 soli-

114 2065 268 2111 damque
283 2063 440 2111 gloriam
456 2069 662 2112 sequantur,
683 2066 789 2112 diligi
804 2077 826 2100 a
842 2067 914 2101 suis
932 2066 1063 2101 civibus
1082 2066 1222 2106 malint,
1239 2077 1348 2113 quam
1365 2067 1490 2110 metui,

112 2116 369 2180 rempublicam
386 2118 482 2153 omni
499 2118 640 2153 ratione
656 2117 948 2165 complectantur.

63 2213 438 2283 ANTEQUAM
470 2236 523 2278 de
551 2236 783 2292 republica,
810 2246 950 2292 patres
979 2237 1227 2294 conscripti,
1251 2237 1392 2279 dicam
1422 2252 1485 2290 ea,
1502 2230 1531 2277 l

63 2308 159 2349 quae
181 2293 363 2334 dicenda
385 2293 466 2334 hoc
489 2304 681 2358 tempore
701 2294 898 2344 arbitror,
919 2308 1135 2358 exponam
1157 2294 1278 2336 vobis
1303 2295 1486 2337 breviter
1501 2300 1520 2335 1

64 2349 288 2392 consilium
326 2359 370 2390 et
403 2350 682 2406 profectionis
719 2360 762 2391 et
793 2351 1046 2391 reversmnis
1076 2365 1200 2392 meae.
1260 2351 1356 2408 Ego
1387 2367 1489 2393 cum

63 2421 289 2462 sperarem,
309 2407 540 2462 aliquando
561 2408 613 2448 ad
636 2417 823 2448 vestrum
846 2407 1074 2449 consilium
1102 2409 1489 2464 auctoritatemque

4 2472 8 2477 ’
63 2464 370 2528 rempublicam
400 2478 491 2505 esse
521 2474 778 2515 revocatam,
808 2464 1067 2505 manendum
1097 2464 1204 2505 mihi
1234 2466 1490 2517 statuebam,

63 2520 185 2575 quasi
206 2521 250 2561 in
271 2521 420 2576 vigilia
439 2522 622 2576 quadam
644 2520 856 2562 consulari
877 2536 927 2562 ac
949 2521 1174 2562 senatoria.
1196 2535 1276 2563 nec
1299 2537 1398 2563 vero
1420 2536 1490 2563 us-

64 2591 192 2632 quam
214 2554 500 2630 discedebam,
522 2592 600 2619 nec
619 2593 644 2619 a
661 2578 881 2634 republica
900 2578 1156 2633 dejiciebam
1177 2579 1339 2630 oculos,
1360 2593 1415 2619 ex
1437 2592 1489 2619 eo

64 2634 149 2683 die,
170 2647 256 2688 quo
277 2633 321 2674 in
342 2635 477 2690 aedem
510 2634 689 2676 Telluris
723 2635 951 2676 convocati
980 2649 1139 2676 sumus.
1200 2634 1252 2675 In
1273 2649 1358 2690 quo
1381 2644 1490 2675 tem-

67 2689 154 2744 plo,
183 2699 389 2743 quantum
413 2691 457 2732 in
485 2705 553 2732 me
574 2691 705 2743 fuit,
686 2693 776 2747 jeci
798 2691 1077 2733 fundamenta
1097 2691 1230 2747 pacis,
1251 2691 1490 2732 Athenien-

66 2745 262 2800 siumque
283 2748 484 2790 renovavi
507 2756 626 2791 vetus
649 2749 910 2804 exemplum,
934 2749 1137 2791 Graecum
1158 2749 1289 2790 etiam
1310 2748 1489 2792 verbum

125 2814 467 2847 vomu-121⁸.
743 2812 772 2848 4
802 2818 839 2848 u
