1785 3185
499 86 845 129 PHILIPPICA
871 88 1115 127 DECIMA.
1426 92 1524 134 1379

93 209 208 246 vere,
241 194 298 241 Q.
323 192 433 245 Fufi,
453 193 598 249 cupio,
622 194 713 234 sine
747 191 984 234 offensione
1014 200 1173 233 nostrae
1208 191 1427 244 amicitiae,
1460 193 1522 235 sic

92 262 248 301 tecum,
271 259 318 292 ut
340 266 365 292 a
388 261 429 291 te
451 249 703 291 dissentiens
725 258 909 312 senator,
930 250 1078 312 queri:
1109 249 1190 300 (ita
1218 249 1331 290 enim
1353 249 1520 302 dixisti,

88 318 134 349 et
163 283 334 363 qui'dem
367 306 420 348 de
453 306 627 371 scripto.
661 319 759 346 nam
791 314 833 346 te
867 305 1014 361 inopia
1045 304 1163 345 verbi
1196 304 1360 360 lapsum
1395 317 1520 362 puta-

89 379 194 415 rem,
226 364 306 405 nis¹
344 374 460 404 tuam
502 364 544 404 in
586 362 768 404 dicendo
809 361 1057 403 facultatem
1096 374 1262 402 nossem
1284 364 1314 411 ε)
1355 363 1517 405 litteras

87 421 212 462 Bruti
246 428 360 462 recte
391 430 434 460 et
467 419 615 461 ordine
647 419 827 475 scriptas
850 418 996 460 videri.
1023 417 1173 472 10quid
1207 427 1273 458 est
1305 418 1434 470 aliud,
1466 420 1517 462 li-

87 478 276 518 brarium
308 476 431 518 Bruti
462 477 646 540 laudare,
668 491 753 518 non
785 476 999 517 Brutum?
1058 474 1228 515 Usum
1219 488 1262 515 ιιι
1284 476 1552 531 republica‚6

87 533 259 586 Calene,
295 548 501 597 magnum
536 534 629 589 jam
669 534 823 574 habere
858 542 901 573 et
933 532 1060 574 debes
1093 540 1136 572 et
1174 540 1312 587 potes.
1345 534 1517 586 quando

84 590 148 632 ita
168 591 338 633 decerni
361 590 532 632 vidisti?
554 599 627 631 aut
652 593 683 620 ¹¹
701 605 786 645 quo
809 588 1177 630 senatusconsulto
1202 588 1376 644 hujus0
1352 591 1518 632 veneris

84 651 204 700 (sunt
235 648 350 689 enim
383 661 578 688 innuiner
582 646 727 697 1b111a)
758 648 865 687 bene
894 646 1072 702 scriptas
1103 645 1264 686 litteras
1297 646 1516 688 decretum

84 718 112 744 a
143 707 319 747 senatu?
349 704 463 760 quod
497 705 674 744 verbum
713 704 792 744 tibi
826 718 912 744 non
954 702 1180 754 ¹2excidit,
1216 712 1263 743 ut
1299 717 1414 759 saepe
1452 704 1515 756 fit,

83 759 296 803 fortuitu:
329 762 550 817 scriptum,
571 761 840 810 meditatum,
864 759 1103 815 cogitatum
1129 759 1325 801 attulisti.
1387 760 1561 812 Hanc3

85 817 165 859 tibi
196 819 548 860 consuetudinem
578 817 790 873 plerisque
822 817 865 857 in
896 817 1021 858 iebus
1048 819 1082 846 ¹3
1099 817 1220 857 bouis
1245 818 1516 860 obtrectandi

82 875 119 915 si
151 875 246 930 quis
277 875 540 916 detraxerit.
572 874 675 929 quid
709 874 803 925 tibi,
825 873 941 928 quod
974 873 1054 914 sibi
1075 873 1254 929 quisque
1279 874 1395 925 velit,
1429 890 1516 917 non

82 931 371 994 relinquetur?
431 932 725 977 Quamobrem
771 930 927 987 collige
971 940 1027 981 te,
1076 930 1284 986 placaque
1325 933 1560 981 animumb

83 986 213 1029 istum
235 988 462 1044 aliquando
483 998 526 1028 et
547 988 726 1043 mitiga:
760 988 858 1028 audi
883 988 996 1028 viros
1027 989 1176 1037 bonos,
1198 989 1353 1043 quibus
1380 992 1518 1030 ¹4ute-

82 1044 140 1085 ris
161 1045 367 1087 multum:
390 1044 562 1109 loquere
584 1060 681 1086 cum
702 1044 1017 1100 sapientissimo
1041 1045 1230 1096 homine,
1248 1060 1407 1101 genero
1427 1056 1518 1097 tuo,

81 1103 255 1158 saepius,
286 1117 413 1158 quam
446 1103 535 1157 ipse
567 1111 733 1143 tecum:
767 1112 857 1142 tuin
891 1101 1074 1156 denique
1110 1103 1409 1158 ¹5a1nplissimi
1441 1104 1519 1145 ho-

80 1160 198 1200 noris
220 1174 374 1201 nomen
398 1159 628 1200 obtinebis.
689 1157 758 1199 An
783 1173 880 1199 velo
912 1158 994 1199 hoc
1026 1173 1102 1214 pro
1135 1159 1270 1201 nihilo
1309 1171 1432 1216 putas
1454 1162 1520 1215 (in

79 1230 167 1270 quo
189 1217 387 1272 equidem
422 1231 497 1272 pro
524 1215 731 1258 amicitia
747 1225 865 1256 tuam
888 1216 1026 1256 vicem
1059 1215 1200 1256 dolere
1235 1217 1369 1268 soleo)
1408 1218 1518 1259 16ef-

80 1272 181 1314 ferri
203 1273 286 1315 hoc
307 1273 435 1324 fzorm,
455 1282 499 1314 et
520 1273 572 1314 ad
596 1271 741 1329 populi
766 1272 952 1313 Romani
978 1287 1098 1313 aules
1122 1287 1222 1328 perv
1227 1274 1357 1324 eni1·‚e
1375 1275 1410 1315 ei
1417 1276 1518 1331 ,qui

83 1330 246 1384 primus
267 1330 521 1371 sententiam
544 1330 716 1381 dixerit,
739 1331 954 1371 neminem
976 1334 1223 1373 assensum?
1253 1332 1367 1386 quod
1389 1333 1521 1374 etiam

84 1386 214 1428 hodie
236 1387 427 1429 futurum
449 1387 645 1428 arbitror.

143 1444 355 1501 Legiones
387 1444 563 1485 abducis
597 1459 622 1485 a
654 1443 804 1485 Bruto.
838 1446 973 1498 quas?
1003 1459 1158 1500 nempe
1191 1459 1278 1495 eas,
1306 1461 1378 1501 qu
1367 1461 1411 1487 ·1s
1447 1446 1518 1488 ille

86 1501 189 1542 ¹7ab
206 1487 401 1543 Antonii
434 1501 588 1542 scelere
623 1500 791 1550 avertit,
823 1512 866 1541 et
901 1501 955 1542 ad
988 1502 1299 1557 rempublicam
1334 1518 1409 1544 sua
1441 1519 1517 1545 au·

81 1558 283 1600 ctoritate
312 1558 518 1600 tnaduxit.
580 1558 743 1599 Rursus
774 1557 907 1613 igitur
930 1558 991 1599 vis
1013 1559 1222 1601 nudatum
1244 1557 1363 1602 illum
1386 1570 1515 1616 atque

81 1614 219 1656 solum
257 1631 283 1657 a
318 1614 538 1671 republica
574 1615 808 1671 relegatum
839 1615 987 1656 videri.
1047 1616 1136 1657 Vos
1178 1626 1336 1669 autem,
1372 1625 1552 1674 patres?

124 1773 163 1802 10
176 1771 256 1811 quid
266 1775 312 1802 est
323 1771 429 1809 aliud,
441 1781 541 1811 quam
554 1771 641 1812 libra]
659 1771 774 1813 ‚Quam

79 1819 168 1843 reete
193 1813 337 1845 deletum
363 1819 414 1845 est
441 1814 506 1845 Ms.
527 1814 604 1845 Vat.
628 1819 774 1845 auctore.

82 1855 207 1885 Locum
229 1855 375 1893 haberet,
391 1857 418 1886 si
431 1861 518 1887 esset
531 1868 539 1887 ι
563 1858 620 1887 hoc
634 1857 714 1897 quid
728 1860 775 1887 est

80 1897 186 1928 aliud.
200 1899 256 1928 hoc
269 1898 401 1936 omisso,
417 1908 634 1938 nequaquam.
665 1898 728 1928 Sed
743 1898 776 1929 id

80 1939 199 1979 passim
222 1940 256 1969 in
282 1940 343 1970 hac
363 1941 471 1971 forma
493 1940 641 1971 additum
662 1944 725 1979 est,
741 1945 775 1972 et

81 1991 181 2022 supra
195 1981 368 2021 aliquoties
380 1987 576 2014 correctum.

128 2026 158 2053 ll
185 2034 246 2064 quo
272 2023 372 2065 SCto]
400 2025 502 2055 Recte
522 2025 599 2055 Vat.
623 2034 681 2064 pro
705 2024 775 2055 vul-

81 2070 159 2104 gato
172 2066 265 2105 quod.
282 2076 360 2097 nam
381 2067 461 2098 alias
483 2067 685 2097 constructio
708 2076 774 2109 non

83 2112 225 2138 constat.

127 2153 163 2182 12
185 2149 502 2190 excidit—fortuitu]
527 2151 581 2181 Sic
602 2155 689 2182 recte
710 2151 776 2181 edi-

79 2193 163 2222 tum.
180 2192 301 2224 fmstra
321 2193 468 2224 Graevius
489 2192 633 2223 mutavit
653 2193 688 2224 in
699 2194 776 2234 for-

78 2234 181 2265 tuito:
203 2235 290 2274 quod
312 2239 346 2265 et
359 2235 424 2267 Gu.
441 2235 485 2266 H.
500 2234 633 2265 habent.
649 2245 681 2266 v.
695 2245 775 2275 quos

83 2275 212 2308 laudavi
227 2278 261 2306 in
274 2276 386 2308 Clave.

126 2321 163 2349 13
185 2319 272 2349 bom's
285 2317 498 2358 obtrectantis]
523 2317 603 2348 Mss.
618 2319 721 2356 bonos,
736 2322 774 2349 ut

80 2363 115 2390 et
134 2360 198 2399 Gn.
214 2361 260 2392 H.
307 2361 410 2393 Bonis
431 2365 482 2391 est
503 2370 524 2390 a
545 2359 704 2398 Feri-ario,
719 2361 775 2391 sed

81 2402 130 2432 sic
143 2408 176 2433 et
190 2403 266 2434 Vat.
302 2403 526 2450 Reperiuntur
540 2408 574 2432 et
589 2402 653 2433 alia
666 2413 775 2434 exem-

81 2443 137 2484 pla
160 2444 247 2475 illius
273 2444 527 2476 constructionis
549 2445 583 2474 in
602 2445 700 2475 verbo
723 2446 777 2475 de-

79 2488 473 2519 treetare.v.D1-akenb.
497 2487 538 2517 ab
563 2487 694 2517 Livium
719 2491 773 2524 38,

81 2532 134 2562 ⁴9.
178 2529 224 2560 Et
247 2531 356 2570 potuit
377 2530 492 2561 Cicero
514 2529 574 2559 hac
591 2529 697 2560 forma
711 2530 774 2565 uti,

81 2571 122 2601 u't
156 2571 354 2612 ambiguitas
389 2574 572 2608 caveretur,
599 2581 659 2602 nec
690 2572 776 2602 bonis

81 2623 159 2646 cum
174 2615 269 2645 rebus
275 2614 484 2654 jungeretur.

128 2657 167 2686 14
194 2656 297 2687 uteris
324 2656 481 2696 mullum]
512 2654 659 2685 Faernus
689 2654 779 2685 dedit

82 2698 207 2728 multis.
231 2699 258 2728 si
280 2709 299 2728 e
320 2698 396 2728 Vat.
414 2698 510 2728 bene.
526 2698 582 2727 sed
607 2707 674 2728 non
700 2697 779 2727 dicit

81 2739 178 2770 clare.
192 2744 227 2770 et
241 2740 413 2780 vulgatum
428 2749 554 2779 quoque
567 2740 692 2770 bonum
707 2748 780 2770 sen-

83 2791 157 2813 sum
169 2782 279 2813 habet.

128 2826 165 2856 15
187 2823 384 2866 amplissimi
405 2823 532 2854 honoris
553 2821 684 2862 nomen]
709 2822 732 2853 i.
751 2832 780 2852 e.

816 1771 877 1801 viri
900 1771 1091 1811 consularis,
1107 1773 1298 1804 consulatus
1319 1774 1402 1814 gesti
1425 1785 1455 1806 a.
1472 1775 1516 1806 U.

817 1813 989 1846 DCCVII.

863 1857 900 1886 16
921 1866 949 1886 e.
968 1855 1148 1898 hocforas]
1175 1858 1228 1888 Sic
1244 1858 1321 1889 Vat.
1335 1858 1430 1895 bene,
1449 1868 1517 1890 non

819 1898 896 1929 haec.
932 1898 984 1929 Sic
998 1904 1033 1929 et
1047 1899 1154 1930 Guelf.
1171 1900 1214 1930 H.
1250 1901 1336 1931 Ante
1351 1910 1410 1940 pro
1426 1903 1515 1941 equi-

817 1940 891 1969 dem
904 1940 981 1972 vat.
997 1942 1136 1981 quidem.
1152 1941 1233 1972 illud
1249 1943 1330 1974 mihi
1345 1943 1462 1973 melius
1479 1943 1514 1975 h.

818 1982 842 2012 1.
858 1982 997 2013 videtur.

863 2027 899 2058 17
922 2025 963 2055 ab
989 2025 1067 2056 Ant.
1091 2025 1221 2064 scelere]
1251 2026 1303 2056 De
1327 2027 1516 2065 conjectura

818 2064 935 2096 Faerni
966 2073 1149 2097 correctum
1177 2075 1228 2098 est
1254 2078 1277 2098 a
1310 2069 1344 2099 C.
1366 2069 1514 2106 Antonii,

818 2108 904 2146 quod
926 2109 952 2139 is
974 2119 1018 2138 se.
1035 2109 1106 2139 illas
1126 2109 1270 2148 legiones
1284 2121 1302 2141 e
1316 2111 1443 2142 Graecia
1457 2111 1513 2141 ab

818 2150 935 2181 ducere
949 2151 1104 2182 tentavit.
1127 2153 1235 2190 Atque
1249 2153 1378 2183 infr-ac.
1387 2155 1417 2183 4.
1430 2163 1516 2193 prae-

819 2201 940 2222 nomen
952 2193 1015 2223 hoe
1028 2192 1169 2224 additur.
1192 2194 1254 2224 Sed
1269 2195 1300 2225 id
1314 2198 1434 2226 norant
1442 2205 1515 2226 om

818 2243 874 2264 nes
886 2238 972 2272 tum,
983 2236 1044 2265 etsi
1059 2244 1247 2275 praenomen
1259 2236 1404 2267 hominis
1415 2238 1515 2268 omit-

815 2276 958 2307 tebatur.
1002 2277 1048 2307 Et
1063 2277 1140 2316 quid
1154 2278 1304 2318 impedit,
1318 2289 1382 2319 quo
1404 2280 1514 2310 minus

817 2317 865 2349 M.
880 2319 1111 2358 intelligatur?
1137 2329 1213 2350 nam
1237 2322 1276 2352 C.
1291 2327 1362 2352 erat
1379 2326 1511 2352 tantum

816 2360 966 2391 minister
986 2344 1035 2391 31.
1051 2362 1091 2392 ab
1114 2372 1153 2392 eo
1174 2362 1277 2401 igitur
1300 2364 1420 2394 avertit
1439 2373 1514 2403 pro·

818 2403 886 2443 prie
903 2413 957 2434 eas
971 2403 1080 2444 copias
1094 2404 1228 2442 BrutuS.
1271 2405 1335 2437 Sed
1349 2405 1514 2446 intelliga-

817 2453 874 2475 tur
903 2445 1009 2476 Caius.
1054 2445 1132 2477 Mox
1160 2448 1329 2478 venustius
1354 2448 1458 2479 foret·
1483 2454 1515 2479 et

816 2487 860 2517 ad
897 2488 1081 2527 reipublice·
1107 2490 1360 2520 auctoritatem.-
1393 2495 1432 2520 ut
1466 2500 1515 2520 re-

817 2530 991 2569 sponderet
1019 2530 1123 2561 verbis
1153 2532 1195 2562 ab
1222 2533 1356 2563 Antonii
1384 2534 1514 2570 scelere,

818 2581 908 2602 more
924 2571 1106 2603 Ciceronis:
1127 2575 1310 2614 praesertim
1324 2584 1398 2604 curn
1413 2574 1515 2604 Anto-

819 2614 868 2643 nii
881 2615 983 2644 scelus
999 2614 1086 2645 haud
1104 2614 1199 2645 dubie
1221 2626 1280 2656 pro
1296 2616 1444 2647 Antonio
1466 2616 1516 2646 di-

821 2660 913 2686 ctum
926 2657 983 2686 sit:
1001 2657 1036 2686 in
1048 2657 1227 2696 cujusmodi
1243 2658 1420 2698 periphrasi
1432 2667 1517 2688 sem-

823 2707 880 2737 per
891 2698 978 2737 apud
991 2699 1183 2729 Ciceronem
1196 2699 1272 2730 talis
1282 2700 1487 2730 concinnitas
1499 2712 1517 2731 e

821 2739 1036 2770 similitudine
1061 2740 1178 2771 fonnae
1196 2742 1370 2773 verborum
1391 2748 1518 2784 specta-

821 2786 890 2812 tur.
906 2782 963 2814 sed
977 2782 1024 2813 nil
1031 2783 1154 2823 juvant
1168 2782 1255 2814 libri.

731 2871 862 2908 4114
