1817 3169
645 126 715 165 IN
755 125 803 164 L.
841 126 1146 165 PISONEM.
1513 129 1605 162 1121

171 228 262 272 dies
285 230 547 282 incidissent,
571 229 672 271 Sex.
692 228 909 279 Clodium,
928 230 1000 284 qui
1025 244 1291 283 numquam
1279 238 1405 270 antea
1423 239 1609 285 praetex-

170 296 286 328 tatus
320 288 483 338 fuisset,
505 287 626 328 ludos
653 285 808 338 facere,
839 296 882 327 ct
914 294 1220 342 praetextatum
1252 286 1430 327 volitare
1461 300 1608 342 passus

171 357 232 395 es,
267 319 486 386 homineni
518 344 748 400 impurum,
779 351 908 398 atque
940 357 1025 383 non
1057 342 1188 382 modo
1220 341 1345 392 facie,
1375 342 1446 382 scd
1477 343 1608 383 etiam

170 400 296 442 oculo
320 411 393 443 tuo
414 402 728 458 dignissimum.
791 399 906 456 Ergo
929 400 994 440 his
1017 398 1306 440 fundamentis
1333 399 1481 453 positis
1503 414 1642 449 con-9

170 457 331 499 sulatus
355 459 431 510 tui,
454 459 595 499 triduo
619 467 729 514 post,
752 457 1033 514 inspectante,
1056 466 1099 497 et
1121 464 1288 496 tacente
1309 465 1364 504 te,
1387 470 1411 495 a
1435 455 1483 495 P.
1505 456 1608 497 Clo-

172 513 246 555 dio
265 515 384 556 fatali
407 525 606 571 portento
630 515 914 571 piodigioque
945 512 1208 570 reipublicae,
1231 511 1299 552 lex
1325 511 1439 552 AElia
1460 521 1502 552 et
1526 512 1610 555 Fu-

174 570 232 612 fia
262 586 408 614 eversa
438 582 517 624 est,
551 571 872 629 propugnacula
904 571 1098 626 murique
1131 568 1451 624 tranquillitatis
1483 579 1611 624 atque

171 629 278 670 otii.
310 629 504 686 collegia,
527 645 612 670 non
644 644 693 670 ea
724 629 875 679 solum,
897 643 992 683 quae
1025 636 1195 668 senatus
1228 625 1467 676 sustulerat,
1491 627 1612 666 resti-

177 694 285 737 tuta,
308 687 379 728 sed
405 687 732 728 innumerabilia
758 685 955 741 quaedam
992 700 1104 725 nova
1133 699 1188 724 ex
1219 683 1337 723 omni
1374 682 1465 723 fece
1495 683 1613 723 urbis

176 757 227 783 ac
246 744 420 784 servitio
445 747 481 775 15
495 744 725 785 concitata.
784 742 855 783 Ab
877 742 1027 783 eodem
1047 741 1235 791 homine,
1255 741 1298 780 in
1318 741 1482 795 stupris·
1493 740 1614 780 inau-

178 799 281 841 ditis
305 800 562 865 nefariisque
587 810 765 864 versato,
789 808 910 840 vetus
942 799 1012 840 illa
1036 798 1241 854 magistra
1264 796 1448 860 pudoris
1458 808 1502 837 et
1522 812 1616 838 mo-

178 856 343 907 destiae,
365 858 565 898 seveiitas
596 858 802 909 censoria,
827 856 994 898 sublata
1014 864 1101 898 est:
1137 869 1234 896 cum
1257 864 1303 894 tu
1326 854 1512 904 interim,
1536 855 1616 895 bu-

178 920 292 955 stum
321 914 582 971 reipublieae,
610 915 683 969 qui
719 923 759 954 te
790 913 1009 955 consulem
1039 922 1130 954 tum
1162 911 1315 952 Romae
1338 911 1445 952 dicis
1468 911 1614 963 fuisse,

177 972 309 1012 verbo
331 986 505 1035 nuwmqw
496 986 562 1012 im
587 971 841 1027 significaris
864 971 1117 1012 sententiam
1142 979 1258 1010 tuam
1289 968 1419 1009 tantis
1441 968 1483 1008 in
1506 982 1612 1009 nau-

178 1025 327 1083 fragiis
358 1028 560 1070 civitatis.
623 1029 843 1080 Nondum,
866 1043 960 1083 quae
986 1027 1151 1078 feceris,
1172 1027 1242 1067 sed
1265 1041 1360 1081 quae
1393 1025 1483 1066 fieri
1515 1014 1657 1090 pas-5

178 1099 247 1124 sus
282 1086 352 1136 sis,
383 1086 496 1127 dico.
530 1100 668 1141 neque
711 1100 810 1126 vero
853 1085 1034 1126 multum
1070 1085 1259 1134 interest,
1294 1083 1529 1139 praesertim
1567 1082 1611 1123 in
1628 1089 1675 1121 lO

178 1142 366 1193 consule,
390 1152 532 1184 utrum
556 1158 647 1199 lpse
678 1142 926 1198 perniciosis
957 1142 1139 1197 legibus,
1164 1140 1369 1196 impiobis
1391 1140 1614 1182 concioni-

180 1199 260 1240 bus
301 1200 609 1255 rempublicam
650 1208 794 1250 vexet,
832 1214 884 1239 an
927 1199 1031 1239 alios
1073 1213 1228 1239 vexare
1270 1198 1469 1262 patiatur.
1543 1196 1615 1237 An

177 1265 321 1312 potest
341 1256 425 1297 ulla
445 1272 535 1298 esse
555 1258 777 1298 excusatio
800 1271 885 1297 non
908 1257 1047 1297 dicam
1069 1255 1180 1296 male
1212 1255 1428 1304 sentienti,
1450 1254 1522 1294 sed
1551 1268 1615 1294 se-

178 1313 314 1365 denti,
350 1314 585 1365 cunctanti,
627 1313 854 1355 dormienti
893 1313 936 1354 in
979 1313 1169 1353 maximo
1203 1311 1451 1368 reipublicae
1494 1320 1615 1351 motu

179 1347 373 1412 consu’li?
404 1382 574 1413 centum
610 1385 744 1427 prope
775 1385 908 1411 annos
939 1370 1079 1419 leuem
1103 1369 1260 1410 AEliam
1289 1378 1331 1409 et
1363 1368 1529 1409 Fufiam
1553 1378 1659 1410 te-b.

180 1440 431 1470 nueramus:
463 1429 800 1484 quadringentos
835 1428 1094 1483 ¹6jud'1cium
1124 1427 1432 1480 notionemque
1465 1439 1616 1466 censo-

180 1484 302 1525 riam.
336 1500 439 1541 quas
483 1486 651 1542 leges¹7
666 1500 791 1526 ausus
823 1495 888 1525 est
920 1499 1006 1525 non
1044 1499 1169 1525 nemo
1205 1483 1442 1547 improbus,
1474 1481 1618 1538 potuit

180 1541 354 1596 quidem
385 1557 509 1583 nemo
521 1528 800 1584 convellere:
844 1556 972 1597 quam
1002 1549 1261 1598 potestatem
1291 1540 1496 1590 minuere,
1527 1553 1612 1594 quo

181 1599 322 1639 minus
352 1600 404 1640 de
433 1600 624 1640 moribus
656 1599 810 1640 nostris
832 1600 984 1654 quinto
1006 1612 1213 1654 quoque
1202 1597 1612 1659 aniiojudica1·etur,

180 1669 308 1697 nemo
329 1665 384 1698 ta
375 1671 414 1696 11
437 1656 569 1698 effuse
589 1657 782 1712 petulans
813 1667 991 1697 conatus
1019 1665 1097 1696 est.
1158 1654 1270 1696 Haec
1292 1663 1405 1704 sunt,
1428 1668 1453 1694 o
1475 1667 1613 1694 carni-
1629 1659 1671 1693 ll

181 1711 278 1755 fex!
312 1713 354 1754 in
378 1715 541 1770 gremio
564 1713 730 1770 sepulta
758 1713 1002 1755 consulatus
1038 1713 1116 1756 tui.
1178 1686 1437 1768 Persequeie
1457 1723 1617 1752 conne-

182 1870 279 1902 Rom.
295 1869 382 1900 Med.
397 1870 493 1901 Junt.
507 1875 545 1901 ut
558 1875 608 1901 est
631 1870 673 1901 ad
693 1871 766 1901 Att.
785 1868 830 1907 11,
848 1872 878 1900 3.

181 1922 279 1951 quam
294 1911 469 1942 lectionem
487 1914 658 1944 restituere
674 1923 692 1943 e
710 1913 789 1943 Mss.
806 1916 880 1951 post

181 1955 212 1984 T
215 1955 388 1992 urnebum,
405 1964 471 1985 non
493 1955 682 1985 memoratis
704 1954 775 1985 edd.
790 1955 878 1984 istis:

182 1997 288 2026 altera
313 1997 410 2027 lectio
437 1997 732 2036 commenticiorum
754 2007 793 2027 ex
807 1995 880 2026 edd.

185 2039 240 2069 W.
273 2041 362 2070 1480.
391 2040 425 2068 in
451 2039 605 2070 Aldinam
638 2047 672 2070 et
708 2044 879 2078 sequentes

187 2081 289 2111 venit.

230 2125 267 2153 15
289 2123 465 2163 concitata]
491 2123 543 2153 Sic
558 2121 629 2153 edd.
643 2133 689 2162 pr.
707 2131 880 2158 consensu,

184 2165 267 2195 item
289 2165 368 2195 Mss.
413 2166 475 2196 Sed
496 2175 554 2205 pro
580 2175 619 2195 eo
641 2167 816 2196 constituta
829 2164 881 2194 edi

186 2207 298 2247 eoepit,
321 2212 455 2238 auctore
484 2208 519 2237 P.
550 2208 702 2237 Manutio
731 2218 762 2237 a.
793 2209 881 2237 1540.

187 2250 255 2289 qui,
273 2249 362 2280 velut
384 2250 562 2280 Asconium
581 2254 725 2287 secutus,
747 2249 795 2279 ita
815 2249 882 2278 edi-

188 2291 237 2322 dit
249 2303 258 2321 :
293 2293 399 2331 cujus,
435 2292 580 2328 Asconii,
614 2292 749 2322 nomine
781 2291 881 2321 etiam

188 2333 334 2364 Graevius
357 2343 428 2364 eam
452 2334 627 2364 lectionem
650 2334 794 2373 praefert.
835 2334 881 2363 At

188 2375 227 2406 de
241 2377 382 2406 Asconio
397 2376 519 2406 frustra
534 2381 623 2406 sunt.
641 2385 717 2406 nam
732 2376 799 2414 ejus
815 2375 881 2404 edi-

187 2419 237 2448 tio
251 2418 368 2458 prima,
383 2428 447 2458 qua
469 2427 528 2448 nos
542 2418 680 2454 utimur,
696 2418 795 2448 habet
809 2427 882 2446 con-

187 2460 302 2490 cicuta.
317 2459 431 2490 deinde
447 2461 607 2491 concitata
621 2459 708 2490 haud
726 2458 821 2489 dubie
844 2469 883 2489 ex

188 2501 355 2532 latinitate
367 2502 567 2541 exquisitiori
581 2502 695 2531 melius
707 2506 768 2531 est.
782 2501 883 2531 Nem-

190 2553 231 2584 pe
244 2545 418 2574 constituta
432 2545 528 2574 nimis
551 2544 726 2574 honestum
749 2543 883 2573 verbum

190 2590 241 2615 est
254 2595 313 2625 pro
327 2586 397 2616 istis
419 2596 437 2616 e
459 2586 537 2616 faeve
559 2586 659 2626 plebis
674 2585 881 2615 hominibus:

190 2632 227 2657 at
240 2628 380 2658 concztus
393 2633 427 2658 et
439 2629 619 2659 concitatus
631 2637 716 2667 saepe
730 2627 885 2657 dicuutur

193 2668 233 2698 de
245 2669 344 2712 copiis
358 2670 528 2700 hominum
548 2680 566 2700 e
588 2670 680 2709 plebe
701 2669 829 2699 sordida
850 2673 885 2699 et

194 2702 263 2740 fece
284 2711 409 2751 populi,
432 2721 498 2741 non
520 2711 625 2748 lectis,
649 2711 705 2742 sed
730 2720 788 2751 per
810 2721 884 2750 pro-

196 2752 293 2782 missa
321 2753 500 2792 similiaque
536 2754 717 2793 promiscue
750 2762 886 2791 congre-

198 2797 286 2832 gata.
301 2794 346 2824 sic
368 2796 528 2824 concitare
549 2801 600 2824 est
625 2796 711 2825 infra
731 2805 760 2825 e.
808 2776 888 2825 ‚Dubi

190 2835 344 2874 jungitur
358 2846 432 2866 cum
444 2838 534 2875 collig
536 2846 606 2866 ’κειε

243 2877 279 2907 1⁶
284 2876 453 2918 ιμιείιιιιηη
464 2879 684 2918 notionemque
694 2888 776 2909 cens.
779 2877 793 2918 ]
806 2876 889 2907 Edd.

923 1879 972 1909 pr.
996 1878 1108 1898 omnes
1130 1868 1255 1898 habent
1276 1867 1498 1906 rationemque
1520 1875 1620 1905 usque¹

923 1911 963 1941 ad
978 1911 1223 1941 Victorianam:
1247 1910 1292 1939 sic
1315 1913 1347 1939 et
1372 1909 1450 1939 Mss.
1474 1909 1557 1938 fere:
1581 1913 1621 1938 ut

924 1954 1044 1984 mirum
1060 1953 1115 1988 sit,
1125 1952 1321 1982 Lambinurn
1333 1951 1451 1987 dicere,
1461 1952 1621 1980 notionem

923 2005 990 2026 esse
1009 1996 1043 2025 in
1065 1995 1215 2024 omnibus
1238 1994 1366 2033 scriptis
1387 1998 1421 2023 et
1443 1992 1619 2032 impressiS‚

922 2047 1001 2076 quos
1036 2037 1164 2066 viderit.
1215 2037 1344 2066 Primus
1382 2035 1416 2064 P.
1445 2034 1618 2065 Manutius

927 2082 1017 2110 1540.
1028 2079 1127 2109 edidit
1137 2079 1368 2116 notionemque,
1379 2087 1436 2117 pro
1446 2086 1509 2116 quo
1521 2076 1620 2106 Lam-

923 2121 1019 2151 binus
1047 2120 1191 2150 malebat
1212 2121 1488 2158 notationemque:
1510 2118 1566 2148 sed
1587 2118 1620 2148 id

924 2163 970 2192 nil
992 2163 1112 2199 differt,
1128 2168 1161 2192 et
1185 2163 1311 2191 incerta.
1329 2167 1380 2191 est
1401 2161 1498 2190 lectio
1521 2160 1619 2189 libro-

924 2214 1010 2242 rum,
1026 2205 1080 2243 qui
1097 2205 1131 2234 in
1146 2204 1346 2235 Cluentiana
1356 2208 1390 2233 et
1403 2202 1495 2232 offic.
1509 2202 1573 2238 111,
1587 2204 1618 2232 3.

923 2247 1121 2276 notationem
1142 2245 1276 2276 habent.
1300 2256 1331 2276 v,
1354 2245 1445 2276 Clav.
1475 2245 1509 2274 in
1532 2244 1564 2274 h.
1587 2254 1618 2274 v.

924 2289 1099 2319 Notionem
1122 2297 1235 2318 verum
1257 2292 1318 2324 est,
1337 2288 1397 2317 etsi
1425 2297 1445 2317 a
1466 2286 1621 2316 Manutio

924 2335 1058 2361 tantum
1068 2331 1106 2361 de
1121 2331 1309 2369 conjectura
1321 2329 1405 2370 posit
1394 2339 1464 2358 um
1474 2328 1618 2358 videtur:

924 2382 1000 2402 nam
1017 2374 1103 2403 ratio
1117 2382 1297 2407 censorum,
1311 2372 1331 2402 i.
1346 2382 1375 2401 e.
1390 2371 1505 2401 modus
1521 2379 1620 2409 agen-

924 2415 954 2445 di
994 2416 1188 2451 Censorum,
1217 2420 1256 2443 ut
1291 2413 1444 2453 explicat,
1480 2412 1621 2452 probans

925 2457 1010 2487 hanc
1028 2457 1203 2487 lectionem
1226 2456 1385 2491 Graevius,
1402 2455 1442 2484 ab
1463 2454 1525 2484 hoc
1547 2453 1619 2483 loco

925 2505 974 2529 est
990 2499 1109 2536 aliena,
1126 2499 1181 2528 ubi
1204 2506 1421 2538 synonymum
1428 2495 1551 2536 judicii
1565 2495 1620 2526 de-

925 2541 1097 2578 sideratur,
1111 2545 1146 2570 et
1168 2541 1276 2576 verba,
1291 2550 1362 2578 quae
1385 2538 1480 2578 plane
1502 2542 1620 2567 eo'nve-

926 2584 1021 2613 niant
1042 2584 1084 2619 ei,
1099 2582 1186 2621 quod
1210 2590 1308 2621 supra
1331 2581 1425 2616 dixit,
1449 2588 1619 2609 censuram

926 2635 993 2656 esse
1010 2626 1205 2663 magistram
1215 2623 1351 2663 pudoris
1364 2627 1394 2652 ec
1408 2622 1578 2652 modestice.

974 2670 1008 2701 17
1024 2677 1124 2697 ausus
1137 2670 1183 2695 est
1195 2675 1256 2695 non
1271 2674 1362 2694 nemo
1373 2663 1548 2702 improbus]
1566 2663 1621 2693 ln-

925 2709 1083 2748 teiligunt
1097 2709 1135 2738 de
1145 2707 1291 2738 Vatinio.
1302 2716 1332 2736 ν.
1347 2707 1381 2735 in
1396 2706 1470 2735 Vat.
1483 2706 1623 2737 c.7.S1·

928 2751 1071 2787 spicatus
1094 2759 1167 2780 sum
1190 2748 1378 2787 aliquando,
1394 2756 1458 2776 mm
1479 2756 1547 2776 esse
1569 2746 1625 2776 de-

932 2792 1077 2823 lendum.
1131 2792 1210 2821 Mox
1246 2799 1392 2828 unquam
1427 2794 1500 2828 post
1534 2797 1626 2818 nemo

934 2834 1025 2864 abest
1046 2834 1118 2864 edd
1145 2843 1194 2873 pr.
1217 2838 1251 2861 et
1274 2832 1354 2862 Mss.
1376 2830 1481 2865 bonis,
1504 2829 1635 2861 addidit·

934 2875 1048 2906 Aldus.
1092 2873 1208 2906 Deievi
1222 2883 1298 2904 eum
1311 2873 1450 2904 Graevio.

853 2923 982 2961 4D3
