1785 3185
546 133 664 176 'PRO
692 139 738 178 Q.
766 136 1034 175 LIGARIO.
1417 138 1512 174 1229

75 238 202 282 fflicae
236 253 488 297 proponere.
522 241 634 282 nosti
671 240 834 297 optime
867 240 1080 281 homines.
1113 238 1405 279 animadverte
1434 238 1512 279 ho-

73 311 167 338 rum
190 298 658 341 omniumvmoestitiam
679 309 722 338 et
752 297 967 338 dolorem:
1001 295 1129 350 hujus
1157 294 1209 335 T.
1234 295 1434 346 Brocchi,
1456 296 1510 336 de

73 367 160 408 quo
197 368 284 395 non
321 355 487 406 dubito,
526 354 630 409 quid
671 354 906 405 existimes,
945 353 1139 394 lacrimas
1181 351 1506 406 squaloremque

73 409 208 465 ipsius
229 421 272 452 et
296 410 370 452 filii
393 411 526 452 vides.
581 411 696 457 Quid
721 411 772 451 de
794 410 996 452 fratribus
1019 409 1187 449 dicam?
1220 407 1320 457 noli,
1344 407 1565 459 Caesar,33

72 476 237 523 putare,
259 468 311 508 de
345 468 466 508 unius
498 468 639 523 capite
670 483 747 508 nos
778 482 917 523 agere.
950 476 1023 506 aut
1045 476 1128 506 tres
1153 465 1229 505 tibi
1259 463 1417 519 Ligarii
1441 479 1505 505 re-

73 522 236 565 tinendi
264 525 306 565 in
329 525 505 565 civitate
528 534 640 576 sunt,
663 535 736 566 aut
768 534 851 565 tres
882 539 935 564 ex
967 523 1142 564 civitate
1173 521 1504 562 exterminandi.

70 581 254 634 quodvis
285 581 484 622 exsilium
517 581 582 622 his
613 593 676 623 est
707 582 911 637 optatius,
934 594 1061 635 quam
1093 578 1244 635 patria,
1269 591 1397 633 quam
1428 578 1503 617 do-

71 649 181 686 mus,
214 652 342 693 quam
376 639 434 680 dii
469 649 658 695 penates,
693 653 776 679 uno
816 638 887 678 illo
921 635 1158 678 exsulante.
1219 635 1264 675 Si
1305 633 1503 684 fraterne,

70 692 106 733 si
138 695 222 750 pie,
247 695 280 735 si
312 710 408 736 eum
437 696 582 737 dolore
614 695 804 736 faciunt:
837 703 1039 735 moveant
1062 703 1103 733 te
1125 692 1277 733 horum
1300 691 1502 742 lacrimae‚

70 761 243 792 moveat
265 752 416 807 pietas,
438 762 610 793 moveat
631 751 914 808 germanitas:
942 750 1079 791 valeat
1100 759 1174 791 tua
1197 763 1281 789 vox
1305 747 1389 798 illa,
1406 763 1503 803 quae

70 806 191 848 vicit.
251 807 313 849 Te
344 810 457 850 enim
491 809 631 850 dicere
665 809 957 858 audiebamus,
995 821 1087 857 nos,
1120 820 1268 847 omnes
1307 805 1504 846 adversa-

72 863 158 906 rios
191 875 353 921 putare,
377 866 457 906 nisi
486 866 558 921 qui
589 867 817 906 nobiseum
848 873 1012 906 essent:
1048 873 1088 904 te
1111 877 1273 913 omnes,
1295 862 1368 917 qui
1400 877 1504 902 eon-

72 930 138 961 tra
168 931 210 962 te
241 937 325 963 non
356 932 510 973 essent,
542 932 652 963 tuos.
715 922 900 963 Videsne
931 921 1064 977 igitur
1099 920 1266 961 30hunc
1305 918 1505 974 splendo-

70 991 174 1028 rem,
197 993 368 1019 omnem
392 979 502 1020 hanc
526 979 819 1020 Brocchorum
843 979 1033 1030 domum,
1055 978 1170 1019 hunc
1195 977 1243 1018 L.
1269 975 1503 1027 Marcium,

70 1033 124 1074 C.
149 1034 397 1087 Caesetium,
433 1039 467 1067 3¹
490 1036 538 1077 L.
562 1036 817 1087 Corfidium,
855 1035 984 1076 hosce
1021 1049 1167 1076 omnes
1208 1033 1372 1089 equites
1417 1032 1502 1073 Ro-

67 1104 232 1141 manos,
255 1093 327 1148 qui
358 1093 515 1134 adsunt
536 1103 652 1134 veste
678 1102 866 1144 mutata3
897 1107 983 1133 non
1007 1091 1142 1132 solum
1166 1101 1290 1132 notos
1312 1089 1406 1140 tibi,
1429 1104 1502 1130 ve-

68 1161 160 1189 rum
193 1149 322 1190 etiam
354 1151 558 1206 probatos
579 1151 707 1201 viros,
731 1160 872 1191 tecum
903 1149 1062 1192 fuisse?
1093 1151 1133 1179 32
1146 1148 1290 1203 Atque
1321 1147 1386 1187 his
1418 1146 1501 1187 ira-

68 1206 307 1258 scebamur,
340 1205 418 1247 hos
451 1208 784 1263 requirebamus,
815 1207 882 1248 his
916 1205 1107 1247 nonnulli
1141 1205 1269 1245 etiam
1303 1205 1499 1244 1111113113·-

69 1275 179 1303 mur.
219 1262 438 1305 Conserva
459 1265 592 1321 igitur
613 1265 696 1305 tuis
719 1279 841 1306 suos:
873 1272 935 1315 ut,
958 1262 1318 1319 quemadmodum
1341 1270 1495 1311 cetera,

62 1332 164 1372 quae
187 1319 304 1361 dicta
324 1331 422 1362 sunt
444 1336 469 1362 a
491 1334 545 1373 te,
569 1322 629 1363 sie
650 1321 733 1363 hoe
756 1321 1023 1362 verissimum
1045 1320 1292 1375 reperiatur.
1326 1318 1493 1364 Quodsi
1516 1308 1576 1354 12

67 1376 238 1430 penitus
263 1378 502 1434 perspicere
532 1393 677 1435 posses
708 1378 982 1420 concordiam
1015 1377 1313 1433 Ligariorum:
1346 1389 1493 1415 omnes
1506 1378 1558 1412 34

65 1431 218 1474 fratres
247 1446 389 1476 tecum
412 1434 630 1489 judicares
661 1435 805 1477 fuisse.
865 1434 934 1476 An
959 1443 1100 1491 potest
1121 1433 1344 1488 quisquam
1370 1431 1496 1472 dubi-

67 1499 173 1539 tare,
195 1493 314 1546 quin,
337 1493 370 1533 si
402 1493 461 1539 Q.
487 1493 682 1549 Ligarius
708 1493 752 1534 in
777 1491 902 1534 Italia
922 1506 1013 1533 esse
1036 1491 1259 1547 potuisset,
1282 1489 1325 1529 in
1347 1489 1496 1529 eadem

67 1548 280 1588 sententia
300 1552 339 1580 33
353 1548 521 1590 futurus
544 1550 688 1601 fuerit,
710 1549 753 1591 in
776 1564 861 1606 qua
881 1548 1032 1590 fratres
1061 1548 1261 1589 fuerunt?
1292 1546 1387 1601 quis
1418 1555 1497 1596 est,

66 1604 140 1658 qui
167 1604 318 1646 horum
351 1621 603 1648 consensum
635 1607 952 1663 conspirantem
971 1619 1014 1647 et
1036 1620 1159 1661 paene
1179 1603 1431 1653 conflatum,
1456 1604 1498 1643 in

65 1658 146 1701 hac
178 1676 311 1718 prope
341 1663 586 1719 aequalitate
616 1663 815 1716 fraterna,
843 1678 930 1704 non
960 1662 1161 1704 noverit?
1192 1661 1264 1716 qui
1296 1659 1379 1701 hoc
1409 1675 1498 1700 non

65 1718 236 1771 sentiat,
267 1720 436 1775 quidvis
470 1721 586 1776 prius
618 1721 808 1762 futurum
841 1720 986 1772 fuisse,
1016 1734 1160 1775 quam,
1191 1719 1239 1758 ut
1268 1716 1313 1758 hi
1346 1716 1496 1757 fratres

63 1773 252 1817 diversas
273 1777 505 1819 sententias
528 1777 806 1834 fortunasque
828 1779 1130 1832 sequerentur?
1161 1775 1391 1816 Voluntate
1414 1774 1494 1829 igi-
1507 1785 1538 1815 1)·
1558 1777 1623 1807 143.

65 1839 136 1872 tur
157 1848 304 1875 omnes
336 1844 478 1877 tecum
510 1833 709 1877 fuerunt:
742 1844 997 1891 tempestate
1027 1834 1229 1888 abreptus
1260 1842 1324 1872 est
1355 1845 1462 1871 unus
1483 1828 1537 1873 :³⁶

64 1888 155 1942 qui,
179 1891 212 1930 si
243 1891 422 1933 consilio
454 1891 496 1932 id
528 1892 715 1944 fecisset,
735 1902 847 1933 esset
875 1906 1023 1932 eorum
1045 1890 1208 1940 similis,
1230 1903 1337 1944 quos
1362 1897 1407 1928 tu
1431 1897 1495 1928 ta-

64 1957 165 1986 men
196 1947 333 1989 salvos
364 1962 453 1989 esse
475 1949 662 1990 voluisti.
724 1949 807 1990 Sed
838 1949 935 1989 ierit
961 1948 1013 1989 ad
1036 1947 1220 1988 bellum:
1254 1945 1556 1986 discesserit35

64 2015 152 2042 non
176 2018 200 2044 a
223 2014 264 2045 te
295 2005 447 2055 solum,
469 2019 614 2046 verum
647 2005 777 2047 etiam
808 2020 833 2046 a
862 2005 1079 2046 fratribus.
1112 2004 1154 2044 hi
1189 2012 1230 2043 te
1260 2012 1385 2043 orant
1417 2001 1495 2045 tui.

66 2057 294 2114 Equidem,
315 2077 415 2103 cum
447 2063 529 2103 tuis
559 2064 760 2104 omnibus
787 2063 973 2118 negotiis
1004 2061 1266 2110 interessem,
1290 2059 1498 2099 memoria

64 2125 206 2169 teneo,
225 2120 266 2149 34
278 2119 414 2174 qualis
436 2117 487 2159 Τ.
510 2119 705 2176 Ligarius
727 2130 916 2177 quae-stor
947 2119 1133 2160 urbanus
1165 2116 1294 2158 fuerit
1323 2130 1426 2172 erga
1458 2126 1499 2157 te

105 2255 145 2284 30
167 2255 252 2284 hunc
275 2256 490 2296 splendorem]
523 2257 618 2287 Hanc
643 2255 756 2286 multi·
800 2254 905 2286 madv.
923 2254 1000 2284 his't.
1017 2264 1047 2293 p.
1063 2257 1093 2288 7.

62 2294 211 2326 tudinem
225 2297 500 2336 amplissimorum
512 2298 697 2335 hominum,
711 2299 756 2328 sic
840 2300 881 2328 32
910 2296 950 2326 A.
981 2297 1030 2326 liis
1058 2295 1282 2326 irascebamur
1292 2310 1335 2317 --
1348 2294 1496 2325 minaba—

60 2336 158 2370 Rose.
181 2338 274 2369 Com.
300 2342 329 2370 5.
351 2341 502 2380 splendor·
527 2341 755 2371 advocationis.
799 2339 890 2379 mur]
917 2338 968 2368 Sic
991 2348 1066 2368 cum
1090 2337 1218 2368 Graevio
1234 2347 1251 2367 e
1275 2336 1339 2366 Ms.
1358 2336 1427 2366 Erf.
1441 2336 1496 2367 de-

64 2388 95 2410 v·
113 2380 202 2410 Clav.
799 2382 918 2417 dimus,
933 2380 1052 2410 omisso
1075 2380 1219 2410 maxime
1240 2384 1314 2419 post
1337 2379 1399 2414 his,
1418 2389 1494 2409 eum

104 2423 142 2452 31
167 2422 210 2453 L.
231 2422 423 2464 Corsidium]
451 2424 524 2454 Hoc
547 2433 667 2454 nomen
680 2423 754 2455 tolli
797 2423 915 2463 copula
929 2427 960 2452 et
982 2430 1059 2452 ante
1075 2424 1151 2452 hos.-
1173 2421 1275 2451 delevi
1299 2424 1332 2451 et
1355 2420 1495 2451 alteram

59 2472 103 2492 ‚ex
116 2462 178 2494 hac
191 2465 339 2496 oratione
353 2466 458 2496 voluit
480 2467 607 2503 Cicero,
625 2467 753 2497 monitu
797 2472 874 2496 ante
902 2466 950 2495 his
972 2465 1132 2495 nonnulli.
1159 2463 1263 2503 (abest
1286 2462 1336 2492 ed.
1362 2461 1431 2502 W.)
1460 2467 1495 2493 et
1525 2475 1527 2477 ·

63 2505 181 2543 Attici,
208 2507 293 2545 quod
321 2507 376 2538 ille
404 2515 477 2538 tum
502 2510 574 2548 jam
605 2514 755 2538 mortuus
798 2508 1011 2538 minabamur
1025 2506 1096 2536 dedi
1110 2515 1168 2546 pro
1184 2505 1408 2536 nzz'nabantur.

63 2546 191 2583 fuisset,
205 2558 281 2578 eum
299 2549 356 2580 illa
370 2551 477 2580 oratio
494 2551 582 2581 dicta
603 2557 700 2587 esset,
715 2551 756 2581 ad
840 2553 879 2580 33
890 2547 1174 2591 fut111·asjiterit]
1201 2547 1281 2578 Mss.
1304 2545 1435 2585 quidam
1459 2548 1495 2577 et

61 2587 312 2627 Att.xl11‚44.
355 2592 418 2622 Sed
441 2592 591 2622 videntur
608 2594 678 2632 jam
703 2593 752 2622 ni-
793 2591 868 2623 edd.
891 2592 1028 2631 sitisset,
1057 2590 1143 2630 quod
1177 2590 1299 2629 recepit
1333 2587 1492 2616 Graevius.

62 2631 124 2660 mis
139 2632 245 2662 multa
258 2633 406 2673 exempla
421 2633 608 2664 clarissimae
631 2636 752 2664 oratio-
795 2644 861 2664 non
876 2634 968 2663 bene.
1011 2632 1063 2662 Sic
1077 2642 1175 2672 supra
1190 2641 1218 2662 e.
1235 2634 1265 2662 8.
1277 2628 1494 2670 quidfacturel

62 2672 112 2701 nis
127 2672 214 2704 facta
227 2673 335 2705 fuisse.
351 2680 389 2705 ut
403 2675 436 2705 id
448 2676 519 2706 fieri
542 2686 608 2706 non
629 2683 751 2716 posset.
783 2675 937 2716 Jiceritz's,
954 2675 1108 2704 dubitem.

61 2713 98 2744 Ρ.
115 2713 286 2745 Manutius
303 2717 361 2753 ait,
376 2717 541 2748 sublatum
566 2728 645 2748 esse.
691 2719 753 2749 Sed
838 2721 879 2748 34
900 2717 1006 2757 qualis
1024 2716 1060 2746 T.
1077 2715 1251 2753 Ligarhcs,
1267 2722 1320 2753 qu.
1334 2712 1408 2742 urb.
1411 2709 1495 2750 sue-

59 2754 202 2786 habebat
224 2757 278 2787 1110
300 2759 333 2788 111
348 2759 504 2798 exemplis
525 2761 591 2789 suis
618 2760 753 2801 Cornfi-
795 2760 855 2798 rit]
889 2759 1004 2789 Soluto
1030 2758 1090 2787 tibi
1117 2756 1292 2796 stipendio,
1320 2753 1405 2793 quod
1432 2752 1494 2782 tibi

59 2798 159 2834 cium,
171 2806 205 2828 et
219 2798 251 2828 id
265 2804 314 2829 est
330 2800 363 2830 in
376 2801 528 2831 omnibus
543 2809 620 2832 ante
633 2803 753 2832 Grute-
795 2802 962 2831 decretum
993 2804 1065 2829 erat
1098 2797 1242 2828 Lentulo
1273 2802 1307 2828 et
1338 2795 1490 2836 Philippo

0 2850 1 2854 ¹
60 2849 144 2869 rum.
190 2839 302 2870 Lectio
318 2841 360 2873 L.
382 2842 558 2883 Corfidium
573 2850 622 2874 est
637 2855 654 2873 e
670 2844 750 2874 Mss.
797 2845 886 2875 Coss.
904 2854 934 2873 v.
954 2841 994 2872 ad
1010 2842 1087 2872 Dav.
1102 2840 1181 2877 vll,
1201 2842 1227 2870 l·

59 2880 129 2911 Erf.
152 2887 186 2911 et
212 2882 363 2913 Lambin.
387 2894 418 2914 v.
443 2891 478 2914 et
502 2885 650 2916 l'erizon.
675 2886 754 2916 Ani-

121 2937 226 2965 vor..
252 2939 306 2966 11.
334 2940 371 2967 1³.
398 2940 453 2967 11.
725 2934 752 2971 4
778 2940 802 2967 1-
