1812 3147
95 1879 130 1909 p.
154 1873 219 1901 155.

250 106 326 144 743
849 101 1100 139 ORATIO

251 212 549 260 corruptarum
573 204 824 246 lium-,arum
858 206 891 246 si
912 220 1031 246 veras
1054 205 1347 262 piotulissent,
1365 206 1556 247 criminis
1578 205 1687 248 nihil

252 272 364 303 erat:
398 263 429 302 si
452 261 592 313 falsis,
606 272 695 303 erat
711 277 856 318 poena.
873 263 1150 304 bellissimum
1166 272 1385 318 putarunt,
1400 263 1687 304 dicereamis·

193 326 334 359 405·ι5.
387 319 785 376 Quiescantioitur,
800 330 842 360 et
857 334 925 360 me
939 319 1077 360 hocin
1102 320 1219 361 lucro
1234 334 1406 375 poneie,
1419 331 1548 375 atque
1570 320 1686 361 aliud

253 391 379 423 wele
399 376 501 432 pati
503 386 628 417 intur
654 351 785 417 0Non
803 377 962 417 sinunt.
985 377 1156 432 supplet
1177 391 1291 417 enim
1314 377 1383 417 ille
1405 378 1550 418 nescio
1573 377 1689 432 quiS,

252 433 515 489 etpiivatim
549 433 656 474 dicit
689 448 732 473 se
764 433 945 474 dedisse.
1007 433 1106 474 Hoc
1143 448 1243 474 velo
1275 434 1374 474 f·er1i
1406 434 1523 475 nullo
1554 434 1684 475 modo

252 499 409 545 potest.
472 490 559 536 Qui
594 490 646 530 dc
682 490 837 530 tabulis
869 489 1052 545 publicis
1080 491 1232 531 recitat
1262 490 1329 540 iis,
1351 506 1448 545 quae
1483 491 1526 531 in
1558 506 1685 533 accu-

251 548 402 588 satoris
425 556 637 602 potestate
673 546 860 597 fuerunt,
896 561 980 587 non
1012 547 1140 587 debet
1173 547 1331 587 habere
1358 549 1682 590 auctoritatem:

250 604 322 645 sed
347 604 716 658 tamenjudicium
741 604 829 644 fieri
855 603 1036 653 videtur,
1061 618 1160 644 cum
1183 604 1341 644 tabulae
1362 604 1444 646 illae
1468 605 1589 660 ipsae,
1608 620 1684 647 cu-

242 660 520 716 jusquemodi
544 670 657 711 sunt,
682 661 970 716 proferuntur.
1001 675 1099 701 cum
1124 675 1223 701 vero
1240 660 1290 711 is,
1312 675 1440 715 quem
1462 676 1589 702 nemo
1612 677 1685 704 ve-

250 718 384 759 strum
419 718 528 758 vidit
559 732 788 772 umquam;
821 732 962 768 nemo,
992 718 1065 772 qui
1099 717 1290 758 mortalis
1327 728 1452 768 esset,
1490 719 1683 772 audivit;

250 785 416 816 tantum
439 775 559 825 dicit,
596 788 741 816 DEDI:
774 774 997 824 dubitatis,
1022 789 1040 829 )
1051 773 1207 824 udices,
1237 774 1341 829 quin
1364 775 1419 815 ab
1443 774 1525 816 hoc
1557 776 1682 831 igno-

249 832 414 873 tissimo
436 831 610 887 Phryge
632 831 947 872 nobilissimum
964 831 1101 872 civem
1121 831 1362 872 vindicetis.
1413 831 1558 887 Atque
1580 833 1683 875 huic

248 889 387 930 eidem
410 904 545 944 nuper
569 900 652 929 tres
674 889 838 943 equites
864 888 1049 929 Romani
1074 888 1241 928 honesti
1261 898 1304 928 et
1326 903 1492 944 graves,
1514 904 1613 930 cum
1636 891 1680 932 in

247 961 377 987 causa
406 946 568 987 liberali
587 961 699 995 eum,
718 945 791 1001 qui
807 947 1089 996 asserebatur,
1105 955 1341 1001 cognatum
1359 960 1484 986 suum
1504 961 1594 987 esse
1614 947 1681 988 dia

247 1013 376 1054 cer,et
400 1018 483 1043 non
517 1003 954 1067 c1·edide1unt.Qui
989 1002 1071 1043 hoc
1101 1003 1260 1053 evenit,
1291 1011 1353 1054 ut,
1382 1003 1454 1066 qui
1488 1003 1678 1060 locuples

248 1061 367 1100 testis
389 1060 547 1101 doloris
566 1070 609 1100 ct
631 1060 851 1116 sanguinis
872 1060 935 1100 sui
954 1074 1038 1101 non
1063 1059 1205 1111 fuerit,
1229 1060 1340 1100 idem
1367 1060 1421 1100 sit
1443 1061 1588 1116 gravis
1605 1077 1680 1103 au·-

185 1127 338 1166 41etor
377 1117 546 1172 injuriae
581 1117 792 1181 publicae?
842 1116 987 1172 Atque
1026 1117 1096 1157 hic
1128 1116 1380 1172 Dorylensis
1414 1132 1549 1173 nuper
1579 1133 1678 1160 cum

245 1174 466 1215 eflerretur
501 1189 659 1231 magna
695 1174 949 1228 frequentia,
972 1177 1010 1205 55
1022 1188 1308 1229 consessuque
1340 1184 1496 1224 vestro,
1527 1176 1678 1217 mortis

242 1231 351 1272 illius
371 1232 577 1272 invidiam
599 1233 643 1272 in
668 1232 716 1272 L.
740 1232 942 1273 Flaccum
961 1231 1119 1272 Laelius
1140 1232 1404 1273 conferebat.
1468 1231 1590 1273 Facis
1613 1233 1678 1274 in-

234 1288 367 1341 iuste,
391 1289 511 1338 Laeli,
536 1289 568 1329 si
593 1299 717 1345 putas
740 1288 931 1345 peliculo
962 1299 1110 1330 nostlo
1142 1289 1285 1330 uivere
1318 1298 1414 1329 tuos
1445 1290 1677 1331 contuber-

242 1346 376 1387 nalcs:
410 1347 647 1410 praeseitim
672 1346 787 1401 quod
820 1356 892 1386 tua
921 1345 1187 1402 neglioentia
1217 1346 1381 1387 factum
1405 1347 1675 1388 arbitremur.

241 1402 402 1443 homini
428 1418 542 1444 emm
577 1403 757 1459 Phrygi,
780 1403 852 1458 qui
886 1403 1082 1444 arborem
1113 1403 1183 1444 fici
1218 1418 1454 1458 numquam
1486 1403 1677 1456 vidisset,

243 1460 434 1501 list-inam
466 1459 645 1501 ficorum
677 1460 904 1524 objecisti:
937 1461 1060 1515 cujus
1084 1475 1197 1501 mors
1220 1469 1261 1500 te
1293 1475 1348 1501 ex
1380 1460 1522 1516 aliqua
1553 1472 1698 1517 Ρεὶιῑθ

239 1519 358 1557 nelev·
352 1519 454 1558 ivit.
487 1517 662 1558 edacem
701 1518 813 1558 enim
858 1517 1074 1573 hospitem
1117 1518 1313 1558 amisisti.
1376 1517 1531 1558 Flacco
1573 1533 1674 1560 velo

235 1575 336 1628 quid
360 1574 535 1630 pr'oluit,
557 1575 630 1638 qui
654 1574 789 1616 valuit
807 1575 986 1624 tamdiu,
1006 1575 1107 1615 dum
1129 1575 1212 1615 huc
1232 1575 1447 1630 prodiret?
1478 1585 1673 1616 mortuus

234 1641 312 1682 est,
335 1634 374 1663 56
386 1631 567 1673 aculeo
551 1646 644 1687 jam
664 1632 856 1682 dimisso,
871 1647 920 1672 ac
937 1632 1055 1673 dicto
1081 1632 1352 1675 testimonio?
1384 1631 1444 1672 At
1466 1631 1579 1673 istud
1600 1647 1674 1674 co·

237 1688 376 1729 lumen
409 1689 591 1730 actionis
625 1699 724 1740 tuae,
758 1688 1052 1740 Mithridates,
1078 1698 1372 1745 posteaquam,
1407 1689 1583 1731 biduum
1609 1704 1673 1731 re-

235 1756 378 1786 tentus
420 1746 538 1786 tcstis
579 1762 604 1786 a
642 1747 782 1797 nobis,
812 1746 979 1796 effudit,
1015 1761 1112 1801 quae
1156 1746 1305 1797 voluit,
1340 1746 1499 1797 onmia,
1530 1761 1673 1802 repre-

237 1802 407 1852 hensus,
429 1803 672 1853 convictus,
695 1803 942 1858 fractusque
956 1803 1166 1853 discessit,
1186 1803 1376 1844 ambulat
1396 1818 1494 1844 cum
1513 1803 1671 1846 lorica:

236 1861 389 1900 metuit
412 1860 541 1901 homo
563 1861 716 1901 doctus
738 1871 781 1901 et
803 1861 986 1917 sapiens,
1010 1876 1064 1902 ne
1088 1861 1135 1902 L.
1160 1860 1337 1902 Flaccus
1369 1875 1483 1901 nuuc
1514 1861 1671 1903 scelere

189 1925 276 1958 ²¹·se
299 1917 460 1972 alliget,
484 1932 581 1958 cum
608 1917 703 1972 jam
737 1927 890 1959 testem
923 1918 1041 1959 illum
1074 1917 1264 1973 effugere
1295 1932 1380 1958 non
1413 1918 1573 1973 possit:
1607 1928 1669 1970 ut,

230 1990 339 2030 qui
327 1985 425 2015 inte
455 1975 621 2015 dictum
651 1976 947 2016 testimonium
981 1976 1061 2016 sibi
1097 1975 1359 2030 temperarit,
1391 1989 1490 2015 cum
1525 1985 1669 2017 tnnen

231 2032 392 2087 aliquid
412 2033 579 2096 assequi
606 2042 762 2087 posset,
785 2032 819 2073 is
841 2047 956 2073 nunc
986 2032 1028 2073 id
1060 2042 1175 2088 agat,
1199 2041 1246 2072 ut
1276 2032 1329 2072 ad
1353 2032 1506 2073 falsum
1529 2034 1667 2073 av·a1i-

231 2089 302 2130 tiae
328 2089 820 2140 testimonium,xc1um
853 2090 984 2130 etiam
1015 2089 1215 2130 maleficii
1249 2089 1410 2131 crimen
1441 2089 1668 2145 adjungat.

228 2146 309 2186 Sed
331 2146 382 2187 de
406 2146 487 2187 hoc
510 2155 632 2198 teste,
656 2149 693 2180 >7
711 2156 890 2203 totoque
914 2147 1219 2188 Mithridatico
1250 2146 1443 2197 crimine,
1466 2146 1667 2188 disseruit

267 2325 306 2351 55
329 2332 534 2361 aymzsessuqne
555 2321 672 2361 restro]
701 2324 784 2352 Cum
810 2331 864 2351 vos
888 2322 923 2350 in

217 2364 342 2402 judicio
358 2364 525 2401 sederetis,
542 2369 574 2394 et
591 2365 689 2394 sunus
706 2364 923 2405 proetcrjudi-

224 2407 310 2436 iziuin
327 2406 511 2436 duceretur.

266 2450 306 2477 56
339 2450 450 2478 aculeo
461 2448 539 2488 jam
566 2447 709 2487 dimisso]
743 2448 830 2477 Libri
859 2458 921 2478 scr.

224 2490 332 2530 plures
360 2491 506 2525 demisso,
543 2495 580 2520 ut
610 2491 710 2519 etiam
741 2491 804 2520 Gn.
838 2491 921 2520 alius

223 2534 346 2562 emisso.
396 2533 536 2562 Dimisso
553 2532 667 2562 melius
683 2538 745 2567 est,
761 2533 793 2561 in
808 2542 871 2570 quo
886 2538 919 2563 et

222 2575 353 2604 :unissio
370 2575 464 2604 inest.
510 2575 587 2604 Post
611 2574 694 2603 edidi
718 2574 761 2603 At
785 2584 841 2613 pro
863 2574 918 2611 Cr,

223 2617 308 2655 quod
319 2628 335 2646 ιι
348 2617 478 2647 Crateri
493 2617 581 2647 libris
592 2622 660 2651 cst3
678 2616 820 2645 alii-num
836 2617 875 2646 ab
886 2617 917 2647 h.

223 2659 243 2688 l.
260 2661 304 2688 sis·
319 2666 351 2688 vt
368 2659 514 2689 Granius
538 2659 625 2689 fecit.
655 2658 805 2687 Colamcn
821 2661 920 2688 (setin-

221 2702 271 2730 uis
293 2706 366 2730 lucr.
414 2701 553 2731 Ursinus
577 2702 608 2731 in
638 2700 700 2730 Ms.
729 2700 834 2730 Vatic.
857 2711 920 2739 quo

220 2753 296 2772 usus
311 2749 381 2773 orat
394 2743 551 2779 Faernus,
564 2753 632 2773 esse
645 2742 727 2772 dixit
741 2744 920 2772 ‘recusatio-

219 2786 281 2821 711'5,
293 2785 376 2823 quod
391 2786 419 2815 ei
437 2785 605 2815 ridebatur
618 2785 751 2814 nulius:
776 2792 810 2813 et
819 2785 918 2814 ‹zelio-

218 2828 268 2857 m's
283 2832 391 2867 potest
407 2838 423 2858 e
439 2828 632 2869 compendio
649 2832 766 2857 natum
783 2836 864 2865 esse,
879 2831 917 2857 ut

966 2321 999 2350 in
1025 2321 1180 2361 Epitoma
1208 2320 1346 2350 Lixiana
1376 2320 1414 2350 L.
1442 2319 1519 2351 VH.
1555 2321 1609 2351 ubi
1635 2332 1665 2351 v,

966 2363 1135 2393 Drakvnb.
1180 2363 1292 2393 Potest
1309 2363 1438 2401 quidem
1454 2369 1487 2392 et
1504 2364 1668 2393 accusatio

966 2416 1034 2436 esse
1045 2405 1152 2444 glossa
1163 2406 1314 2435 actionis.-
1331 2404 1385 2434 sed
1400 2410 1513 2434 tamen
1530 2415 1664 2435 aci-usa-

966 2449 1010 2477 tio
1024 2448 1132 2487 aptior
1145 2448 1311 2481 cacumini,
1327 2457 1423 2485 quam
1437 2448 1530 2476 actio.
1567 2448 1664 2477 Simi-

966 2489 1030 2519 lem
1049 2490 1156 2520 locum
1182 2489 1391 2519 meminimus
1409 2498 1475 2518 csse
1499 2488 1584 2528 apud
1606 2498 1664 2518 no-

964 2537 1083 2568 strum,
1098 2531 1152 2561 ubi
1168 2531 1284 2570 aliquis
1303 2541 1360 2571 per
1382 2532 1562 2561 irrisionem
1585 2530 1662 2561 dici-

963 2581 1018 2604 tur
1044 2579 1144 2604 lolam
1169 2575 1406 2604 accusationem
1433 2573 1575 2603 humeris
1598 2575 1664 2603 suis

962 2618 1130 2647 sustinere.

1014 2661 1052 2693 57
1089 2663 1212 2697 totoque
1247 2657 1474 2688 Mithridatico
1509 2657 1660 2696 crimine]

963 2700 1040 2730 Non
1056 2700 1201 2730 dubitari
1218 2699 1335 2729 addere
1357 2700 1505 2731 mimine,
1520 2698 1605 2738 quod
1628 2700 1661 2729 iu

965 2744 1044 2774 Mss.
1075 2752 1220 2782 reperere
1248 2742 1391 2772 Faernus
1426 2748 1460 2771 ot
1488 2741 1603 2771 Lainb.
1628 2743 1662 2771 in

961 2785 1033 2815 aliis
1061 2784 1192 2815 excidit.
1230 2794 1305 2814 nain
1336 2783 1470 2822 vulgata
1500 2784 1569 2813 sinc
1600 2784 1662 2813 hoc

962 2827 1058 2858 verbo
1075 2827 1204 2858 nullum
1217 2835 1348 2858 sensum
1373 2826 1482 2856 habet.
1513 2826 1661 2856 Graevius
