1812 3147
450 91 558 129 PRO
584 89 743 128 DOMO
770 91 872 129 SUA
897 91 972 128 AD
999 92 1202 130 PONTIF.
1468 97 1542 130 333

157 208 231 232 esse
249 197 382 237 debuit,
401 195 502 242 apud
518 196 614 242 ipsos
633 195 828 244 Pontifices
845 196 1026 232 dicuntur.
1079 197 1140 231 Ad
1160 208 1314 243 augures
1328 202 1461 239 autem,
1479 201 1541 245 qui

158 249 325 291 aderant,
346 249 390 284 de
413 248 557 282 curiata
582 247 659 295 lege
677 248 853 296 disputat,
872 259 945 295 qua
965 247 1111 283 Clodius
1128 253 1180 283 est
1207 250 1412 296 adoptatus.
1467 251 1521 285 N
1527 275 1541 279 -

149 299 231 348 fas,
251 301 381 348 inquit,
400 303 466 340 est,
485 300 548 345 agi
567 311 618 334 cu.
615 312 645 334 ιι
670 301 819 348 populo,
845 311 922 335 cum
943 301 986 335 de
1014 300 1099 335 caeto
1116 305 1304 336 seri-:atur
1334 306 1372 336 ut
1393 314 1462 348 quo
1482 305 1558 339 die*

156 353 234 388 lata
252 353 308 388 lev
326 356 391 393 est,
412 350 563 387 Bibulus
582 352 706 387 consul
737 353 781 387 de
809 352 894 387 caelo
920 353 1101 388 servavit.-
1130 356 1216 387 rata
1247 354 1359 400 igitur
1378 365 1450 388 esse
1466 366 1538 390 uon

153 408 299 451 potest:
327 405 454 452 quodsi
484 408 569 439 rata
598 416 670 439 non
697 409 763 446 est,
783 406 845 451 qui
871 405 994 452 potuit
1028 404 1186 445 Clodius,
1216 409 1342 439 contra
1375 408 1539 453 auspicia

155 457 366 505 adoptatus,
387 456 550 491 tribunus
567 456 617 503 pl.
637 468 710 491 esse
724 458 744 492 ,9
771 457 922 492 Accedit
940 457 988 491 acl
1006 457 1258 503 irfirmundam
1289 459 1466 492 curiatum
1488 459 1536 493 le-

155 519 239 556 gem
257 509 375 544 altera
394 509 501 544 ratio.
559 509 656 550 Quid
672 513 837 544 servatur
854 507 1064 557 inserendis
1081 508 1244 555 legibus?
1273 510 1537 552 trinundinzmz,

159 560 198 596 id
214 565 280 603 est,
300 565 338 596 ut
355 560 602 608 promulgata.
618 561 674 596 tex
688 573 756 609 per
785 565 856 596 tres
884 562 1076 603 nundinas,
1096 565 1291 608 antequam
1314 560 1537 608 perferatur,

154 613 291 661 populo
308 617 446 660 pateat.
466 613 562 659 quod
577 614 750 661 spatium,
770 617 913 649 tantum
930 613 1040 654 abest,
1060 617 1099 648 ut
1117 617 1297 648 servatum
1315 615 1377 655 sit,
1397 618 1437 649 ut
1460 626 1539 651 earn

155 666 269 713 legem
286 666 404 702 Cacsar
422 665 545 701 consul
561 667 621 701 viz·
629 676 696 714 per
711 669 782 701 tres
796 665 904 701 horas
917 667 1189 713 promulgatam
1205 666 1410 713 pertulerit.
1454 667 1539 702 Ter-

158 718 214 754 tia
242 729 345 766 pars,
364 718 421 753 vel
442 719 473 753 si
503 717 666 753 tribunus
692 717 746 765 pl.
768 722 802 753 et
827 729 894 765 per
921 719 1085 765 auspiciu
1112 722 1147 753 et
1174 728 1240 763 per
1267 718 1361 765 leges
1391 718 1538 755 Clodius

155 781 229 808 esse
248 771 421 818 pot-uerit,
441 771 538 817 quod
553 773 746 817 utrumque
766 769 850 816 jam
877 774 1047 817 negatum
1076 774 1139 812 est,
1160 770 1204 805 ab
1227 782 1268 805 eo
1287 774 1405 806 tamen
1426 771 1539 818 legem

155 823 371 859 ‘nominatim
390 823 434 858 de
451 823 570 870 capite
587 823 674 858 civis
692 823 892 858 indemnati
899 821 1000 871 ferri
1019 834 1090 857 non
1113 823 1286 870 potuisse,
1303 823 1538 860 demonstra5.

157 876 196 912 id
212 876 308 911 enim
333 875 567 923 prizilegium
599 879 675 910 est:
705 875 801 922 quod
827 879 980 910 sacratce
1009 875 1101 917 levis
1119 879 1154 910 et
1171 886 1233 910 ΧΠ
1254 875 1385 910 tabulae
1401 880 1537 914 vetant.

158 928 215 964 Ne
196 939 285 975 eque
301 939 384 964 vero
404 927 468 963 hoc
497 932 640 962 tantum
658 931 785 963 contra
804 927 909 974 leges,
927 927 990 962 sed
1018 926 1110 962 illud
1137 928 1261 969 etiam,
1290 929 1386 974 quod
1404 929 1448 963 de
1464 927 1539 974 ejus

158 979 523 1030 cupitefortunisque
540 979 714 1021 omnibus,
734 981 797 1028 qui
824 991 937 1027 neque
963 977 1216 1024 adessejussus
1243 984 1336 1020 erat,
1356 992 1470 1028 neque
1487 984 1538 1017 ci-

159 1037 270 1074 tatus,
288 1044 402 1080 neque
420 1036 620 1074 accusatus,
641 1031 754 1078 legem
781 1032 886 1067 illam
917 1031 1063 1067 Clodius
1082 1032 1195 1067 tulit:
1224 1044 1301 1068 cum
1312 1030 1457 1078 judicia
1472 1047 1539 1082 po-

153 1085 235 1133 puli
269 1087 323 1121 ita
353 1085 542 1120 'moderata
571 1088 685 1120 essent
714 1096 737 1119 a
767 1082 964 1130 majoribus
991 1085 1200 1126 constituta,
1227 1085 1398 1132 primum,
1429 1091 1469 1121 ut
1496 1099 1541 1122 ne

153 1149 260 1186 poena
277 1138 407 1184 capitis
424 1149 503 1172 cum
518 1137 673 1185 pecunia
691 1135 993 1184 conjungeretur:
1022 1137 1162 1178 deinde,
1190 1148 1246 1178 ne,
1274 1138 1344 1172 nisi
1371 1139 1540 1185 prodicta

156 1190 228 1233 die,
248 1191 327 1238 quis
351 1194 599 1226 accusaretur:
630 1193 717 1228 tum,
749 1193 791 1224 ut
820 1193 906 1225 ante
935 1190 1172 1235 ‘magistratus
1203 1194 1401 1231 accusaret,
1428 1192 1538 1227 inter-

157 1244 268 1278 missa
292 1243 362 1283 die,
389 1254 498 1290 quum
528 1242 681 1277 multam
722 1243 917 1289 irrogaret,
948 1245 1014 1277 aut
1034 1239 1245 1286 judicaret:
1272 1247 1465 1289 postremo,
1498 1249 1549 1280 ut·

155 1300 245 1332 esset
263 1297 446 1330 accusatio
475 1296 608 1330 trinum
637 1295 849 1334 vetustinum,
866 1295 906 1330 id
923 1297 988 1336 est,
1008 1294 1051 1329 ab
1070 1305 1109 1328 eo
1129 1295 1198 1335 die,
1218 1306 1288 1342 quo
1307 1296 1386 1342 quis
1409 1297 1458 1331 ad
1471 1308 1539 1344 po·

153 1347 281 1395 pulum
299 1348 461 1382 accusari
486 1351 618 1395 caeptus
648 1351 748 1387 esset,
768 1347 817 1382 ad
835 1347 931 1382 diem
947 1344 1084 1392 judicii
1105 1348 1210 1392 trina?
1234 1348 1402 1383 nundince
1426 1350 1535 1384 inter-

158 1400 336 1442 cederent,
365 1400 534 1447 prodictu
566 1400 634 1438 dic,
656 1410 727 1446 qua
760 1397 1014 1445 die-judicium
1044 1403 1132 1434 esset
1150 1398 1350 1447 futurum:
1390 1411 1540 1449 eamque

158 1453 253 1489 diem
269 1453 301 1488 si
319 1463 391 1499 qua
409 1463 465 1486 res
492 1452 663 1500 auspiciis
689 1456 754 1487 aut
772 1453 1000 1488 excusatione
1027 1451 1241 1492 sustulisset,
1259 1456 1338 1487 tota
1356 1464 1465 1488 causa
1473 1452 1537 1499 ju-

159 1505 362 1552 diciumque
379 1503 576 1541 tolleretur.
627 1503 704 1539 Nec
719 1504 826 1539 verba
844 1505 932 1552 legis
948 1504 1039 1539 vitio
1054 1508 1178 1539 carent
1189 1519 1202 1539 .·
1229 1508 1315 1539 sunt
1328 1506 1422 1540 enim>
1437 1505 1510 1542 ha’c
1524 1523 1537 1542 .-

158 1556 192 1591 V
192 1557 303 1599 elitis,
315 1555 494 1603 jubeatis,
513 1561 588 1592 ut
574 1554 629 1591 M.
647 1554 681 1591 T
684 1556 775 1592 ullio
792 1568 890 1606 aqua
903 1562 943 1592 et
960 1556 1044 1605 igni
1066 1555 1314 1592 interdictum
1331 1557 1390 1593 sit.
1448 1558 1537 1594 Cum

146 1609 249 1660 ferri
274 1609 446 1649 debuerit,
471 1613 516 1644 ut
543 1607 804 1649 intexdicatur,
834 1621 919 1651 non,
937 1615 983 1645 ut
1000 1608 1249 1644 interdictum
1275 1609 1334 1644 sit.
1361 1612 1538 1657 quomodo

156 1674 213 1698 en.
218 1674 263 1703 m,
280 1659 533 1709 quodfacturn
560 1672 630 1696 non
648 1666 712 1703 est,
735 1662 771 1696 id
790 1665 828 1697 ut
854 1660 1073 1711 sztfactum,
1083 1660 1184 1710 ferri
1202 1661 1250 1696 ad
1264 1663 1453 1709 populum,
1474 1668 1541 1699 aut

156 1714 272 1750 verbis
287 1713 355 1749 ull:
347 1724 374 1748 s
400 1715 547 1755 sanciri,
576 1717 640 1749 aut
662 1714 848 1763 suffragiis
867 1714 1073 1764 confi1mari
1087 1718 1229 1761 potest
1225 1715 1245 1742 9
1272 1713 1467 1751 Peccatum
1486 1720 1539 1751 est

157 1768 272 1814 igitur
290 1766 464 1815 informa
493 1766 583 1812 legis
597 1782 609 1802 .·
639 1768 727 1813 quid
746 1768 782 1803 in
799 1768 877 1815 ipsa
903 1767 1092 1802 veritate?
1119 1778 1190 1802 non
1209 1768 1334 1802 minus.
1361 1769 1537 1815 scriptum

157 1823 211 1854 est
223 1821 338 1855 enim:
377 1817 491 1856 Quod
509 1818 564 1854 M.
580 1818 729 1856 Tunius
754 1819 891 1857 falsum
919 1819 955 1855 S.
980 1819 1022 1854 C.
1042 1819 1231 1855 retulerit:
1273 1820 1336 1866 qui
1351 1821 1383 1855 si
1391 1819 1538 1868 falsum

156 1871 296 1914 retulit,
310 1874 406 1907 recte
420 1871 559 1918 scripta
577 1871 632 1906 lex
646 1876 721 1908 est:
749 1874 782 1907 si
796 1884 930 1915 verum,
949 1872 1053 1907 nulla
1070 1876 1132 1908 est.
1151 1884 1274 1908 verum
1292 1875 1414 1907 autem
1440 1877 1538 1908 retu-

158 1924 253 1966 lisse,
271 1935 335 1959 nec
353 1925 467 1971 ips-um
482 1935 551 1970 pro
568 1935 633 1959 suo
648 1925 811 1972 imperio,
829 1926 892 1961 sed
906 1929 1051 1960 senatus
1060 1923 1166 1970 jussu
1187 1927 1223 1960 in
1240 1922 1445 1970 conjuratos
1459 1927 1539 1961 ani-

157 1977 400 2018 madvertisse,
421 1980 565 2011 senatus
578 1978 664 2023 ipse,
684 1989 764 2012 cuni
790 1989 868 2013 eum
885 1979 1059 2019 restituit,
1078 1978 1264 2013 indicavit.
1311 1976 1404 2012 Sunt
1423 1979 1544 2025 igitur

158 2028 233 2065 haec
248 2030 287 2064 in
305 2028 382 2076 lege
408 2029 513 2070 vitia,
527 2030 688 2076 primum
715 2031 812 2076 quod
830 2031 909 2066 lata
935 2031 1151 2065 nominatim
1168 2034 1222 2065 est
1249 2031 1292 2066 de
1319 2031 1439 2078 capite
1454 2031 1540 2066 civis

158 2083 380 2118 indemnati:
408 2080 576 2122 alterum,
601 2083 697 2128 quod
726 2084 906 2130 imperite,
936 2087 978 2118 ut
1007 2083 1241 2117 interdictum
1264 2086 1354 2117 esset
1380 2095 1478 2129 aqua
1505 2087 1541 2118 et

157 2135 249 2182 igni,
269 2135 327 2170 cui
345 2134 501 2169 nondum
531 2135 761 2170 interdictum
790 2140 902 2171 esset:
933 2136 1090 2174 tertium,
1113 2135 1209 2182 quod
1235 2135 1344 2170 simul
1363 2135 1405 2170 de
1421 2136 1539 2182 pluri-

157 2188 221 2223 bus
238 2187 361 2223 rebus:
390 2189 573 2234 quartum,
594 2188 690 2233 quod
707 2200 773 2235 per
792 2190 874 2223 vim.
907 2187 952 2222 Id
971 2188 1066 2234 quod
1080 2187 1256 2222 Lentulus
1275 2187 1397 2222 consul
1413 2189 1448 2222 in
1464 2188 1541 2234 lege

157 2241 264 2282 vidit,
284 2251 393 2288 quam
412 2239 463 2283 vdc
483 2238 662 2274 Ciceronis
687 2241 805 2276 reditu
832 2240 945 2276 tulit:
973 2251 1045 2274 non
1063 2241 1157 2275 enim
1177 2240 1276 2281 tulit,
1295 2245 1339 2275 ut
1357 2240 1393 2274 ci
1410 2240 1540 2275 venire

158 2291 326 2329 Romam
355 2292 498 2332 liceret,
516 2291 579 2326 sed
595 2297 641 2326 ut
657 2292 814 2328 veniret.
871 2292 1013 2333 Quarta
1036 2304 1125 2339 pars
1146 2291 1266 2327 Clodii
1292 2292 1538 2333 maledictum,

161 2345 328 2386 exsulem,
361 2346 417 2384 350.
463 2342 667 2379 Ciceronem
701 2345 935 2393 appellantis,
965 2343 1104 2393 refellit
1149 2344 1286 2380 duabus
1323 2346 1451 2384 causis,
1485 2344 1542 2380 vel

159 2399 256 2445 quod
285 2408 327 2432 er
342 2400 501 2444 peccato,
523 2396 577 2431 vel
605 2397 701 2444 quod
728 2409 770 2433 ea:
803 2399 1035 2433 damnatione
1064 2397 1234 2433 subeatur
1261 2397 1374 2432 exulis
1402 2408 1540 2433 nomen.

161 2450 333 2486 Peccasse
350 2461 417 2490 me,
436 2449 569 2494 inquit,
588 2454 722 2497 negant
750 2462 893 2486 omnes:
923 2451 1058 2497 optime
1077 2450 1119 2485 de
1133 2450 1261 2496 patria
1291 2450 1467 2487 meritum,
1488 2460 1542 2483 se-

140 2502 277 2543 natus,
297 2503 469 2550 equestris
501 2502 648 2541 ordinis,
668 2503 878 2542 scribarum,
905 2503 1020 2550 plebis
1050 2502 1208 2543 urbanoe,
1229 2502 1266 2536 id
1294 2505 1359 2542 est,
1379 2512 1541 2548 pagano-

160 2567 253 2597 rum,
272 2559 306 2591 et
331 2558 594 2596 montanorum,
621 2555 773 2602 denique
800 2557 912 2591 etiam
942 2555 1233 2601 municipiorum,
1253 2553 1489 2593 coloniarum,
1509 2558 1544 2588 et

162 2609 272 2643 totius
302 2607 422 2643 Italiae
449 2608 492 2642 de
524 2619 598 2642 meo
627 2608 748 2642 reditu
777 2609 920 2644 decreta
948 2607 1147 2642 declarant.
1204 2606 1247 2641 In
1272 2604 1432 2653 ferenda
1463 2617 1543 2639 cero

161 2659 249 2707 lege,
269 2671 347 2707 qua>
364 2659 550 2695 celebritas
569 2671 738 2706 umquam
759 2659 874 2706 major
900 2660 1027 2707 populi
1055 2658 1227 2699 Romani,
1247 2661 1403 2704 quantus
1430 2658 1546 2692 omnis

158 2714 298 2759 generis
322 2712 517 2754 hominum,
545 2716 705 2754 aetatum,
725 2714 962 2760 ordinumque
983 2711 1152 2758 splendor
1170 2712 1190 2745 Γ)
1237 2709 1342 2750 Quod
1370 2709 1417 2743 ud
1443 2709 1546 2743 ‹Iam-

162 2766 342 2800 nationem
375 2766 518 2804 attinet,
549 2763 648 2800 easul
676 2777 746 2800 non
761 2777 851 2800 sum.
882 2765 1109 2799 indemnatus
1137 2763 1229 2797 enim
1261 2762 1416 2796 discessi
1445 2772 1545 2795 nemo

164 2827 220 2852 me
237 2817 314 2853 ulla
336 2827 505 2864 umquam
533 2817 609 2864 lege
631 2818 884 2866 interrogavit,
904 2827 1005 2852 nemo
1023 2815 1234 2864 postulavit,
1255 2824 1356 2848 nemo
1381 2813 1450 2848 ‹lie-¹
1454 2825 1473 2847 :z
1494 2813 1549 2848 di—
