<?xml version="1.0" encoding="UTF-8"?>
<!DOCTYPE html PUBLIC "-//W3C//DTD XHTML 1.0 Transitional//EN"
    "http://www.w3.org/TR/xhtml1/DTD/xhtml1-transitional.dtd">
<html xmlns="http://www.w3.org/1999/xhtml" xml:lang="en" lang="en">
 <head>
  <title>
</title>
<meta http-equiv="Content-Type" content="text/html;charset=utf-8" />
  <meta name='ocr-system' content='tesseract 3.04.00' />
  <meta name='ocr-capabilities' content='ocr_page ocr_carea ocr_par ocr_line ocrx_word'/>
</head>
<body>
  <div class='ocr_page' id='page_1' title='image "./p2operaomnia02ciceuoft_0383.png"; bbox 0 0 1817 3169; ppageno 0'>
   <div class='ocr_carea' id='block_1_1' title="bbox 408 111 1183 160">
    <p class='ocr_par' dir='ltr' id='par_1_1' title="bbox 408 111 1183 160">
     <span class='ocr_line' id='line_1_1' title="bbox 408 111 1183 160; baseline -0.001 0"><span class='ocrx_word' id='word_1_1' title='bbox 408 122 526 160; x_wconf 87' lang='lat' dir='ltr'>PRO</span> <span class='ocrx_word' id='word_1_2' title='bbox 553 121 598 160; x_wconf 88' lang='lat' dir='ltr'>L.</span> <span class='ocrx_word' id='word_1_3' title='bbox 627 111 941 159; x_wconf 76' lang='lat' dir='ltr'>CORNELIO</span> <span class='ocrx_word' id='word_1_4' title='bbox 967 121 1183 159; x_wconf 81' lang='lat' dir='ltr'><strong>BALBO.</strong></span> 
     </span>
    </p>
   </div>
   <div class='ocr_carea' id='block_1_2' title="bbox 1420 108 1520 160">
    <p class='ocr_par' dir='ltr' id='par_1_2' title="bbox 1420 108 1520 160">
     <span class='ocr_line' id='line_1_2' title="bbox 1420 108 1520 160; baseline 0.01 -1"><span class='ocrx_word' id='word_1_5' title='bbox 1420 108 1520 160; x_wconf 75' lang='lat'>109&#39;9</span> 
     </span>
    </p>
   </div>
   <div class='ocr_carea' id='block_1_3' title="bbox 74 218 1606 628">
    <p class='ocr_par' dir='ltr' id='par_1_3' title="bbox 74 218 1606 628">
     <span class='ocr_line' id='line_1_3' title="bbox 74 218 1606 278; baseline -0.003 -6"><span class='ocrx_word' id='word_1_6' title='bbox 74 229 184 272; x_wconf 88' lang='lat' dir='ltr'>blice</span> <span class='ocrx_word' id='word_1_7' title='bbox 206 225 354 268; x_wconf 85' lang='lat' dir='ltr'>donari</span> <span class='ocrx_word' id='word_1_8' title='bbox 379 225 587 266; x_wconf 85' lang='lat' dir='ltr'>videmus.</span> <span class='ocrx_word' id='word_1_9' title='bbox 639 224 767 265; x_wconf 86' lang='lat' dir='ltr'>Hanc</span> <span class='ocrx_word' id='word_1_10' title='bbox 790 234 834 264; x_wconf 91' lang='lat' dir='ltr'>tu</span> <span class='ocrx_word' id='word_1_11' title='bbox 860 223 1007 278; x_wconf 79' lang='lat' dir='ltr'>igitur,</span> <span class='ocrx_word' id='word_1_12' title='bbox 1027 234 1207 278; x_wconf 81' lang='lat' dir='ltr'>patrone</span> <span class='ocrx_word' id='word_1_13' title='bbox 1230 221 1445 265; x_wconf 76' lang='lat' dir='ltr'>foederum</span> <span class='ocrx_word' id='word_1_14' title='bbox 1469 238 1519 264; x_wconf 89' lang='lat' dir='ltr'>ac</span> <span class='ocrx_word' id='word_1_15' title='bbox 1538 218 1606 267; x_wconf 85' lang='lat'>10</span> 
     </span>
     <span class='ocr_line' id='line_1_4' title="bbox 75 280 1582 332; baseline -0.005 -4"><span class='ocrx_word' id='word_1_16' title='bbox 75 286 400 332; x_wconf 78' lang='lat' dir='ltr'>foederatorum,</span> <span class='ocrx_word' id='word_1_17' title='bbox 432 282 725 328; x_wconf 78' lang='lat' dir='ltr'>conditionem</span> <span class='ocrx_word' id='word_1_18' title='bbox 758 282 909 322; x_wconf 79' lang='lat' dir='ltr'>statuis</span> <span class='ocrx_word' id='word_1_19' title='bbox 943 280 1188 331; x_wconf 77' lang='lat' dir='ltr'>Gaditanis,</span> <span class='ocrx_word' id='word_1_20' title='bbox 1222 281 1304 320; x_wconf 84' lang='lat' dir='ltr'>tuis</span> <span class='ocrx_word' id='word_1_21' title='bbox 1336 283 1582 332; x_wconf 70' lang='lat' dir='ltr'>civibus,‘25</span> 
     </span>
     <span class='ocr_line' id='line_1_5' title="bbox 74 338 1520 398; baseline -0.005 -13"><span class='ocrx_word' id='word_1_22' title='bbox 74 353 136 394; x_wconf 86' lang='lat' dir='ltr'>ut,</span> <span class='ocrx_word' id='word_1_23' title='bbox 157 341 271 398; x_wconf 85' lang='lat' dir='ltr'>qnod</span> <span class='ocrx_word' id='word_1_24' title='bbox 305 341 370 390; x_wconf 82' lang='lat' dir='ltr'>iis,</span> <span class='ocrx_word' id='word_1_25' title='bbox 394 354 501 394; x_wconf 85' lang='lat' dir='ltr'>quos</span> <span class='ocrx_word' id='word_1_26' title='bbox 529 338 759 379; x_wconf 81' lang='lat' dir='ltr'>Gaditanis</span> <span class='ocrx_word' id='word_1_27' title='bbox 791 338 1062 392; x_wconf 76' lang='lat' dir='ltr'>adjutoribus</span> <span class='ocrx_word' id='word_1_28' title='bbox 1095 338 1223 377; x_wconf 87' lang='lat' dir='ltr'>armis</span> <span class='ocrx_word' id='word_1_29' title='bbox 1255 339 1520 393; x_wconf 72' lang='lat' dir='ltr'>subegimus,</span> 
     </span>
     <span class='ocr_line' id='line_1_6' title="bbox 75 394 1521 455; baseline -0.003 -14"><span class='ocrx_word' id='word_1_30' title='bbox 75 409 201 455; x_wconf 85' lang='lat' dir='ltr'>atque</span> <span class='ocrx_word' id='word_1_31' title='bbox 242 399 284 438; x_wconf 89' lang='lat' dir='ltr'>in</span> <span class='ocrx_word' id='word_1_32' title='bbox 323 397 531 437; x_wconf 77' lang='lat' dir='ltr'>ditionem</span> <span class='ocrx_word' id='word_1_33' title='bbox 567 407 756 436; x_wconf 86' lang='lat' dir='ltr'>nostram</span> <span class='ocrx_word' id='word_1_34' title='bbox 796 395 1053 450; x_wconf 78' lang='lat' dir='ltr'>redegimus,</span> <span class='ocrx_word' id='word_1_35' title='bbox 1087 394 1228 443; x_wconf 88' lang='lat' dir='ltr'>liceat,</span> <span class='ocrx_word' id='word_1_36' title='bbox 1263 394 1295 433; x_wconf 86' lang='lat' dir='ltr'>si</span> <span class='ocrx_word' id='word_1_37' title='bbox 1339 395 1521 449; x_wconf 81' lang='lat' dir='ltr'>popuius</span> 
     </span>
     <span class='ocr_line' id='line_1_7' title="bbox 78 450 1523 509; baseline -0.005 -11"><span class='ocrx_word' id='word_1_38' title='bbox 78 457 299 498; x_wconf 84' lang='lat' dir='ltr'>Romanus</span> <span class='ocrx_word' id='word_1_39' title='bbox 323 454 579 509; x_wconf 79' lang='lat' dir='ltr'>permiserit,</span> <span class='ocrx_word' id='word_1_40' title='bbox 600 463 646 494; x_wconf 90' lang='lat' dir='ltr'>ut</span> <span class='ocrx_word' id='word_1_41' title='bbox 668 454 721 493; x_wconf 81' lang='lat' dir='ltr'>ab</span> <span class='ocrx_word' id='word_1_42' title='bbox 741 462 904 502; x_wconf 81' lang='lat' dir='ltr'>senatu,</span> <span class='ocrx_word' id='word_1_43' title='bbox 923 454 976 492; x_wconf 83' lang='lat' dir='ltr'>ab</span> <span class='ocrx_word' id='word_1_44' title='bbox 998 450 1328 507; x_wconf 84' lang='lat' dir='ltr'>imperatoribus</span> <span class='ocrx_word' id='word_1_45' title='bbox 1353 453 1523 501; x_wconf 84' lang='lat' dir='ltr'>nostris,</span> 
     </span>
     <span class='ocr_line' id='line_1_8' title="bbox 76 508 1525 564; baseline -0.005 -9"><span class='ocrx_word' id='word_1_46' title='bbox 76 513 251 555; x_wconf 87' lang='lat' dir='ltr'>civitate</span> <span class='ocrx_word' id='word_1_47' title='bbox 284 511 522 551; x_wconf 70' lang='lat' dir='ltr'>donentur:</span> <span class='ocrx_word' id='word_1_48' title='bbox 557 510 598 551; x_wconf 91' lang='lat' dir='ltr'>id</span> <span class='ocrx_word' id='word_1_49' title='bbox 633 525 684 551; x_wconf 87' lang='lat' dir='ltr'>ne</span> <span class='ocrx_word' id='word_1_50' title='bbox 719 510 845 550; x_wconf 84' lang='lat' dir='ltr'>liceat</span> <span class='ocrx_word' id='word_1_51' title='bbox 881 509 1011 564; x_wconf 85' lang='lat' dir='ltr'>ipsis?</span> <span class='ocrx_word' id='word_1_52' title='bbox 1044 510 1114 564; x_wconf 86' lang='lat' dir='ltr'>qui</span> <span class='ocrx_word' id='word_1_53' title='bbox 1153 511 1185 549; x_wconf 85' lang='lat' dir='ltr'>si</span> <span class='ocrx_word' id='word_1_54' title='bbox 1221 508 1306 548; x_wconf 87' lang='lat' dir='ltr'>suis</span> <span class='ocrx_word' id='word_1_55' title='bbox 1343 509 1525 549; x_wconf 78' lang='lat' dir='ltr'>decretis</span> 
     </span>
     <span class='ocr_line' id='line_1_9' title="bbox 77 565 1527 628; baseline -0.005 -16"><span class='ocrx_word' id='word_1_56' title='bbox 77 570 299 626; x_wconf 86' lang='lat' dir='ltr'>legibusve</span> <span class='ocrx_word' id='word_1_57' title='bbox 322 569 580 618; x_wconf 77' lang='lat' dir='ltr'>sanxissent,</span> <span class='ocrx_word' id='word_1_58' title='bbox 605 582 656 608; x_wconf 91' lang='lat' dir='ltr'>ne</span> <span class='ocrx_word' id='word_1_59' title='bbox 678 567 772 622; x_wconf 84' lang='lat' dir='ltr'>quis</span> <span class='ocrx_word' id='word_1_60' title='bbox 796 581 969 608; x_wconf 89' lang='lat' dir='ltr'>suorum</span> <span class='ocrx_word' id='word_1_61' title='bbox 994 567 1154 607; x_wconf 86' lang='lat' dir='ltr'>civium</span> <span class='ocrx_word' id='word_1_62' title='bbox 1178 576 1317 607; x_wconf 82' lang='lat' dir='ltr'>castra</span> <span class='ocrx_word' id='word_1_63' title='bbox 1343 565 1527 628; x_wconf 78' lang='lat' dir='ltr'>impera-</span> 
     </span>
    </p>
   </div>
   <div class='ocr_carea' id='block_1_4' title="bbox 79 625 808 681">
    <p class='ocr_par' dir='ltr' id='par_1_4' title="bbox 79 625 808 681">
     <span class='ocr_line' id='line_1_10' title="bbox 79 625 808 681; baseline -0.005 -13"><span class='ocrx_word' id='word_1_64' title='bbox 79 636 220 668; x_wconf 88' lang='lat' dir='ltr'>torum</span> <span class='ocrx_word' id='word_1_65' title='bbox 255 626 401 681; x_wconf 84' lang='lat' dir='ltr'>populi</span> <span class='ocrx_word' id='word_1_66' title='bbox 433 625 621 665; x_wconf 79' lang='lat' dir='ltr'>Romani</span> <span class='ocrx_word' id='word_1_67' title='bbox 657 626 808 675; x_wconf 85' lang='lat' dir='ltr'>imret;</span> 
     </span>
    </p>
   </div>
   <div class='ocr_carea' id='block_1_5' title="bbox 841 624 1527 679">
    <p class='ocr_par' dir='ltr' id='par_1_5' title="bbox 841 624 1527 679">
     <span class='ocr_line' id='line_1_11' title="bbox 841 624 1527 679; baseline -0.006 -15"><span class='ocrx_word' id='word_1_68' title='bbox 841 638 892 664; x_wconf 92' lang='lat' dir='ltr'>ne</span> <span class='ocrx_word' id='word_1_69' title='bbox 915 624 1010 678; x_wconf 87' lang='lat' dir='ltr'>quis</span> <span class='ocrx_word' id='word_1_70' title='bbox 1043 638 1086 664; x_wconf 90' lang='lat' dir='ltr'>se</span> <span class='ocrx_word' id='word_1_71' title='bbox 1120 637 1195 679; x_wconf 88' lang='lat' dir='ltr'>pro</span> <span class='ocrx_word' id='word_1_72' title='bbox 1219 633 1365 662; x_wconf 86' lang='lat' dir='ltr'>nostro</span> <span class='ocrx_word' id='word_1_73' title='bbox 1390 636 1527 677; x_wconf 81' lang='lat' dir='ltr'>impe-</span> 
     </span>
    </p>
   </div>
   <div class='ocr_carea' id='block_1_6' title="bbox 78 677 1581 1024">
    <p class='ocr_par' dir='ltr' id='par_1_6' title="bbox 78 677 1581 1024">
     <span class='ocr_line' id='line_1_12' title="bbox 78 677 1525 738; baseline -0.003 -13"><span class='ocrx_word' id='word_1_74' title='bbox 78 685 142 726; x_wconf 90' lang='lat' dir='ltr'>rio</span> <span class='ocrx_word' id='word_1_75' title='bbox 176 685 217 724; x_wconf 92' lang='lat' dir='ltr'>in</span> <span class='ocrx_word' id='word_1_76' title='bbox 253 682 487 738; x_wconf 87' lang='lat' dir='ltr'>periculum</span> <span class='ocrx_word' id='word_1_77' title='bbox 521 682 692 738; x_wconf 84' lang='lat' dir='ltr'>capitis,</span> <span class='ocrx_word' id='word_1_78' title='bbox 715 691 844 735; x_wconf 83' lang='lat' dir='ltr'>atque</span> <span class='ocrx_word' id='word_1_79' title='bbox 877 682 916 720; x_wconf 89' lang='lat' dir='ltr'>in</span> <span class='ocrx_word' id='word_1_80' title='bbox 946 682 1044 721; x_wconf 82' lang='lat' dir='ltr'>vitae</span> <span class='ocrx_word' id='word_1_81' title='bbox 1070 681 1298 732; x_wconf 78' lang='lat' dir='ltr'>discrimen</span> <span class='ocrx_word' id='word_1_82' title='bbox 1324 677 1525 721; x_wconf 84' lang='lat' dir='ltr'>inferret:</span> 
     </span>
     <span class='ocr_line' id='line_1_13' title="bbox 81 736 1527 788; baseline -0.003 -6"><span class='ocrx_word' id='word_1_83' title='bbox 81 741 399 783; x_wconf 83' lang='lat' dir='ltr'>Gaditanorum</span> <span class='ocrx_word' id='word_1_84' title='bbox 422 739 610 788; x_wconf 85' lang='lat' dir='ltr'>auxiliis,</span> <span class='ocrx_word' id='word_1_85' title='bbox 635 753 733 779; x_wconf 87' lang='lat' dir='ltr'>cum</span> <span class='ocrx_word' id='word_1_86' title='bbox 760 739 976 788; x_wconf 75' lang='lat' dir='ltr'>vellemus,</span> <span class='ocrx_word' id='word_1_87' title='bbox 1006 738 1066 778; x_wconf 86' lang='lat' dir='ltr'>uti</span> <span class='ocrx_word' id='word_1_88' title='bbox 1098 738 1221 778; x_wconf 89' lang='lat' dir='ltr'>nobis</span> <span class='ocrx_word' id='word_1_89' title='bbox 1245 751 1330 777; x_wconf 89' lang='lat' dir='ltr'>non</span> <span class='ocrx_word' id='word_1_90' title='bbox 1355 736 1527 778; x_wconf 83' lang='lat' dir='ltr'>liceret:</span> 
     </span>
     <span class='ocr_line' id='line_1_14' title="bbox 82 792 1528 854; baseline -0.003 -16"><span class='ocrx_word' id='word_1_91' title='bbox 82 800 121 830; x_wconf 77' lang='lat'>⁵5</span> <span class='ocrx_word' id='word_1_92' title='bbox 138 798 338 854; x_wconf 75' lang='lat' dir='ltr'>privatim</span> <span class='ocrx_word' id='word_1_93' title='bbox 365 811 478 846; x_wconf 86' lang='lat' dir='ltr'>ver0,</span> <span class='ocrx_word' id='word_1_94' title='bbox 501 811 553 836; x_wconf 87' lang='lat' dir='ltr'>nc</span> <span class='ocrx_word' id='word_1_95' title='bbox 576 796 670 850; x_wconf 81' lang='lat' dir='ltr'>quis</span> <span class='ocrx_word' id='word_1_96' title='bbox 695 795 754 835; x_wconf 79' lang='lat' dir='ltr'>vir</span> <span class='ocrx_word' id='word_1_97' title='bbox 786 805 826 835; x_wconf 88' lang='lat' dir='ltr'>et</span> <span class='ocrx_word' id='word_1_98' title='bbox 860 796 1004 835; x_wconf 84' lang='lat' dir='ltr'>animo</span> <span class='ocrx_word' id='word_1_99' title='bbox 1026 805 1069 835; x_wconf 89' lang='lat' dir='ltr'>et</span> <span class='ocrx_word' id='word_1_100' title='bbox 1094 795 1250 835; x_wconf 89' lang='lat' dir='ltr'>virtute</span> <span class='ocrx_word' id='word_1_101' title='bbox 1281 792 1528 850; x_wconf 61' lang='lat' dir='ltr'>praecellens</span> 
     </span>
     <span class='ocr_line' id='line_1_15' title="bbox 84 851 1530 911; baseline -0.004 -15"><span class='ocrx_word' id='word_1_102' title='bbox 84 869 163 911; x_wconf 86' lang='lat' dir='ltr'>pro</span> <span class='ocrx_word' id='word_1_103' title='bbox 186 864 333 895; x_wconf 87' lang='lat' dir='ltr'>nostro</span> <span class='ocrx_word' id='word_1_104' title='bbox 358 853 536 909; x_wconf 87' lang='lat' dir='ltr'>imperio</span> <span class='ocrx_word' id='word_1_105' title='bbox 561 852 751 909; x_wconf 88' lang='lat' dir='ltr'>periculo</span> <span class='ocrx_word' id='word_1_106' title='bbox 777 867 853 892; x_wconf 89' lang='lat' dir='ltr'>suo</span> <span class='ocrx_word' id='word_1_107' title='bbox 882 852 1131 893; x_wconf 84' lang='lat' dir='ltr'>dimicaret:</span> <span class='ocrx_word' id='word_1_108' title='bbox 1166 852 1205 882; x_wconf 82' lang='lat'>56</span> <span class='ocrx_word' id='word_1_109' title='bbox 1219 851 1406 906; x_wconf 80' lang='lat' dir='ltr'>graviter</span> <span class='ocrx_word' id='word_1_110' title='bbox 1430 851 1530 905; x_wconf 87' lang='lat' dir='ltr'>jure</span> 
     </span>
     <span class='ocr_line' id='line_1_16' title="bbox 83 908 1581 965; baseline -0.003 -13"><span class='ocrx_word' id='word_1_111' title='bbox 83 912 304 961; x_wconf 80' lang='lat' dir='ltr'>ferremus,</span> <span class='ocrx_word' id='word_1_112' title='bbox 337 911 470 951; x_wconf 88' lang='lat' dir='ltr'>minui</span> <span class='ocrx_word' id='word_1_113' title='bbox 507 909 668 950; x_wconf 81' lang='lat' dir='ltr'>auxilia</span> <span class='ocrx_word' id='word_1_114' title='bbox 702 909 847 965; x_wconf 90' lang='lat' dir='ltr'>populi</span> <span class='ocrx_word' id='word_1_115' title='bbox 884 909 1085 960; x_wconf 77' lang='lat' dir='ltr'>Romani,</span> <span class='ocrx_word' id='word_1_116' title='bbox 1117 908 1329 949; x_wconf 87' lang='lat' dir='ltr'>debilitari</span> <span class='ocrx_word' id='word_1_117' title='bbox 1363 909 1529 948; x_wconf 85' lang='lat' dir='ltr'>animos</span> <span class='ocrx_word' id='word_1_118' title='bbox 1578 918 1581 919; x_wconf 73' lang='grc'>’</span> 
     </span>
     <span class='ocr_line' id='line_1_17' title="bbox 84 965 1529 1024; baseline -0.003 -15"><span class='ocrx_word' id='word_1_119' title='bbox 84 968 416 1010; x_wconf 80' lang='lat' dir='ltr'>fortissimorum</span> <span class='ocrx_word' id='word_1_120' title='bbox 450 967 651 1017; x_wconf 86' lang='lat' dir='ltr'>virorum,</span> <span class='ocrx_word' id='word_1_121' title='bbox 683 967 1019 1024; x_wconf 72' lang='lat' dir='ltr'>alienigenarum</span> <span class='ocrx_word' id='word_1_122' title='bbox 1060 981 1136 1006; x_wconf 86' lang='lat' dir='ltr'>nos</span> <span class='ocrx_word' id='word_1_123' title='bbox 1175 965 1400 1006; x_wconf 78' lang='lat' dir='ltr'>homin‘um</span> <span class='ocrx_word' id='word_1_124' title='bbox 1440 975 1529 1005; x_wconf 84' lang='lat' dir='ltr'>stu-</span> 
     </span>
    </p>
   </div>
   <div class='ocr_carea' id='block_1_7' title="bbox 84 1024 962 1080">
    <p class='ocr_par' dir='ltr' id='par_1_7' title="bbox 84 1024 962 1080">
     <span class='ocr_line' id='line_1_18' title="bbox 84 1024 962 1080; baseline -0.003 -13"><span class='ocrx_word' id='word_1_125' title='bbox 84 1026 180 1076; x_wconf 85' lang='lat' dir='ltr'>diis,</span> <span class='ocrx_word' id='word_1_126' title='bbox 214 1035 342 1080; x_wconf 88' lang='lat' dir='ltr'>atque</span> <span class='ocrx_word' id='word_1_127' title='bbox 380 1034 560 1065; x_wconf 84' lang='lat' dir='ltr'>externa</span> <span class='ocrx_word' id='word_1_128' title='bbox 594 1025 752 1065; x_wconf 87' lang='lat' dir='ltr'>virtute</span> <span class='ocrx_word' id='word_1_129' title='bbox 791 1024 962 1079; x_wconf 84' lang='lat' dir='ltr'>privari.</span> 
     </span>
    </p>
   </div>
   <div class='ocr_carea' id='block_1_8' title="bbox 1023 1020 1591 1078">
    <p class='ocr_par' dir='ltr' id='par_1_8' title="bbox 1023 1020 1591 1078">
     <span class='ocr_line' id='line_1_19' title="bbox 1023 1020 1591 1078; baseline 0 -16"><span class='ocrx_word' id='word_1_130' title='bbox 1023 1022 1157 1078; x_wconf 83' lang='lat' dir='ltr'>Atqui</span> <span class='ocrx_word' id='word_1_131' title='bbox 1194 1022 1299 1063; x_wconf 82' lang='lat' dir='ltr'>nihii</span> <span class='ocrx_word' id='word_1_132' title='bbox 1336 1020 1591 1072; x_wconf 75' lang='lat' dir='ltr'>inte1·est,26</span> 
     </span>
    </p>
   </div>
   <div class='ocr_carea' id='block_1_9' title="bbox 79 1080 1646 1652">
    <p class='ocr_par' dir='ltr' id='par_1_9' title="bbox 79 1080 1532 1308">
     <span class='ocr_line' id='line_1_20' title="bbox 79 1080 1528 1138; baseline -0.002 -15"><span class='ocrx_word' id='word_1_133' title='bbox 79 1082 265 1138; x_wconf 88' lang='lat' dir='ltr'>judices,</span> <span class='ocrx_word' id='word_1_134' title='bbox 302 1092 445 1122; x_wconf 87' lang='lat' dir='ltr'>utrum</span> <span class='ocrx_word' id='word_1_135' title='bbox 479 1081 572 1122; x_wconf 81' lang='lat' dir='ltr'>haec</span> <span class='ocrx_word' id='word_1_136' title='bbox 611 1080 810 1122; x_wconf 83' lang='lat' dir='ltr'>foederati</span> <span class='ocrx_word' id='word_1_137' title='bbox 839 1081 941 1135; x_wconf 87' lang='lat' dir='ltr'>jura</span> <span class='ocrx_word' id='word_1_138' title='bbox 973 1082 1255 1130; x_wconf 82' lang='lat' dir='ltr'>constituant,</span> <span class='ocrx_word' id='word_1_139' title='bbox 1290 1090 1337 1119; x_wconf 91' lang='lat' dir='ltr'>ut</span> <span class='ocrx_word' id='word_1_140' title='bbox 1371 1094 1423 1120; x_wconf 93' lang='lat' dir='ltr'>ne</span> <span class='ocrx_word' id='word_1_141' title='bbox 1457 1080 1528 1121; x_wconf 87' lang='lat' dir='ltr'>cui</span> 
     </span>
     <span class='ocr_line' id='line_1_21' title="bbox 86 1137 1530 1192; baseline -0.002 -12"><span class='ocrx_word' id='word_1_142' title='bbox 86 1140 213 1180; x_wconf 85' lang='lat' dir='ltr'>liceat</span> <span class='ocrx_word' id='word_1_143' title='bbox 234 1154 287 1180; x_wconf 82' lang='lat' dir='ltr'>ex</span> <span class='ocrx_word' id='word_1_144' title='bbox 312 1139 377 1180; x_wconf 89' lang='lat' dir='ltr'>his</span> <span class='ocrx_word' id='word_1_145' title='bbox 400 1139 650 1180; x_wconf 82' lang='lat' dir='ltr'>civitatibus</span> <span class='ocrx_word' id='word_1_146' title='bbox 674 1139 723 1179; x_wconf 83' lang='lat' dir='ltr'>ad</span> <span class='ocrx_word' id='word_1_147' title='bbox 749 1148 994 1178; x_wconf 88' lang='lat' dir='ltr'>nostrorum</span> <span class='ocrx_word' id='word_1_148' title='bbox 1019 1138 1224 1178; x_wconf 83' lang='lat' dir='ltr'>beliorum</span> <span class='ocrx_word' id='word_1_149' title='bbox 1250 1137 1437 1192; x_wconf 86' lang='lat' dir='ltr'>pericula</span> <span class='ocrx_word' id='word_1_150' title='bbox 1458 1152 1530 1177; x_wconf 86' lang='lat' dir='ltr'>ac-</span> 
     </span>
     <span class='ocr_line' id='line_1_22' title="bbox 87 1194 1531 1251; baseline -0.003 -13"><span class='ocrx_word' id='word_1_151' title='bbox 87 1197 251 1247; x_wconf 85' lang='lat' dir='ltr'>cedere,</span> <span class='ocrx_word' id='word_1_152' title='bbox 274 1212 342 1246; x_wconf 83' lang='lat' dir='ltr'>an,</span> <span class='ocrx_word' id='word_1_153' title='bbox 365 1210 462 1251; x_wconf 80' lang='lat' dir='ltr'>qtiae</span> <span class='ocrx_word' id='word_1_154' title='bbox 494 1211 571 1236; x_wconf 84' lang='lat' dir='ltr'>nos</span> <span class='ocrx_word' id='word_1_155' title='bbox 594 1210 741 1237; x_wconf 86' lang='lat' dir='ltr'>eorum</span> <span class='ocrx_word' id='word_1_156' title='bbox 766 1195 948 1245; x_wconf 89' lang='lat' dir='ltr'>civibus,</span> <span class='ocrx_word' id='word_1_157' title='bbox 973 1194 1141 1235; x_wconf 61' lang='lat' dir='ltr'>vir-tutis</span> <span class='ocrx_word' id='word_1_158' title='bbox 1165 1209 1306 1244; x_wconf 83' lang='lat' dir='ltr'>causa,</span> <span class='ocrx_word' id='word_1_159' title='bbox 1332 1195 1531 1235; x_wconf 90' lang='lat' dir='ltr'>tribueri-</span> 
     </span>
     <span class='ocr_line' id='line_1_23' title="bbox 87 1251 1532 1308; baseline -0.002 -13"><span class='ocrx_word' id='word_1_160' title='bbox 87 1268 198 1305; x_wconf 89' lang='lat' dir='ltr'>mus,</span> <span class='ocrx_word' id='word_1_161' title='bbox 220 1264 382 1294; x_wconf 83' lang='lat' dir='ltr'>carata</span> <span class='ocrx_word' id='word_1_162' title='bbox 407 1267 498 1296; x_wconf 72' lang='lat' dir='ltr'>esse</span> <span class='ocrx_word' id='word_1_163' title='bbox 529 1267 614 1294; x_wconf 88' lang='lat' dir='ltr'>non</span> <span class='ocrx_word' id='word_1_164' title='bbox 650 1253 828 1308; x_wconf 86' lang='lat' dir='ltr'>possint.</span> <span class='ocrx_word' id='word_1_165' title='bbox 861 1251 967 1292; x_wconf 85' lang='lat' dir='ltr'>nihil</span> <span class='ocrx_word' id='word_1_166' title='bbox 999 1252 1113 1292; x_wconf 88' lang='lat' dir='ltr'>enim</span> <span class='ocrx_word' id='word_1_167' title='bbox 1146 1252 1283 1307; x_wconf 83' lang='lat' dir='ltr'>magis</span> <span class='ocrx_word' id='word_1_168' title='bbox 1314 1264 1532 1293; x_wconf 83' lang='lat' dir='ltr'>uteremur</span> 
     </span>
    </p>

    <p class='ocr_par' dir='ltr' id='par_1_10' title="bbox 88 1308 1646 1652">
     <span class='ocr_line' id='line_1_24' title="bbox 88 1308 1646 1366; baseline -0.002 -14"><span class='ocrx_word' id='word_1_169' title='bbox 88 1310 155 1352; x_wconf 91' lang='lat' dir='ltr'>his</span> <span class='ocrx_word' id='word_1_170' title='bbox 184 1311 470 1366; x_wconf 81' lang='lat' dir='ltr'>adjutoribuS,</span> <span class='ocrx_word' id='word_1_171' title='bbox 493 1310 670 1351; x_wconf 86' lang='lat' dir='ltr'>sublatis</span> <span class='ocrx_word' id='word_1_172' title='bbox 704 1310 891 1366; x_wconf 87' lang='lat' dir='ltr'>praemiis</span> <span class='ocrx_word' id='word_1_173' title='bbox 913 1309 1099 1360; x_wconf 84' lang='lat' dir='ltr'>virtutis,</span> <span class='ocrx_word' id='word_1_174' title='bbox 1122 1323 1266 1364; x_wconf 84' lang='lat' dir='ltr'>quam,</span> <span class='ocrx_word' id='word_1_175' title='bbox 1289 1308 1320 1348; x_wconf 88' lang='lat' dir='ltr'>si</span> <span class='ocrx_word' id='word_1_176' title='bbox 1354 1309 1531 1350; x_wconf 88' lang='lat' dir='ltr'>omnino</span> <span class='ocrx_word' id='word_1_177' title='bbox 1544 1323 1577 1354; x_wconf 75' lang='lat' dir='ltr'>p.</span> <span class='ocrx_word' id='word_1_178' title='bbox 1594 1314 1646 1345; x_wconf 77' lang='lat'>60-</span> 
     </span>
     <span class='ocr_line' id='line_1_25' title="bbox 90 1366 1576 1422; baseline -0.002 -13"><span class='ocrx_word' id='word_1_179' title='bbox 90 1368 158 1409; x_wconf 90' lang='lat' dir='ltr'>his</span> <span class='ocrx_word' id='word_1_180' title='bbox 181 1368 338 1409; x_wconf 83' lang='lat' dir='ltr'>versari</span> <span class='ocrx_word' id='word_1_181' title='bbox 370 1368 415 1408; x_wconf 92' lang='lat' dir='ltr'>in</span> <span class='ocrx_word' id='word_1_182' title='bbox 447 1369 602 1408; x_wconf 85' lang='lat' dir='ltr'>nostris</span> <span class='ocrx_word' id='word_1_183' title='bbox 636 1368 755 1408; x_wconf 86' lang='lat' dir='ltr'>bellis</span> <span class='ocrx_word' id='word_1_184' title='bbox 787 1382 872 1408; x_wconf 91' lang='lat' dir='ltr'>non</span> <span class='ocrx_word' id='word_1_185' title='bbox 904 1367 1077 1408; x_wconf 80' lang='lat' dir='ltr'>liceret?</span> <span class='ocrx_word' id='word_1_186' title='bbox 1111 1366 1298 1416; x_wconf 86' lang='lat' dir='ltr'>Etenim,</span> <span class='ocrx_word' id='word_1_187' title='bbox 1320 1381 1433 1418; x_wconf 84' lang='lat' dir='ltr'>cum,</span> <span class='ocrx_word' id='word_1_188' title='bbox 1455 1366 1576 1422; x_wconf 68' lang='lat' dir='ltr'>proa·</span> 
     </span>
     <span class='ocr_line' id='line_1_26' title="bbox 94 1423 1537 1482; baseline -0.002 -16"><span class='ocrx_word' id='word_1_189' title='bbox 94 1440 170 1466; x_wconf 77' lang='lat' dir='ltr'>sua</span> <span class='ocrx_word' id='word_1_190' title='bbox 204 1426 356 1482; x_wconf 87' lang='lat' dir='ltr'>patria,</span> <span class='ocrx_word' id='word_1_191' title='bbox 392 1425 532 1480; x_wconf 89' lang='lat' dir='ltr'>pauci,</span> <span class='ocrx_word' id='word_1_192' title='bbox 565 1435 665 1481; x_wconf 86' lang='lat' dir='ltr'>post</span> <span class='ocrx_word' id='word_1_193' title='bbox 700 1439 834 1481; x_wconf 83' lang='lat' dir='ltr'>genus</span> <span class='ocrx_word' id='word_1_194' title='bbox 868 1424 1092 1465; x_wconf 84' lang='lat' dir='ltr'>hominum</span> <span class='ocrx_word' id='word_1_195' title='bbox 1127 1434 1292 1473; x_wconf 80' lang='lat' dir='ltr'>natum,</span> <span class='ocrx_word' id='word_1_196' title='bbox 1326 1426 1363 1457; x_wconf 73' lang='grc'>57</span> <span class='ocrx_word' id='word_1_197' title='bbox 1379 1423 1537 1479; x_wconf 89' lang='lat' dir='ltr'>reperti</span> 
     </span>
     <span class='ocr_line' id='line_1_27' title="bbox 91 1480 1538 1539; baseline -0.001 -16"><span class='ocrx_word' id='word_1_198' title='bbox 91 1483 194 1534; x_wconf 81' lang='lat' dir='ltr'>sint,</span> <span class='ocrx_word' id='word_1_199' title='bbox 231 1483 319 1538; x_wconf 90' lang='lat' dir='ltr'>qui,</span> <span class='ocrx_word' id='word_1_200' title='bbox 356 1482 481 1523; x_wconf 89' lang='lat' dir='ltr'>nullis</span> <span class='ocrx_word' id='word_1_201' title='bbox 517 1482 706 1539; x_wconf 86' lang='lat' dir='ltr'>praemiis</span> <span class='ocrx_word' id='word_1_202' title='bbox 742 1482 989 1538; x_wconf 86' lang='lat' dir='ltr'>propositis,</span> <span class='ocrx_word' id='word_1_203' title='bbox 1027 1481 1157 1522; x_wconf 83' lang='lat' dir='ltr'>vitam</span> <span class='ocrx_word' id='word_1_204' title='bbox 1192 1494 1311 1521; x_wconf 85' lang='lat' dir='ltr'>suam</span> <span class='ocrx_word' id='word_1_205' title='bbox 1345 1480 1538 1522; x_wconf 83' lang='lat' dir='ltr'>hostium</span> 
     </span>
     <span class='ocr_line' id='line_1_28' title="bbox 96 1537 1540 1595; baseline -0.002 -15"><span class='ocrx_word' id='word_1_206' title='bbox 96 1539 192 1580; x_wconf 90' lang='lat' dir='ltr'>telis</span> <span class='ocrx_word' id='word_1_207' title='bbox 223 1540 486 1595; x_wconf 76' lang='lat' dir='ltr'>obJecerint:</span> <span class='ocrx_word' id='word_1_208' title='bbox 521 1555 597 1595; x_wconf 86' lang='lat' dir='ltr'>pro</span> <span class='ocrx_word' id='word_1_209' title='bbox 629 1539 767 1580; x_wconf 84' lang='lat' dir='ltr'>aliena</span> <span class='ocrx_word' id='word_1_210' title='bbox 798 1538 1017 1595; x_wconf 83' lang='lat' dir='ltr'>republica</span> <span class='ocrx_word' id='word_1_211' title='bbox 1046 1552 1307 1593; x_wconf 82' lang='lat' dir='ltr'>quemquam</span> <span class='ocrx_word' id='word_1_212' title='bbox 1338 1537 1429 1578; x_wconf 84' lang='lat' dir='ltr'>fore</span> <span class='ocrx_word' id='word_1_213' title='bbox 1461 1552 1540 1593; x_wconf 90' lang='lat' dir='ltr'>pu-</span> 
     </span>
     <span class='ocr_line' id='line_1_29' title="bbox 92 1594 1539 1652; baseline -0.001 -15"><span class='ocrx_word' id='word_1_214' title='bbox 92 1597 208 1647; x_wconf 81' lang='lat' dir='ltr'>tatis,</span> <span class='ocrx_word' id='word_1_215' title='bbox 238 1597 312 1652; x_wconf 89' lang='lat' dir='ltr'>qui</span> <span class='ocrx_word' id='word_1_216' title='bbox 344 1611 388 1637; x_wconf 91' lang='lat' dir='ltr'>se</span> <span class='ocrx_word' id='word_1_217' title='bbox 418 1606 612 1652; x_wconf 88' lang='lat' dir='ltr'>opponat</span> <span class='ocrx_word' id='word_1_218' title='bbox 639 1596 857 1652; x_wconf 89' lang='lat' dir='ltr'>periculis,</span> <span class='ocrx_word' id='word_1_219' title='bbox 887 1610 975 1637; x_wconf 87' lang='lat' dir='ltr'>non</span> <span class='ocrx_word' id='word_1_220' title='bbox 1005 1596 1135 1637; x_wconf 88' lang='lat' dir='ltr'>modo</span> <span class='ocrx_word' id='word_1_221' title='bbox 1165 1594 1282 1636; x_wconf 83' lang='lat' dir='ltr'>nullo</span> <span class='ocrx_word' id='word_1_222' title='bbox 1315 1596 1539 1651; x_wconf 84' lang='lat' dir='ltr'>proposito</span> 
     </span>
    </p>
   </div>
   <div class='ocr_carea' id='block_1_10' title="bbox 91 1654 815 1710">
    <p class='ocr_par' dir='ltr' id='par_1_11' title="bbox 91 1654 815 1710">
     <span class='ocr_line' id='line_1_30' title="bbox 91 1654 815 1710; baseline 0.001 -16"><span class='ocrx_word' id='word_1_223' title='bbox 91 1654 288 1710; x_wconf 87' lang='lat' dir='ltr'>praemio,</span> <span class='ocrx_word' id='word_1_224' title='bbox 311 1654 384 1694; x_wconf 88' lang='lat' dir='ltr'>sed</span> <span class='ocrx_word' id='word_1_225' title='bbox 406 1655 536 1695; x_wconf 85' lang='lat' dir='ltr'>etiam</span> <span class='ocrx_word' id='word_1_226' title='bbox 559 1654 815 1695; x_wconf 82' lang='lat' dir='ltr'>interdicto?</span> 
     </span>
    </p>
   </div>
   <div class='ocr_carea' id='block_1_11' title="bbox 150 1680 1619 1784">
    <p class='ocr_par' dir='ltr' id='par_1_12' title="bbox 150 1680 1619 1784">
     <span class='ocr_line' id='line_1_31' title="bbox 150 1680 1619 1784; baseline -0.001 -33"><span class='ocrx_word' id='word_1_227' title='bbox 150 1710 250 1763; x_wconf 88' lang='lat' dir='ltr'>Sed,</span> <span class='ocrx_word' id='word_1_228' title='bbox 284 1713 323 1742; x_wconf 81' lang='grc'>58</span> <span class='ocrx_word' id='word_1_229' title='bbox 337 1725 436 1752; x_wconf 89' lang='lat' dir='ltr'>cum</span> <span class='ocrx_word' id='word_1_230' title='bbox 470 1721 535 1752; x_wconf 88' lang='lat' dir='ltr'>est</span> <span class='ocrx_word' id='word_1_231' title='bbox 569 1711 673 1752; x_wconf 85' lang='lat' dir='ltr'>illud</span> <span class='ocrx_word' id='word_1_232' title='bbox 710 1710 1029 1767; x_wconf 79' lang='lat' dir='ltr'>imperitissime</span> <span class='ocrx_word' id='word_1_233' title='bbox 1064 1709 1245 1760; x_wconf 87' lang='lat' dir='ltr'>dictum,</span> <span class='ocrx_word' id='word_1_234' title='bbox 1280 1709 1333 1750; x_wconf 89' lang='lat' dir='ltr'>de</span> <span class='ocrx_word' id='word_1_235' title='bbox 1367 1680 1619 1784; x_wconf 57' lang='lat' dir='ltr'>populiSQll</span> 
     </span>
    </p>
   </div>
   <div class='ocr_carea' id='block_1_12' title="bbox 93 1823 802 2331">
    <p class='ocr_par' dir='ltr' id='par_1_13' title="bbox 93 1823 799 1982">
     <span class='ocr_line' id='line_1_32' title="bbox 94 1823 797 1864; baseline 0.001 -10"><span class='ocrx_word' id='word_1_236' title='bbox 94 1823 250 1855; x_wconf 81' lang='lat' dir='ltr'>vitiosum</span> <span class='ocrx_word' id='word_1_237' title='bbox 271 1828 333 1856; x_wconf 80' lang='lat' dir='ltr'>est.</span> <span class='ocrx_word' id='word_1_238' title='bbox 357 1833 435 1855; x_wconf 85' lang='lat' dir='ltr'>nam</span> <span class='ocrx_word' id='word_1_239' title='bbox 457 1825 614 1864; x_wconf 80' lang='lat' dir='ltr'>praecedit</span> <span class='ocrx_word' id='word_1_240' title='bbox 636 1825 797 1862; x_wconf 74' lang='lat' dir='ltr'>videmus,</span> 
     </span>
     <span class='ocr_line' id='line_1_33' title="bbox 93 1866 799 1906; baseline 0 -10"><span class='ocrx_word' id='word_1_241' title='bbox 93 1866 227 1904; x_wconf 77' lang='lat' dir='ltr'>ecimus,</span> <span class='ocrx_word' id='word_1_242' title='bbox 244 1867 356 1906; x_wconf 78' lang='lat' dir='ltr'>itaque</span> <span class='ocrx_word' id='word_1_243' title='bbox 377 1871 437 1897; x_wconf 80' lang='lat' dir='ltr'>aut</span> <span class='ocrx_word' id='word_1_244' title='bbox 458 1867 511 1897; x_wconf 89' lang='lat' dir='ltr'>hic</span> <span class='ocrx_word' id='word_1_245' title='bbox 534 1877 663 1906; x_wconf 83' lang='lat' dir='ltr'>quoque</span> <span class='ocrx_word' id='word_1_246' title='bbox 688 1868 799 1906; x_wconf 71' lang='lat' dir='ltr'>legen-</span> 
     </span>
     <span class='ocr_line' id='line_1_34' title="bbox 96 1907 799 1948; baseline 0.003 -10"><span class='ocrx_word' id='word_1_247' title='bbox 96 1907 178 1939; x_wconf 85' lang='lat' dir='ltr'>dum</span> <span class='ocrx_word' id='word_1_248' title='bbox 199 1909 360 1946; x_wconf 78' lang='lat' dir='ltr'>videmus,</span> <span class='ocrx_word' id='word_1_249' title='bbox 375 1913 447 1945; x_wconf 87' lang='lat' dir='ltr'>aut,</span> <span class='ocrx_word' id='word_1_250' title='bbox 462 1909 548 1948; x_wconf 80' lang='lat' dir='ltr'>quod</span> <span class='ocrx_word' id='word_1_251' title='bbox 570 1910 698 1947; x_wconf 85' lang='lat' dir='ltr'>malim,</span> <span class='ocrx_word' id='word_1_252' title='bbox 718 1909 799 1940; x_wconf 72' lang='lat' dir='ltr'>vidz-</span> 
     </span>
     <span class='ocr_line' id='line_1_35' title="bbox 96 1960 183 1982; baseline 0.023 -2"><span class='ocrx_word' id='word_1_253' title='bbox 96 1960 183 1982; x_wconf 72' lang='lat' dir='ltr'>mus·</span> 
     </span>
    </p>

    <p class='ocr_par' dir='ltr' id='par_1_14' title="bbox 93 1992 802 2331">
     <span class='ocr_line' id='line_1_36' title="bbox 138 1992 798 2033; baseline 0.002 -10"><span class='ocrx_word' id='word_1_254' title='bbox 138 1995 178 2023; x_wconf 86' lang='lat'>55</span> <span class='ocrx_word' id='word_1_255' title='bbox 195 1993 360 2033; x_wconf 71' lang='lat' dir='ltr'>privatim</span> <span class='ocrx_word' id='word_1_256' title='bbox 375 1992 464 2032; x_wconf 78' lang='lat' dir='ltr'>vero]</span> <span class='ocrx_word' id='word_1_257' title='bbox 481 1992 555 2023; x_wconf 87' lang='lat' dir='ltr'>Hoc</span> <span class='ocrx_word' id='word_1_258' title='bbox 570 1993 705 2033; x_wconf 80' lang='lat' dir='ltr'>requirit</span> <span class='ocrx_word' id='word_1_259' title='bbox 720 2003 798 2024; x_wconf 88' lang='lat' dir='ltr'>con-</span> 
     </span>
     <span class='ocr_line' id='line_1_37' title="bbox 94 2034 799 2074; baseline 0 -9"><span class='ocrx_word' id='word_1_260' title='bbox 94 2035 237 2065; x_wconf 80' lang='lat' dir='ltr'>trarium</span> <span class='ocrx_word' id='word_1_261' title='bbox 268 2036 397 2074; x_wconf 77' lang='lat' dir='ltr'>publice</span> <span class='ocrx_word' id='word_1_262' title='bbox 410 2048 419 2066; x_wconf 94' lang='lat'>.·</span> <span class='ocrx_word' id='word_1_263' title='bbox 456 2034 552 2074; x_wconf 88' lang='lat' dir='ltr'>idque</span> <span class='ocrx_word' id='word_1_264' title='bbox 585 2035 730 2066; x_wconf 84' lang='lat' dir='ltr'>desidero</span> <span class='ocrx_word' id='word_1_265' title='bbox 763 2036 799 2065; x_wconf 90' lang='lat' dir='ltr'>in</span> 
     </span>
     <span class='ocr_line' id='line_1_38' title="bbox 96 2077 799 2117; baseline 0.001 -10"><span class='ocrx_word' id='word_1_266' title='bbox 96 2077 367 2117; x_wconf 66' lang='lat' dir='ltr'>praecedentibus.</span> <span class='ocrx_word' id='word_1_267' title='bbox 391 2087 451 2107; x_wconf 88' lang='lat' dir='ltr'>nec</span> <span class='ocrx_word' id='word_1_268' title='bbox 467 2077 555 2107; x_wconf 87' lang='lat' dir='ltr'>dicat</span> <span class='ocrx_word' id='word_1_269' title='bbox 569 2077 687 2117; x_wconf 83' lang='lat' dir='ltr'>aliquis</span> <span class='ocrx_word' id='word_1_270' title='bbox 703 2078 735 2108; x_wconf 88' lang='lat' dir='ltr'>id</span> <span class='ocrx_word' id='word_1_271' title='bbox 748 2082 799 2108; x_wconf 83' lang='lat' dir='ltr'>ta-</span> 
     </span>
     <span class='ocr_line' id='line_1_39' title="bbox 97 2118 795 2160; baseline 0.001 -11"><span class='ocrx_word' id='word_1_272' title='bbox 97 2118 165 2149; x_wconf 80' lang='lat' dir='ltr'>cite</span> <span class='ocrx_word' id='word_1_273' title='bbox 188 2129 258 2150; x_wconf 86' lang='lat' dir='ltr'>esse</span> <span class='ocrx_word' id='word_1_274' title='bbox 284 2119 319 2149; x_wconf 88' lang='lat' dir='ltr'>in</span> <span class='ocrx_word' id='word_1_275' title='bbox 347 2120 462 2150; x_wconf 79' lang='lat' dir='ltr'>rebus:</span> <span class='ocrx_word' id='word_1_276' title='bbox 487 2123 598 2150; x_wconf 74' lang='lat' dir='ltr'>castra</span> <span class='ocrx_word' id='word_1_277' title='bbox 622 2121 722 2160; x_wconf 73' lang='lat' dir='ltr'>impp.</span> <span class='ocrx_word' id='word_1_278' title='bbox 751 2120 795 2150; x_wconf 81' lang='lat' dir='ltr'>R.</span> 
     </span>
     <span class='ocr_line' id='line_1_40' title="bbox 94 2161 798 2201; baseline 0.003 -11"><span class='ocrx_word' id='word_1_279' title='bbox 94 2162 182 2191; x_wconf 76' lang='lat' dir='ltr'>inire</span> <span class='ocrx_word' id='word_1_280' title='bbox 205 2162 263 2192; x_wconf 85' lang='lat' dir='ltr'>&amp;c.</span> <span class='ocrx_word' id='word_1_281' title='bbox 287 2171 363 2192; x_wconf 83' lang='lat' dir='ltr'>nani</span> <span class='ocrx_word' id='word_1_282' title='bbox 387 2161 469 2192; x_wconf 83' lang='lat' dir='ltr'>talia</span> <span class='ocrx_word' id='word_1_283' title='bbox 490 2165 568 2191; x_wconf 86' lang='lat' dir='ltr'>sunt</span> <span class='ocrx_word' id='word_1_284' title='bbox 589 2162 704 2199; x_wconf 83' lang='lat' dir='ltr'>etiam,</span> <span class='ocrx_word' id='word_1_285' title='bbox 726 2171 798 2201; x_wconf 83' lang='lat' dir='ltr'>quae</span> 
     </span>
     <span class='ocr_line' id='line_1_41' title="bbox 98 2203 799 2244; baseline 0.001 -11"><span class='ocrx_word' id='word_1_286' title='bbox 98 2208 173 2244; x_wconf 83' lang='lat' dir='ltr'>post</span> <span class='ocrx_word' id='word_1_287' title='bbox 183 2204 345 2243; x_wconf 78' lang='lat' dir='ltr'>privati-m</span> <span class='ocrx_word' id='word_1_288' title='bbox 364 2214 395 2234; x_wconf 81' lang='lat' dir='ltr'>v.</span> <span class='ocrx_word' id='word_1_289' title='bbox 411 2203 577 2234; x_wconf 81' lang='lat' dir='ltr'>dicuntur.</span> <span class='ocrx_word' id='word_1_290' title='bbox 620 2204 709 2244; x_wconf 76' lang='lat' dir='ltr'>Ergo</span> <span class='ocrx_word' id='word_1_291' title='bbox 724 2210 799 2244; x_wconf 87' lang='lat' dir='ltr'>post</span> 
     </span>
     <span class='ocr_line' id='line_1_42' title="bbox 97 2245 800 2286; baseline -0.001 -9"><span class='ocrx_word' id='word_1_292' title='bbox 97 2247 282 2278; x_wconf 72' lang='lat' dir='ltr'>sanxissent</span> <span class='ocrx_word' id='word_1_293' title='bbox 296 2245 424 2276; x_wconf 82' lang='lat' dir='ltr'>videtur</span> <span class='ocrx_word' id='word_1_294' title='bbox 438 2246 717 2286; x_wconf 80' lang='lat' dir='ltr'>interponendum</span> <span class='ocrx_word' id='word_1_295' title='bbox 732 2256 800 2277; x_wconf 79' lang='lat' dir='ltr'>esse</span> 
     </span>
     <span class='ocr_line' id='line_1_43' title="bbox 93 2288 802 2331; baseline 0.001 -13"><span class='ocrx_word' id='word_1_296' title='bbox 93 2288 226 2331; x_wconf 76' lang='lat' dir='ltr'>publice</span> <span class='ocrx_word' id='word_1_297' title='bbox 247 2289 388 2328; x_wconf 77' lang='lat' dir='ltr'>quidem,</span> <span class='ocrx_word' id='word_1_298' title='bbox 412 2293 471 2318; x_wconf 84' lang='lat' dir='ltr'>aut</span> <span class='ocrx_word' id='word_1_299' title='bbox 492 2289 624 2328; x_wconf 68' lang='lat' dir='ltr'>publice</span> <span class='ocrx_word' id='word_1_300' title='bbox 645 2289 802 2328; x_wconf 76' lang='lat' dir='ltr'>simplici-</span> 
     </span>
    </p>
   </div>
   <div class='ocr_carea' id='block_1_13' title="bbox 102 2330 835 2370">
    <p class='ocr_par' dir='ltr' id='par_1_15' title="bbox 102 2330 835 2370">
     <span class='ocr_line' id='line_1_44' title="bbox 102 2330 835 2370; baseline 0 -9"><span class='ocrx_word' id='word_1_301' title='bbox 102 2335 165 2366; x_wconf 80' lang='lat' dir='ltr'>ter,</span> <span class='ocrx_word' id='word_1_302' title='bbox 179 2330 200 2362; x_wconf 91' lang='lat' dir='ltr'>i.</span> <span class='ocrx_word' id='word_1_303' title='bbox 215 2340 244 2361; x_wconf 92' lang='lat' dir='ltr'>e.</span> <span class='ocrx_word' id='word_1_304' title='bbox 259 2330 397 2370; x_wconf 82' lang='lat' dir='ltr'>reipubl.</span> <span class='ocrx_word' id='word_1_305' title='bbox 418 2340 516 2360; x_wconf 85' lang='lat' dir='ltr'>causa</span> <span class='ocrx_word' id='word_1_306' title='bbox 537 2339 618 2366; x_wconf 76' lang='lat' dir='ltr'>suae,</span> <span class='ocrx_word' id='word_1_307' title='bbox 636 2332 733 2369; x_wconf 79' lang='lat' dir='ltr'>jussu</span> <span class='ocrx_word' id='word_1_308' title='bbox 753 2341 802 2361; x_wconf 84' lang='lat' dir='ltr'>se·</span> <span class='ocrx_word' id='word_1_309' title='bbox 832 2332 835 2334; x_wconf 84' lang='lat'>&#39;</span> 
     </span>
    </p>
   </div>
   <div class='ocr_carea' id='block_1_14' title="bbox 100 2372 810 2918">
    <p class='ocr_par' dir='ltr' id='par_1_16' title="bbox 100 2372 808 2833">
     <span class='ocr_line' id='line_1_45' title="bbox 100 2372 802 2413; baseline 0 -10"><span class='ocrx_word' id='word_1_310' title='bbox 100 2378 201 2403; x_wconf 80' lang='lat' dir='ltr'>natus</span> <span class='ocrx_word' id='word_1_311' title='bbox 217 2383 228 2404; x_wconf 69' lang='grc' dir='ltr'>ι</span> <span class='ocrx_word' id='word_1_312' title='bbox 255 2382 386 2412; x_wconf 87' lang='lat' dir='ltr'>nempe,</span> <span class='ocrx_word' id='word_1_313' title='bbox 409 2376 449 2402; x_wconf 86' lang='lat' dir='ltr'>ut</span> <span class='ocrx_word' id='word_1_314' title='bbox 474 2376 548 2412; x_wconf 86' lang='lat' dir='ltr'>post</span> <span class='ocrx_word' id='word_1_315' title='bbox 576 2372 668 2403; x_wconf 87' lang='lat' dir='ltr'>illam</span> <span class='ocrx_word' id='word_1_316' title='bbox 694 2373 802 2413; x_wconf 66' lang='lat' dir='ltr'>legem</span> 
     </span>
     <span class='ocr_line' id='line_1_46' title="bbox 103 2413 804 2454; baseline 0 -9"><span class='ocrx_word' id='word_1_317' title='bbox 103 2424 274 2454; x_wconf 82' lang='lat' dir='ltr'>nunquam</span> <span class='ocrx_word' id='word_1_318' title='bbox 301 2414 423 2445; x_wconf 80' lang='lat' dir='ltr'>auxilia</span> <span class='ocrx_word' id='word_1_319' title='bbox 443 2413 602 2445; x_wconf 85' lang='lat' dir='ltr'>Romanis</span> <span class='ocrx_word' id='word_1_320' title='bbox 625 2414 804 2446; x_wconf 84' lang='lat' dir='ltr'>decernan-</span> 
     </span>
     <span class='ocr_line' id='line_1_47' title="bbox 101 2456 805 2496; baseline 0.001 -9"><span class='ocrx_word' id='word_1_321' title='bbox 101 2462 181 2489; x_wconf 79' lang='lat' dir='ltr'>tur:</span> <span class='ocrx_word' id='word_1_322' title='bbox 204 2467 282 2487; x_wconf 84' lang='lat' dir='ltr'>nam</span> <span class='ocrx_word' id='word_1_323' title='bbox 306 2467 345 2487; x_wconf 83' lang='lat' dir='ltr'>ea</span> <span class='ocrx_word' id='word_1_324' title='bbox 370 2456 500 2496; x_wconf 82' lang='lat' dir='ltr'>publice</span> <span class='ocrx_word' id='word_1_325' title='bbox 528 2461 611 2487; x_wconf 84' lang='lat' dir='ltr'>eunt</span> <span class='ocrx_word' id='word_1_326' title='bbox 636 2457 671 2487; x_wconf 85' lang='lat' dir='ltr'>in</span> <span class='ocrx_word' id='word_1_327' title='bbox 697 2463 805 2488; x_wconf 63' lang='lat' dir='ltr'>eastra</span> 
     </span>
     <span class='ocr_line' id='line_1_48' title="bbox 102 2498 803 2540; baseline 0 -10"><span class='ocrx_word' id='word_1_328' title='bbox 102 2498 201 2531; x_wconf 85' lang='lat' dir='ltr'>Rom.</span> <span class='ocrx_word' id='word_1_329' title='bbox 247 2498 418 2529; x_wconf 64' lang='lat' dir='ltr'>Privatim</span> <span class='ocrx_word' id='word_1_330' title='bbox 431 2509 507 2529; x_wconf 81' lang='lat' dir='ltr'>vero</span> <span class='ocrx_word' id='word_1_331' title='bbox 521 2504 583 2536; x_wconf 87' lang='lat' dir='ltr'>est,</span> <span class='ocrx_word' id='word_1_332' title='bbox 598 2509 657 2529; x_wconf 91' lang='lat' dir='ltr'>sua</span> <span class='ocrx_word' id='word_1_333' title='bbox 673 2504 803 2540; x_wconf 85' lang='lat' dir='ltr'>sponte,</span> 
     </span>
     <span class='ocr_line' id='line_1_49' title="bbox 103 2540 806 2582; baseline 0.001 -10"><span class='ocrx_word' id='word_1_334' title='bbox 103 2542 233 2582; x_wconf 84' lang='lat' dir='ltr'>privata</span> <span class='ocrx_word' id='word_1_335' title='bbox 246 2540 356 2580; x_wconf 79' lang='lat' dir='ltr'>aliqua</span> <span class='ocrx_word' id='word_1_336' title='bbox 374 2551 489 2572; x_wconf 86' lang='lat' dir='ltr'>caussa</span> <span class='ocrx_word' id='word_1_337' title='bbox 503 2546 626 2578; x_wconf 78' lang='lat' dir='ltr'>motuS‚</span> <span class='ocrx_word' id='word_1_338' title='bbox 643 2546 681 2572; x_wconf 86' lang='lat' dir='ltr'>ut</span> <span class='ocrx_word' id='word_1_339' title='bbox 695 2552 806 2573; x_wconf 84' lang='lat' dir='ltr'>amore</span> 
     </span>
     <span class='ocr_line' id='line_1_50' title="bbox 104 2583 805 2624; baseline 0.001 -10"><span class='ocrx_word' id='word_1_340' title='bbox 104 2593 183 2622; x_wconf 87' lang='lat' dir='ltr'>erga</span> <span class='ocrx_word' id='word_1_341' title='bbox 197 2584 431 2624; x_wconf 82' lang='lat' dir='ltr'>imperatorem</span> <span class='ocrx_word' id='word_1_342' title='bbox 451 2584 510 2613; x_wconf 74' lang='grc' dir='ltr'>διο.</span> <span class='ocrx_word' id='word_1_343' title='bbox 552 2583 709 2615; x_wconf 80' lang='lat' dir='ltr'>Judicent</span> <span class='ocrx_word' id='word_1_344' title='bbox 731 2595 805 2615; x_wconf 84' lang='lat' dir='ltr'>eru-</span> 
     </span>
     <span class='ocr_line' id='line_1_51' title="bbox 106 2624 806 2666; baseline 0.003 -11"><span class='ocrx_word' id='word_1_345' title='bbox 106 2624 241 2656; x_wconf 84' lang='lat' dir='ltr'>ditiores</span> <span class='ocrx_word' id='word_1_346' title='bbox 264 2630 298 2656; x_wconf 85' lang='lat' dir='ltr'>et</span> <span class='ocrx_word' id='word_1_347' title='bbox 319 2635 373 2655; x_wconf 90' lang='lat' dir='ltr'>me</span> <span class='ocrx_word' id='word_1_348' title='bbox 392 2625 567 2656; x_wconf 82' lang='lat' dir='ltr'>acutiores.</span> <span class='ocrx_word' id='word_1_349' title='bbox 613 2624 705 2658; x_wconf 87' lang='lat' dir='ltr'>Infra</span> <span class='ocrx_word' id='word_1_350' title='bbox 727 2637 806 2666; x_wconf 90' lang='lat' dir='ltr'>quo-</span> 
     </span>
     <span class='ocr_line' id='line_1_52' title="bbox 108 2667 806 2706; baseline 0.003 -9"><span class='ocrx_word' id='word_1_351' title='bbox 108 2677 172 2706; x_wconf 88' lang='lat' dir='ltr'>que</span> <span class='ocrx_word' id='word_1_352' title='bbox 187 2678 215 2698; x_wconf 88' lang='lat' dir='ltr'>c.</span> <span class='ocrx_word' id='word_1_353' title='bbox 234 2670 283 2698; x_wconf 82' lang='lat'>11.</span> <span class='ocrx_word' id='word_1_354' title='bbox 300 2667 335 2698; x_wconf 90' lang='lat' dir='ltr'>in</span> <span class='ocrx_word' id='word_1_355' title='bbox 350 2667 464 2699; x_wconf 88' lang='lat' dir='ltr'>eadem</span> <span class='ocrx_word' id='word_1_356' title='bbox 479 2677 512 2698; x_wconf 90' lang='lat' dir='ltr'>re</span> <span class='ocrx_word' id='word_1_357' title='bbox 528 2673 608 2698; x_wconf 87' lang='lat' dir='ltr'>sunt</span> <span class='ocrx_word' id='word_1_358' title='bbox 630 2677 668 2698; x_wconf 82' lang='lat' dir='ltr'>ac</span> <span class='ocrx_word' id='word_1_359' title='bbox 689 2668 806 2699; x_wconf 81' lang='lat' dir='ltr'>distin-</span> 
     </span>
     <span class='ocr_line' id='line_1_53' title="bbox 107 2710 807 2750; baseline 0.003 -11"><span class='ocrx_word' id='word_1_360' title='bbox 107 2714 257 2748; x_wconf 80' lang='lat' dir='ltr'>guuntur</span> <span class='ocrx_word' id='word_1_361' title='bbox 279 2711 365 2747; x_wconf 75' lang='lat' dir='ltr'>leges</span> <span class='ocrx_word' id='word_1_362' title='bbox 382 2710 520 2749; x_wconf 72' lang='lat' dir='ltr'>publica*</span> <span class='ocrx_word' id='word_1_363' title='bbox 543 2714 578 2741; x_wconf 85' lang='lat' dir='ltr'>et</span> <span class='ocrx_word' id='word_1_364' title='bbox 593 2711 807 2750; x_wconf 78' lang='lat' dir='ltr'>privatorum</span> 
     </span>
     <span class='ocr_line' id='line_1_54' title="bbox 105 2751 808 2784; baseline 0.004 -3"><span class='ocrx_word' id='word_1_365' title='bbox 105 2753 271 2782; x_wconf 79' lang='lat' dir='ltr'>voluntas.</span> <span class='ocrx_word' id='word_1_366' title='bbox 305 2751 462 2782; x_wconf 83' lang='lat' dir='ltr'>Ceterum</span> <span class='ocrx_word' id='word_1_367' title='bbox 478 2757 594 2783; x_wconf 85' lang='lat' dir='ltr'>tamen</span> <span class='ocrx_word' id='word_1_368' title='bbox 608 2752 644 2783; x_wconf 88' lang='lat' dir='ltr'>in</span> <span class='ocrx_word' id='word_1_369' title='bbox 659 2752 722 2783; x_wconf 88' lang='lat' dir='ltr'>hoc</span> <span class='ocrx_word' id='word_1_370' title='bbox 735 2753 808 2784; x_wconf 87' lang='lat' dir='ltr'>loco</span> 
     </span>
     <span class='ocr_line' id='line_1_55' title="bbox 108 2792 556 2833; baseline 0 -10"><span class='ocrx_word' id='word_1_371' title='bbox 108 2798 160 2827; x_wconf 85' lang='lat' dir='ltr'>est</span> <span class='ocrx_word' id='word_1_372' title='bbox 173 2793 280 2824; x_wconf 87' lang='lat' dir='ltr'>adhuc</span> <span class='ocrx_word' id='word_1_373' title='bbox 295 2792 419 2833; x_wconf 84' lang='lat' dir='ltr'>aliquid</span> <span class='ocrx_word' id='word_1_374' title='bbox 439 2793 556 2824; x_wconf 87' lang='lat' dir='ltr'>scabri.</span> 
     </span>
    </p>

    <p class='ocr_par' dir='ltr' id='par_1_17' title="bbox 110 2834 810 2918">
     <span class='ocr_line' id='line_1_56' title="bbox 152 2834 810 2876; baseline 0 -10"><span class='ocrx_word' id='word_1_375' title='bbox 152 2836 193 2866; x_wconf 85' lang='lat'>56</span> <span class='ocrx_word' id='word_1_376' title='bbox 211 2835 364 2874; x_wconf 58' lang='lat' dir='ltr'>graviter</span> <span class='ocrx_word' id='word_1_377' title='bbox 378 2835 414 2865; x_wconf 74' lang='lat' dir='ltr'>id</span> <span class='ocrx_word' id='word_1_378' title='bbox 425 2834 508 2876; x_wconf 84' lang='lat' dir='ltr'>jure</span> <span class='ocrx_word' id='word_1_379' title='bbox 518 2835 707 2876; x_wconf 76' lang='lat' dir='ltr'>ferremus]</span> <span class='ocrx_word' id='word_1_380' title='bbox 725 2836 810 2876; x_wconf 87' lang='lat' dir='ltr'>Spu-</span> 
     </span>
     <span class='ocr_line' id='line_1_57' title="bbox 110 2876 809 2918; baseline 0.003 -10"><span class='ocrx_word' id='word_1_381' title='bbox 110 2876 197 2909; x_wconf 65' lang='lat' dir='ltr'>nium</span> <span class='ocrx_word' id='word_1_382' title='bbox 210 2882 260 2909; x_wconf 76' lang='lat' dir='ltr'>est</span> <span class='ocrx_word' id='word_1_383' title='bbox 275 2878 320 2909; x_wconf 80' lang='lat' dir='ltr'>id.</span> <span class='ocrx_word' id='word_1_384' title='bbox 342 2877 433 2918; x_wconf 81' lang='lat' dir='ltr'>quod</span> <span class='ocrx_word' id='word_1_385' title='bbox 453 2877 599 2917; x_wconf 68' lang='lat' dir='ltr'>graviter</span> <span class='ocrx_word' id='word_1_386' title='bbox 618 2878 756 2916; x_wconf 76' lang='lat' dir='ltr'>ferrent,</span> <span class='ocrx_word' id='word_1_387' title='bbox 774 2879 809 2910; x_wconf 84' lang='lat' dir='ltr'>in</span> 
     </span>
    </p>
   </div>
   <div class='ocr_carea' id='block_1_15' title="bbox 835 1823 1555 2919">
    <p class='ocr_par' dir='ltr' id='par_1_18' title="bbox 839 1823 1541 1897">
     <span class='ocr_line' id='line_1_58' title="bbox 839 1823 1541 1863; baseline -0.001 -8"><span class='ocrx_word' id='word_1_388' title='bbox 839 1824 1050 1863; x_wconf 83' lang='lat' dir='ltr'>sequentibus</span> <span class='ocrx_word' id='word_1_389' title='bbox 1066 1823 1221 1854; x_wconf 82' lang='lat' dir='ltr'>distincte</span> <span class='ocrx_word' id='word_1_390' title='bbox 1237 1823 1367 1854; x_wconf 76' lang='lat' dir='ltr'>dicitur.</span> <span class='ocrx_word' id='word_1_391' title='bbox 1391 1833 1458 1853; x_wconf 85' lang='lat' dir='ltr'>non</span> <span class='ocrx_word' id='word_1_392' title='bbox 1482 1823 1541 1854; x_wconf 80' lang='lat' dir='ltr'>du-</span> 
     </span>
     <span class='ocr_line' id='line_1_59' title="bbox 840 1866 1078 1897; baseline 0 -1"><span class='ocrx_word' id='word_1_393' title='bbox 840 1867 942 1897; x_wconf 51' lang='lat' dir='ltr'>bitari</span> <span class='ocrx_word' id='word_1_394' title='bbox 959 1866 1078 1897; x_wconf 85' lang='lat' dir='ltr'>delere.</span> 
     </span>
    </p>

    <p class='ocr_par' dir='ltr' id='par_1_19' title="bbox 841 1906 1543 2023">
     <span class='ocr_line' id='line_1_60' title="bbox 885 1906 1540 1949; baseline -0.002 -10"><span class='ocrx_word' id='word_1_395' title='bbox 885 1912 923 1943; x_wconf 78' lang='lat'>57</span> <span class='ocrx_word' id='word_1_396' title='bbox 959 1909 1081 1949; x_wconf 74' lang='lat' dir='ltr'>reperti</span> <span class='ocrx_word' id='word_1_397' title='bbox 1115 1907 1194 1945; x_wconf 81' lang='lat' dir='ltr'>sint,</span> <span class='ocrx_word' id='word_1_398' title='bbox 1229 1906 1540 1948; x_wconf 56' lang='lat' dir='ltr'>qui—objecerint]</span> 
     </span>
     <span class='ocr_line' id='line_1_61' title="bbox 841 1949 1543 1991; baseline 0 -10"><span class='ocrx_word' id='word_1_399' title='bbox 841 1951 962 1981; x_wconf 59' lang='lat' dir='ltr'>Melite</span> <span class='ocrx_word' id='word_1_400' title='bbox 979 1962 997 1980; x_wconf 82' lang='lat' dir='ltr'>e</span> <span class='ocrx_word' id='word_1_401' title='bbox 1016 1951 1232 1982; x_wconf 83' lang='lat' dir='ltr'>Ciceroniana</span> <span class='ocrx_word' id='word_1_402' title='bbox 1255 1950 1404 1981; x_wconf 80' lang='lat' dir='ltr'>ratione:</span> <span class='ocrx_word' id='word_1_403' title='bbox 1429 1949 1543 1991; x_wconf 51' lang='lat' dir='ltr'>objice-</span> 
     </span>
     <span class='ocr_line' id='line_1_62' title="bbox 841 1997 927 2023; baseline -0.012 0"><span class='ocrx_word' id='word_1_404' title='bbox 841 1997 927 2023; x_wconf 80' lang='lat' dir='ltr'>rent.</span> 
     </span>
    </p>

    <p class='ocr_par' dir='ltr' id='par_1_20' title="bbox 835 2033 1555 2919">
     <span class='ocr_line' id='line_1_63' title="bbox 885 2033 1540 2075; baseline -0.002 -9"><span class='ocrx_word' id='word_1_405' title='bbox 885 2038 923 2066; x_wconf 76' lang='lat'>58</span> <span class='ocrx_word' id='word_1_406' title='bbox 944 2043 1018 2064; x_wconf 77' lang='lat' dir='ltr'>cnm</span> <span class='ocrx_word' id='word_1_407' title='bbox 1032 2039 1078 2065; x_wconf 80' lang='lat' dir='ltr'>est</span> <span class='ocrx_word' id='word_1_408' title='bbox 1093 2034 1256 2064; x_wconf 74' lang='lat' dir='ltr'>illud—de</span> <span class='ocrx_word' id='word_1_409' title='bbox 1267 2035 1397 2073; x_wconf 76' lang='lat' dir='ltr'>populis</span> <span class='ocrx_word' id='word_1_410' title='bbox 1399 2033 1540 2075; x_wconf 79' lang='lat' dir='ltr'>fundis]</span> 
     </span>
     <span class='ocr_line' id='line_1_64' title="bbox 835 2076 1543 2116; baseline 0 -9"><span class='ocrx_word' id='word_1_411' title='bbox 835 2077 949 2107; x_wconf 78' lang='lat' dir='ltr'>&#39;Verba</span> <span class='ocrx_word' id='word_1_412' title='bbox 963 2077 1002 2106; x_wconf 78' lang='lat' dir='ltr'>(le</span> <span class='ocrx_word' id='word_1_413' title='bbox 1014 2077 1144 2116; x_wconf 76' lang='lat' dir='ltr'>populis</span> <span class='ocrx_word' id='word_1_414' title='bbox 1154 2076 1278 2116; x_wconf 78' lang='lat' dir='ltr'>fundis</span> <span class='ocrx_word' id='word_1_415' title='bbox 1300 2076 1381 2106; x_wconf 88' lang='lat' dir='ltr'>mihi</span> <span class='ocrx_word' id='word_1_416' title='bbox 1404 2077 1543 2108; x_wconf 80' lang='lat' dir='ltr'>subinde</span> 
     </span>
     <span class='ocr_line' id='line_1_65' title="bbox 839 2118 1543 2159; baseline 0.003 -11"><span class='ocrx_word' id='word_1_417' title='bbox 839 2121 991 2159; x_wconf 76' lang='lat' dir='ltr'>‘suspecta</span> <span class='ocrx_word' id='word_1_418' title='bbox 1007 2119 1045 2148; x_wconf 84' lang='lat' dir='ltr'>de</span> <span class='ocrx_word' id='word_1_419' title='bbox 1060 2118 1168 2158; x_wconf 77' lang='lat' dir='ltr'>glossa</span> <span class='ocrx_word' id='word_1_420' title='bbox 1182 2119 1252 2149; x_wconf 77' lang='lat' dir='ltr'>visa</span> <span class='ocrx_word' id='word_1_421' title='bbox 1265 2123 1355 2148; x_wconf 85' lang='lat' dir='ltr'>sunt.</span> <span class='ocrx_word' id='word_1_422' title='bbox 1392 2119 1543 2150; x_wconf 85' lang='lat' dir='ltr'>Primum</span> 
     </span>
     <span class='ocr_line' id='line_1_66' title="bbox 841 2160 1542 2201; baseline 0 -10"><span class='ocrx_word' id='word_1_423' title='bbox 841 2161 911 2201; x_wconf 88' lang='lat' dir='ltr'>ipsa</span> <span class='ocrx_word' id='word_1_424' title='bbox 924 2161 1031 2191; x_wconf 75' lang='lat' dir='ltr'>forma</span> <span class='ocrx_word' id='word_1_425' title='bbox 1045 2162 1083 2191; x_wconf 81' lang='lat' dir='ltr'>cle</span> <span class='ocrx_word' id='word_1_426' title='bbox 1101 2162 1230 2200; x_wconf 74' lang='lat' dir='ltr'>populis</span> <span class='ocrx_word' id='word_1_427' title='bbox 1240 2160 1366 2200; x_wconf 80' lang='lat' dir='ltr'>fundis</span> <span class='ocrx_word' id='word_1_428' title='bbox 1387 2161 1470 2192; x_wconf 86' lang='lat' dir='ltr'>mihi</span> <span class='ocrx_word' id='word_1_429' title='bbox 1491 2171 1542 2191; x_wconf 85' lang='lat' dir='ltr'>re-</span> 
     </span>
     <span class='ocr_line' id='line_1_67' title="bbox 841 2202 1543 2244; baseline 0 -11"><span class='ocrx_word' id='word_1_430' title='bbox 841 2210 895 2233; x_wconf 89' lang='lat' dir='ltr'>cta</span> <span class='ocrx_word' id='word_1_431' title='bbox 919 2203 972 2232; x_wconf 82' lang='lat' dir='ltr'>vix</span> <span class='ocrx_word' id='word_1_432' title='bbox 995 2203 1063 2234; x_wconf 69' lang='lat' dir='ltr'>visa</span> <span class='ocrx_word' id='word_1_433' title='bbox 1084 2207 1147 2239; x_wconf 74' lang='lat' dir='ltr'>est,</span> <span class='ocrx_word' id='word_1_434' title='bbox 1170 2202 1402 2242; x_wconf 80' lang='lat' dir='ltr'>quodfundus</span> <span class='ocrx_word' id='word_1_435' title='bbox 1423 2203 1462 2234; x_wconf 82' lang='lat' dir='ltr'>de</span> <span class='ocrx_word' id='word_1_436' title='bbox 1484 2213 1543 2244; x_wconf 85' lang='lat' dir='ltr'>po-</span> 
     </span>
     <span class='ocr_line' id='line_1_68' title="bbox 842 2244 1544 2285; baseline 0.001 -10"><span class='ocrx_word' id='word_1_437' title='bbox 842 2245 920 2285; x_wconf 87' lang='lat' dir='ltr'>pulo</span> <span class='ocrx_word' id='word_1_438' title='bbox 940 2246 985 2274; x_wconf 85' lang='lat' dir='ltr'>sic</span> <span class='ocrx_word' id='word_1_439' title='bbox 1000 2245 1194 2285; x_wconf 85' lang='lat' dir='ltr'>simpliciter</span> <span class='ocrx_word' id='word_1_440' title='bbox 1207 2246 1260 2275; x_wconf 70' lang='lat' dir='ltr'>vix</span> <span class='ocrx_word' id='word_1_441' title='bbox 1281 2244 1344 2275; x_wconf 89' lang='lat' dir='ltr'>dici</span> <span class='ocrx_word' id='word_1_442' title='bbox 1367 2249 1488 2285; x_wconf 86' lang='lat' dir='ltr'>potest,</span> <span class='ocrx_word' id='word_1_443' title='bbox 1503 2250 1544 2276; x_wconf 75' lang='lat' dir='ltr'>ut</span> 
     </span>
     <span class='ocr_line' id='line_1_69' title="bbox 845 2286 1543 2328; baseline 0.003 -11"><span class='ocrx_word' id='word_1_444' title='bbox 845 2287 998 2318; x_wconf 78' lang='lat' dir='ltr'>dicantur</span> <span class='ocrx_word' id='word_1_445' title='bbox 1007 2288 1246 2328; x_wconf 74' lang='lat' dir='ltr'>popuIifizndi‚</span> <span class='ocrx_word' id='word_1_446' title='bbox 1261 2286 1348 2317; x_wconf 83' lang='lat' dir='ltr'>unde</span> <span class='ocrx_word' id='word_1_447' title='bbox 1362 2289 1470 2318; x_wconf 82' lang='lat' dir='ltr'>omnis</span> <span class='ocrx_word' id='word_1_448' title='bbox 1484 2288 1543 2320; x_wconf 81' lang='lat' dir='ltr'>illa</span> 
     </span>
     <span class='ocr_line' id='line_1_70' title="bbox 844 2329 1542 2361; baseline 0.001 -1"><span class='ocrx_word' id='word_1_449' title='bbox 844 2329 883 2360; x_wconf 86' lang='lat' dir='ltr'>de</span> <span class='ocrx_word' id='word_1_450' title='bbox 898 2330 959 2361; x_wconf 87' lang='lat' dir='ltr'>hac</span> <span class='ocrx_word' id='word_1_451' title='bbox 973 2339 1005 2359; x_wconf 85' lang='lat' dir='ltr'>re</span> <span class='ocrx_word' id='word_1_452' title='bbox 1021 2330 1244 2360; x_wconf 79' lang='lat' dir='ltr'>controversia</span> <span class='ocrx_word' id='word_1_453' title='bbox 1257 2335 1292 2359; x_wconf 85' lang='lat' dir='ltr'>et</span> <span class='ocrx_word' id='word_1_454' title='bbox 1307 2329 1481 2361; x_wconf 86' lang='lat' dir='ltr'>difficultas</span> <span class='ocrx_word' id='word_1_455' title='bbox 1496 2330 1542 2361; x_wconf 84' lang='lat' dir='ltr'>rei</span> 
     </span>
     <span class='ocr_line' id='line_1_71' title="bbox 845 2370 1542 2412; baseline 0.001 -10"><span class='ocrx_word' id='word_1_456' title='bbox 845 2376 925 2402; x_wconf 78' lang='lat' dir='ltr'>nata</span> <span class='ocrx_word' id='word_1_457' title='bbox 946 2377 1006 2402; x_wconf 85' lang='lat' dir='ltr'>est.</span> <span class='ocrx_word' id='word_1_458' title='bbox 1050 2370 1131 2402; x_wconf 88' lang='lat' dir='ltr'>Non</span> <span class='ocrx_word' id='word_1_459' title='bbox 1149 2376 1199 2402; x_wconf 85' lang='lat' dir='ltr'>est</span> <span class='ocrx_word' id='word_1_460' title='bbox 1214 2381 1316 2411; x_wconf 80' lang='lat' dir='ltr'>genus</span> <span class='ocrx_word' id='word_1_461' title='bbox 1330 2372 1542 2412; x_wconf 87' lang='lat' dir='ltr'>populorum,</span> 
     </span>
     <span class='ocr_line' id='line_1_72' title="bbox 845 2413 1544 2455; baseline 0.003 -12"><span class='ocrx_word' id='word_1_462' title='bbox 845 2414 930 2453; x_wconf 90' lang='lat' dir='ltr'>quod</span> <span class='ocrx_word' id='word_1_463' title='bbox 945 2415 990 2444; x_wconf 88' lang='lat' dir='ltr'>sic</span> <span class='ocrx_word' id='word_1_464' title='bbox 1004 2413 1144 2451; x_wconf 82' lang='lat' dir='ltr'>dicatur,</span> <span class='ocrx_word' id='word_1_465' title='bbox 1159 2413 1215 2444; x_wconf 89' lang='lat' dir='ltr'>sed</span> <span class='ocrx_word' id='word_1_466' title='bbox 1237 2419 1287 2444; x_wconf 82' lang='lat' dir='ltr'>est</span> <span class='ocrx_word' id='word_1_467' title='bbox 1309 2414 1396 2444; x_wconf 87' lang='lat' dir='ltr'>actio</span> <span class='ocrx_word' id='word_1_468' title='bbox 1418 2414 1544 2455; x_wconf 86' lang='lat' dir='ltr'>populi,</span> 
     </span>
     <span class='ocr_line' id='line_1_73' title="bbox 846 2455 1544 2496; baseline 0.003 -10"><span class='ocrx_word' id='word_1_469' title='bbox 846 2466 905 2496; x_wconf 88' lang='lat' dir='ltr'>per</span> <span class='ocrx_word' id='word_1_470' title='bbox 925 2465 1024 2495; x_wconf 84' lang='lat' dir='ltr'>quam</span> <span class='ocrx_word' id='word_1_471' title='bbox 1044 2455 1165 2486; x_wconf 86' lang='lat' dir='ltr'>dicitur</span> <span class='ocrx_word' id='word_1_472' title='bbox 1191 2455 1327 2494; x_wconf 75' lang='lat' dir='ltr'>alicujus</span> <span class='ocrx_word' id='word_1_473' title='bbox 1352 2457 1396 2486; x_wconf 87' lang='lat' dir='ltr'>rei</span> <span class='ocrx_word' id='word_1_474' title='bbox 1423 2457 1544 2488; x_wconf 75' lang='lat' dir='ltr'>fundus</span> 
     </span>
     <span class='ocr_line' id='line_1_74' title="bbox 846 2498 1547 2540; baseline 0.001 -12"><span class='ocrx_word' id='word_1_475' title='bbox 846 2498 954 2528; x_wconf 84' lang='lat' dir='ltr'>factus</span> <span class='ocrx_word' id='word_1_476' title='bbox 969 2508 1037 2529; x_wconf 84' lang='lat' dir='ltr'>esse</span> <span class='ocrx_word' id='word_1_477' title='bbox 1051 2509 1060 2535; x_wconf 87' lang='lat'>;</span> <span class='ocrx_word' id='word_1_478' title='bbox 1085 2507 1145 2529; x_wconf 87' lang='lat' dir='ltr'>nec</span> <span class='ocrx_word' id='word_1_479' title='bbox 1159 2498 1257 2529; x_wconf 87' lang='lat' dir='ltr'>aliter</span> <span class='ocrx_word' id='word_1_480' title='bbox 1277 2498 1418 2528; x_wconf 83' lang='lat' dir='ltr'>fundum</span> <span class='ocrx_word' id='word_1_481' title='bbox 1434 2499 1472 2530; x_wconf 82' lang='lat' dir='ltr'>de</span> <span class='ocrx_word' id='word_1_482' title='bbox 1488 2510 1547 2540; x_wconf 84' lang='lat' dir='ltr'>po-</span> 
     </span>
     <span class='ocr_line' id='line_1_75' title="bbox 848 2539 1547 2580; baseline 0.001 -9"><span class='ocrx_word' id='word_1_483' title='bbox 848 2539 928 2580; x_wconf 85' lang='lat' dir='ltr'>pulo</span> <span class='ocrx_word' id='word_1_484' title='bbox 943 2541 1006 2571; x_wconf 86' lang='lat' dir='ltr'>dici</span> <span class='ocrx_word' id='word_1_485' title='bbox 1021 2544 1114 2580; x_wconf 83' lang='lat' dir='ltr'>puto,</span> <span class='ocrx_word' id='word_1_486' title='bbox 1130 2550 1226 2579; x_wconf 83' lang='lat' dir='ltr'>quam</span> <span class='ocrx_word' id='word_1_487' title='bbox 1245 2545 1282 2570; x_wconf 86' lang='lat' dir='ltr'>ut</span> <span class='ocrx_word' id='word_1_488' title='bbox 1297 2540 1355 2570; x_wconf 73' lang='lat' dir='ltr'>ilia</span> <span class='ocrx_word' id='word_1_489' title='bbox 1369 2541 1455 2571; x_wconf 84' lang='lat' dir='ltr'>actio</span> <span class='ocrx_word' id='word_1_490' title='bbox 1470 2542 1547 2572; x_wconf 80' lang='lat' dir='ltr'>talis</span> 
     </span>
     <span class='ocr_line' id='line_1_76' title="bbox 847 2581 1547 2623; baseline 0.001 -10"><span class='ocrx_word' id='word_1_491' title='bbox 847 2583 1060 2623; x_wconf 85' lang='lat' dir='ltr'>exprimatur.</span> <span class='ocrx_word' id='word_1_492' title='bbox 1106 2583 1208 2613; x_wconf 91' lang='lat' dir='ltr'>Porro</span> <span class='ocrx_word' id='word_1_493' title='bbox 1235 2583 1262 2612; x_wconf 91' lang='lat' dir='ltr'>si</span> <span class='ocrx_word' id='word_1_494' title='bbox 1290 2581 1353 2612; x_wconf 78' lang='lat' dir='ltr'>hoc</span> <span class='ocrx_word' id='word_1_495' title='bbox 1379 2583 1446 2613; x_wconf 87' lang='lat' dir='ltr'>tale</span> <span class='ocrx_word' id='word_1_496' title='bbox 1470 2584 1547 2622; x_wconf 87' lang='lat' dir='ltr'>quid</span> 
     </span>
     <span class='ocr_line' id='line_1_77' title="bbox 848 2624 1546 2662; baseline 0 -7"><span class='ocrx_word' id='word_1_497' title='bbox 848 2625 1033 2656; x_wconf 80' lang='lat' dir='ltr'>addendum</span> <span class='ocrx_word' id='word_1_498' title='bbox 1055 2630 1139 2662; x_wconf 80' lang='lat' dir='ltr'>erat,</span> <span class='ocrx_word' id='word_1_499' title='bbox 1156 2625 1219 2655; x_wconf 84' lang='lat' dir='ltr'>dici</span> <span class='ocrx_word' id='word_1_500' title='bbox 1235 2624 1364 2654; x_wconf 66' lang='lat' dir='ltr'>videtur</span> <span class='ocrx_word' id='word_1_501' title='bbox 1386 2625 1546 2662; x_wconf 83' lang='lat' dir='ltr'>debuisse,</span> 
     </span>
     <span class='ocr_line' id='line_1_78' title="bbox 847 2666 1549 2708; baseline 0.001 -11"><span class='ocrx_word' id='word_1_502' title='bbox 847 2666 975 2708; x_wconf 83' lang='lat' dir='ltr'>dejure</span> <span class='ocrx_word' id='word_1_503' title='bbox 983 2668 1181 2707; x_wconf 80' lang='lat' dir='ltr'>populorum</span> <span class='ocrx_word' id='word_1_504' title='bbox 1186 2667 1376 2708; x_wconf 70' lang='lat' dir='ltr'>fiendorum</span> <span class='ocrx_word' id='word_1_505' title='bbox 1389 2681 1400 2700; x_wconf 92' lang='lat'><em>;</em></span> <span class='ocrx_word' id='word_1_506' title='bbox 1415 2672 1455 2697; x_wconf 84' lang='lat' dir='ltr'>ut</span> <span class='ocrx_word' id='word_1_507' title='bbox 1471 2667 1549 2698; x_wconf 72' lang='lat' dir='ltr'>inde</span> 
     </span>
     <span class='ocr_line' id='line_1_79' title="bbox 848 2709 1551 2750; baseline 0 -10"><span class='ocrx_word' id='word_1_508' title='bbox 848 2709 989 2750; x_wconf 83' lang='lat' dir='ltr'>pendeat</span> <span class='ocrx_word' id='word_1_509' title='bbox 1009 2709 1095 2749; x_wconf 74' lang='lat' dir='ltr'>qaod</span> <span class='ocrx_word' id='word_1_510' title='bbox 1115 2714 1162 2740; x_wconf 82' lang='lat' dir='ltr'>est</span> <span class='ocrx_word' id='word_1_511' title='bbox 1184 2718 1354 2740; x_wconf 78' lang='lat' dir='ltr'>com-mune</span> <span class='ocrx_word' id='word_1_512' title='bbox 1379 2710 1438 2739; x_wconf 68' lang='grc' dir='ltr'>διο.</span> <span class='ocrx_word' id='word_1_513' title='bbox 1483 2709 1551 2740; x_wconf 85' lang='lat' dir='ltr'>De-</span> 
     </span>
     <span class='ocr_line' id='line_1_80' title="bbox 851 2750 1552 2790; baseline -0.003 -8"><span class='ocrx_word' id='word_1_514' title='bbox 851 2751 919 2782; x_wconf 85' lang='lat' dir='ltr'>leto</span> <span class='ocrx_word' id='word_1_515' title='bbox 936 2756 1049 2782; x_wconf 87' lang='lat' dir='ltr'>autem</span> <span class='ocrx_word' id='word_1_516' title='bbox 1071 2751 1144 2788; x_wconf 88' lang='lat' dir='ltr'>hoc,</span> <span class='ocrx_word' id='word_1_517' title='bbox 1160 2751 1194 2781; x_wconf 91' lang='lat' dir='ltr'>id</span> <span class='ocrx_word' id='word_1_518' title='bbox 1216 2750 1360 2790; x_wconf 80' lang='lat' dir='ltr'>pertinet</span> <span class='ocrx_word' id='word_1_519' title='bbox 1382 2750 1423 2780; x_wconf 86' lang='lat' dir='ltr'>ad</span> <span class='ocrx_word' id='word_1_520' title='bbox 1445 2751 1552 2781; x_wconf 75' lang='lat' dir='ltr'>illud.-</span> 
     </span>
     <span class='ocr_line' id='line_1_81' title="bbox 850 2792 1553 2830; baseline 0.001 -7"><span class='ocrx_word' id='word_1_521' title='bbox 850 2793 988 2830; x_wconf 81' lang='lat' dir='ltr'>scilicet,</span> <span class='ocrx_word' id='word_1_522' title='bbox 1018 2793 1114 2829; x_wconf 75' lang='lat' dir='ltr'>iliud,</span> <span class='ocrx_word' id='word_1_523' title='bbox 1142 2793 1233 2829; x_wconf 78' lang='lat' dir='ltr'>dicit,</span> <span class='ocrx_word' id='word_1_524' title='bbox 1258 2792 1292 2822; x_wconf 89' lang='lat' dir='ltr'>in</span> <span class='ocrx_word' id='word_1_525' title='bbox 1321 2792 1469 2823; x_wconf 81' lang='lat' dir='ltr'>oratione</span> <span class='ocrx_word' id='word_1_526' title='bbox 1496 2793 1553 2824; x_wconf 89' lang='lat' dir='ltr'>ad-</span> 
     </span>
     <span class='ocr_line' id='line_1_82' title="bbox 849 2834 1555 2875; baseline 0.003 -12"><span class='ocrx_word' id='word_1_527' title='bbox 849 2835 984 2866; x_wconf 75' lang='lat' dir='ltr'>versarii</span> <span class='ocrx_word' id='word_1_528' title='bbox 1007 2835 1144 2875; x_wconf 81' lang='lat' dir='ltr'>plenum</span> <span class='ocrx_word' id='word_1_529' title='bbox 1168 2834 1346 2875; x_wconf 64' lang='lat' dir='ltr'>imperitiae</span> <span class='ocrx_word' id='word_1_530' title='bbox 1367 2834 1445 2871; x_wconf 77' lang='lat' dir='ltr'>fuit,</span> <span class='ocrx_word' id='word_1_531' title='bbox 1467 2836 1555 2875; x_wconf 88' lang='lat' dir='ltr'>quod</span> 
     </span>
     <span class='ocr_line' id='line_1_83' title="bbox 851 2877 1555 2919; baseline 0 -10"><span class='ocrx_word' id='word_1_532' title='bbox 851 2877 893 2909; x_wconf 77' lang='lat' dir='ltr'>ad</span> <span class='ocrx_word' id='word_1_533' title='bbox 914 2877 1053 2919; x_wconf 76' lang='lat' dir='ltr'>populos</span> <span class='ocrx_word' id='word_1_534' title='bbox 1079 2877 1260 2914; x_wconf 75' lang='lat' dir='ltr'>universos,</span> <span class='ocrx_word' id='word_1_535' title='bbox 1280 2886 1458 2917; x_wconf 82' lang='lat' dir='ltr'>eorumque</span> <span class='ocrx_word' id='word_1_536' title='bbox 1476 2878 1555 2918; x_wconf 84' lang='lat' dir='ltr'>jura</span> 
     </span>
    </p>
   </div>
  </div>
 </body>
</html>
