1785 3185
252 119 349 154 1212
839 116 874 152 Ο
887 114 921 153 R
936 116 968 152 A
979 115 1088 153 r1³10

249 217 544 260 abundantes:
573 217 646 259 sed
669 226 808 258 tamen
833 233 882 259 ea
904 219 1058 270 vicisti,
1087 221 1226 274 ¹‘2quae
1249 226 1444 259 naturam
1466 225 1508 259 ct
1529 215 1678 260 condi·

250 276 428 326 tionem,
450 284 497 316 ut
520 275 634 316 vinci
659 275 699 316 vi
724 285 911 331 possent,
937 275 1166 317 habebant.
1199 275 1314 316 nulla
1335 286 1399 316 est
1419 276 1532 316 enirn
1558 284 1677 315 tanta

249 333 328 387 yis,
359 347 456 387 quae
487 346 571 372 non
604 331 714 373 ferro
748 347 796 372 ac
831 333 990 372 viribus
1023 333 1234 373 debilitari
1266 332 1492 387 frangique
1526 331 1676 387 possit.

249 390 439 430 animum
462 389 643 440 vincere,
663 389 924 429 iracundiam
947 389 1163 439 cohibere,
1179 389 1403 430 victoriam
1426 400 1677 443 temperare,

250 447 536 487 adversarium
577 446 816 495 nobilitate,
855 446 1044 501 ingenio,
1077 446 1234 486 virtute
1267 455 1555 501 praestantem,
1591 458 1674 485 non

247 504 380 545 modo
400 503 604 544 extollere
628 503 862 557 jacentem,
887 503 958 541 scd
979 502 1106 542 etiam
1140 501 1400 557 amplificare
1421 502 1512 556 ejus
1536 501 1678 556 pristi-

250 575 348 602 nam
370 560 650 616 dignitatem:
684 559 777 598 liaec
799 558 870 611 qui
895 557 1038 608 faciat,
1057 573 1140 598 non
1166 573 1247 613 ego
1265 572 1362 598 eum
1379 574 1476 598 cum
1500 558 1676 598 summis

213 617 351 660 9viris
373 631 590 673 comparo,
612 614 968 657 sed·'simillin1u1n
994 614 1272 669 Dcojudico.
1314 614 1478 669 ltaque,
1503 614 1553 655 C.
1578 614 1675 655 Cae-

251 690 330 725 sar,
357 675 518 716 bellicae
541 685 626 714 tuae
650 671 792 712 laudes
813 671 1143 712 celebrabuntur
1169 671 1252 712 illae
1282 671 1456 725 quidem
1489 685 1572 711 non
1607 686 1676 711 so-

249 732 338 773 lum
361 731 532 780 nostris,
556 729 627 770 sed
660 742 782 784 paene
804 728 998 768 omnium
1028 728 1224 784 gentium
1253 728 1404 768 litteris
1437 738 1564 782 atque
1596 726 1677 768 lin-

250 789 360 844 guiS,
384 801 520 842 neque
543 786 627 826 ulla
648 799 848 839 uniquam
870 793 973 825 aetas
995 785 1047 826 de
1069 786 1153 826 tuis
1175 785 1370 826 laudibus
1388 785 1674 826 conticescet:

249 846 322 886 sed
347 854 486 885 tamen
510 842 720 898 ejusmodi
743 846 822 890 res,
845 842 988 882 nescio
1010 843 1384 897 quomodo‚etiam
1408 855 1503 882 cum
1527 840 1677 896 legun-

249 912 332 953 tur,
347 901 537 956 obstrepi
557 900 741 940 clamore
761 897 946 938 militum
965 899 1175 949 videntur,
1194 910 1237 940 et
1255 900 1453 940 tubarum
1477 912 1607 939 sono:
1631 906 1676 938 at

249 973 349 1000 vero
373 973 470 998 cum
492 956 652 1011 aliquid
675 956 919 1004 clementer,
942 966 1175 1006 mansuete,
1200 957 1333 1011 juste,
1355 955 1587 1005 moderate,
1610 969 1675 995 sa-

249 1017 414 1071 pienter
447 1015 623 1063 factum,
653 1013 697 1053 in
732 1012 953 1053 iracundia
984 1014 1236 1067 praesertim,
1272 1028 1368 1067 quae
1401 1021 1464 1054 est
1502 1012 1676 1052 inimica

205 1090 236 1121 b.
250 1073 444 1121 consilio,
466 1081 509 1111 et
531 1071 573 1110 in
597 1070 791 1119 victoria,
813 1083 910 1123 quae
941 1079 1092 1110 natura
1114 1069 1298 1110 insolens
1319 1079 1364 1110 et
1392 1070 1575 1125 superba
1596 1078 1675 1118 est,

250 1141 322 1170 aut
360 1128 570 1177 audimus,
608 1137 682 1167 aut
720 1126 927 1180 legimus:
970 1141 1055 1180 quo
1095 1127 1236 1168 studio
1269 1126 1550 1177 incendimur,
1588 1140 1674 1165 non

248 1186 377 1227 modo
414 1185 504 1224 ¹3in
535 1184 667 1239 gestis
700 1183 838 1233 rebus,
871 1182 943 1223 sed
964 1183 1092 1224 etiam
1124 1184 1167 1225 in
1204 1183 1330 1234 fictis,
1360 1193 1408 1224 ut
1439 1197 1510 1224 eos
1543 1197 1673 1237 saepe,

186 1258 356 1299 loquos
386 1255 621 1295 numquam
652 1240 851 1291 vidimus,
880 1238 1139 1295 diligamus?
1175 1240 1237 1281 Te
1274 1255 1387 1291 vero,
1408 1255 1534 1295 quem
1567 1254 1674 1295 prae—

250 1312 412 1341 sentem
444 1299 673 1348 intuemur,
695 1297 818 1352 cujus
849 1306 1036 1344 mentem
1065 1311 1295 1352 sensusque
1315 1306 1358 1338 et
1378 1311 1425 1337 os
1447 1297 1674 1345 cernimus,

251 1359 288 1388 14
303 1368 363 1408 ut,
386 1355 593 1411 quidquid
617 1354 714 1395 belli
738 1355 911 1395 fortuna
932 1353 1141 1409 reliquum
1166 1354 1411 1410 reipublicae
1444 1353 1607 1404 fecerit,
1630 1353 1672 1393 id

246 1428 337 1454 esse
359 1414 521 1454 salvum
544 1412 660 1462 velis,
680 1412 835 1466 quibus
858 1410 1053 1452 laudibus
1072 1411 1324 1453 efferemus?
1345 1411 1501 1466 quibus
1523 1409 1673 1451 studiis

246 1472 580 1527 prosequemur?
612 1484 696 1524 qua
734 1468 1024 1510 benivolentia
1054 1469 1417 1525 complectemur?
1470 1467 1674 1516 Parietes,

245 1528 410 1568 medius
434 1527 575 1577 fidius,
600 1530 695 1566 ¹5ut
716 1525 823 1566 mihi
846 1525 1056 1577 videntur,
1078 1525 1206 1581 hujus
1228 1526 1373 1575 curiae,
1405 1525 1485 1565 tibi
1517 1524 1674 1580 gratias

246 1600 372 1641 agere
395 1585 600 1640 gestiunt,
626 1583 662 1614 16
674 1583 790 1638 quod
814 1582 930 1623 brevi
951 1591 1142 1639 tempore
1162 1583 1305 1624 futura
1323 1582 1378 1622 sit
1399 1581 1471 1623 illa
1487 1580 1673 1622 auctori-

199 1647 235 1693 4
250 1651 311 1684 tas
330 1643 373 1683 in
390 1641 455 1682 his
473 1641 684 1695 majorum
704 1653 877 1680 suorum
888 1648 932 1679 et
950 1640 1034 1680 suis
1055 1640 1239 1681 sedibus.
1273 1638 1484 1694 Equidem
1500 1653 1598 1679 cum
1618 1637 1669 1677 C.
1784 1677 1785 1682 ,

249 1699 461 1749 Marcelli,
475 1699 554 1738 viri
570 1697 740 1752 optimi,
755 1706 798 1737 et
810 1697 1176 1738 commemorabili
1194 1697 1353 1753 pietate
1370 1695 1536 1750 praediti
1553 1694 1674 1735 lacri-
1784 1717 1785 1746 l

245 1771 336 1797 mas
359 1759 393 1790 ¹7
403 1755 531 1796 modo
546 1755 768 1796 vobiscum
784 1753 985 1803 viderem,
999 1753 1193 1794 omnium
1208 1752 1510 1794 Marcellorum
1530 1765 1673 1792 meum
1783 1771 1785 1791 A

244 1823 394 1869 pectus
417 1812 624 1854 memoria
645 1810 830 1852 obfudit.
850 1811 1005 1865 quibus
1029 1821 1073 1851 tu
1096 1811 1225 1851 etiam
1248 1809 1441 1858 mortuis,
1467 1808 1533 1850 M.
1555 1808 1675 1849 Mar·
1784 1819 1785 1823 ¹

243 1870 350 1911 cello
372 1879 640 1919 conservato,
661 1868 918 1924 dignitatem
943 1882 1062 1908 suam
1085 1868 1321 1917 reddidisti,
1344 1866 1675 1907 nobilissimam-

244 1942 328 1982 que
357 1926 577 1976 familiam,
604 1926 699 1980 jam
729 1925 781 1966 ad
814 1939 971 1979 paucos
1005 1925 1234 1975 redactam,
1268 1938 1390 1979 paene
1423 1924 1477 1964 ab
1500 1922 1677 1963 interitu

185 1999 229 2033 11
247 1984 487 2026 vindicasti.
548 1982 680 2025 Hunc
703 1992 747 2023 tu
781 1981 913 2037 igitur
933 1981 1048 2022 diem
1071 1982 1153 2023 tuis
1184 1981 1385 2023 maximis
1407 1991 1451 2020 et
1482 1980 1676 2021 innume-

981 2105 1076 2126 sensu
1091 2106 1169 2126 esse.
1216 2095 1288 2125 Hoc
1313 2103 1379 2123 non
1403 2093 1547 2124 videntes
1569 2102 1675 2123 corre-

290 2100 327 2129 12
375 2107 423 2129 11oe
456 2102 616 2129 naturam
643 2101 674 2127 et
709 2096 919 2127 conditionem

353 2109 371 2138 q
920 2095 934 2134 ]
980 2148 1055 2168 xere
1078 2147 1248 2177 sensusque
1271 2147 1319 2166 eos
1341 2137 1514 2172 ceruimus,
1533 2135 1675 2165 Faernus

243 2139 357 2170 Delcvi
372 2145 403 2170 et
425 2146 503 2171 ante
524 2145 696 2177 naturam,
711 2140 788 2178 quia
810 2144 879 2169 nat.
904 2143 938 2168 et

243 2182 389 2212 conditio
403 2187 481 2212 sunt
496 2192 687 2223 synonyma.
709 2181 826 2212 Abesse
842 2181 938 2211 no‘tat

243 2225 390 2254 Graevius
405 2235 425 2254 a
447 2224 510 2255 Ms.
527 2224 644 2254 Dresd.
668 2224 760 2254 abest
776 2229 808 2253 et
832 2223 872 2252 ab
887 2222 937 2253 ed.

242 2266 298 2297 W.
323 2267 356 2296 in
371 2276 434 2304 qua
455 2273 489 2296 ct
511 2271 558 2296 est
582 2271 619 2296 ut
639 2266 725 2295 vinci
746 2267 778 2295 ω’
796 2268 936 2304 possent,

243 2314 281 2338 ut
297 2313 329 2338 et
347 2308 379 2338 in
395 2308 444 2338 cd.
463 2311 554 2339 1430.
567 2312 601 2338 et
615 2308 745 2338 Juntae:
763 2307 855 2345 idque
872 2316 938 2336 uon

242 2350 429 2390 spreverim.
446 2360 521 2380 nam
545 2351 590 2379 sic
609 2350 791 2380 accuratius
813 2349 873 2378 hoc
889 2358 938 2379 reu

244 2392 381 2432 spondet
395 2392 617 2431 sequentibus,
633 2401 702 2431 quoe
716 2390 884 2430 non-ferro
898 2400 938 2420 ac

243 2433 495 2474 viribusfi‘augi
510 2434 568 2464 διο.

291 2479 326 2507 13
342 2478 375 2506 in
387 2475 674 2515 gestis—infletis]
693 2475 870 2514 Eleganter
881 2485 939 2513 ge-

245 2519 304 2549 stis
317 2529 375 2559 pro
390 2519 485 2554 veris,
501 2523 538 2547 ut
551 2517 715 2547 antitheta
730 2522 837 2547 esseut
850 2517 939 2547 sirni-

246 2561 339 2591 liora.
352 2570 467 2599 gerere
479 2559 607 2598 quidem
623 2570 673 2589 res
688 2565 721 2589 ct
732 2560 867 2600 fingere
886 2569 939 2588 ac·

246 2608 358 2633 curate
385 2609 608 2642 opponuntur.
655 2601 713 2631 lid.
744 2602 794 2631 W.
826 2609 938 2630 minen

243 2646 343 2676 certis
357 2644 468 2675 habet.

295 2691 329 2717 14
344 2691 391 2723 ul,
408 2686 558 2726 quiequid
573 2685 646 2724 δια]
671 2684 713 2715 Ut
729 2694 794 2714 non
811 2683 938 2714 videtur

244 2727 376 2764 habere,
391 2739 455 2768 quo
478 2729 647 2758 referatur.
663 2737 778 2766 nempe
796 2726 935 2756 refertur

242 2771 284 2800 ad
303 2775 440 2800 mentem
464 2780 645 2809 sensusque,
660 2775 816 2808 tanquam
840 2769 864 2798 si
889 2768 935 2798 di—

243 2813 354 2849 xisset,
375 2823 473 2851 quern
497 2813 659 2843 cernimus
684 2811 742 2841 bac
766 2817 875 2841 rueme
899 2822 935 2841 ac?

979 2187 1014 2210 et
1029 2179 1097 2217 alii,
1113 2180 1271 2221 probante
1287 2184 1320 2208 ct
1336 2178 1474 2208 Graevio.

1026 2225 1061 2253 15
1076 2227 1114 2253 ut
1129 2223 1209 2252 mim*
1225 2219 1389 2258 videniur]
1415 2220 1466 2249 Sic
1482 2228 1608 2258 semper
1630 2217 1674 2248 le-

980 2264 1123 2302 gendum
1151 2264 1274 2304 putavi.
1318 2263 1371 2291 Sic
1393 2262 1471 2291 Mss.
1497 2260 1672 2291 Colonien-

980 2316 1041 2342 seS,
1065 2312 1149 2336 teste
1174 2306 1327 2335 Grutem.
1372 2303 1486 2333 Delevi
1514 2303 1547 2333 C.
1570 2302 1676 2333 Caesar

980 2349 1167 2378 auctoribus
1198 2347 1285 2377 libris
1314 2345 1455 2384 antiquis
1484 2350 1518 2375 et
1545 2354 1578 2375 re
1607 2345 1676 2385 ipsa

981 2390 1150 2420 suadente.

1026 2433 1062 2461 16
1073 2432 1156 2471 quod
1164 2431 1250 2460 brevi
1261 2428 1579 2468 tempore—sedibus]
1596 2429 1673 2459 Sen—

981 2483 1034 2503 sus
1050 2479 1099 2503 est
1113 2485 1123 2503 ;
1147 2472 1233 2511 quod
1256 2472 1312 2501 illa
1335 2472 1472 2510 pristina
1496 2471 1674 2501 auctoritas

979 2521 1112 2546 senatus
1135 2526 1209 2545 mox
1233 2523 1341 2543 rursus
1365 2513 1553 2544 habitatura
1573 2513 1615 2542 sit
1639 2513 1672 2542 in

981 2557 1042 2588 hac
1063 2557 1165 2593 curia,
1192 2557 1225 2585 iu
1245 2566 1307 2595 qua
1322 2561 1354 2585 ct
1378 2555 1464 2594 apud
1487 2557 1624 2594 majoros
1640 2560 1673 2584 et

982 2610 1085 2639 nuper
1099 2605 1264 2629 senatores
1286 2597 1461 2637 plurimum
1478 2597 1674 2627 auctoritate

982 2642 1170 2672 valuissent.
1187 2649 1218 2670 v.
1236 2642 1379 2669 (ἔτυμον.
1393 2639 1470 2668 obs.
1488 2639 1543 2674 lv,
1563 2639 1610 2669 16.

1028 2686 1061 2717 17
1077 2685 1166 2713 modo
1177 2683 1333 2712 vobiscum
1353 2681 1506 2720 viderem]
1527 2681 1574 2710 An
1590 2680 1674 2710 vide-

982 2727 1054 2756 bam
1067 2726 1082 2754 ,7
1107 2735 1182 2755 nam
1198 2734 1332 2762 sequens
1353 2723 1491 2754 refertur
1513 2722 1672 2762 adipsum

979 2774 1090 2798 actum
1107 2774 1141 2797 ct
1156 2776 1296 2805 tempus,
1313 2775 1378 2804 quo
1393 2765 1534 2802 videbat,
1558 2765 1591 2794 in
1609 2774 1672 2801 quo

979 2820 1053 2840 cum
1070 2809 1281 2840 indicativum
1297 2807 1405 2838 habet.

1784 1688 1785 1699 ,

1782 1931 1785 1982 Ξ

1782 1986 1785 2034 2

1782 2049 1785 2113 l

1782 2118 1785 2163 ³

1780 2177 1785 2244 ‚³

1781 2244 1785 2315 l

1780 2318 1785 2379 l
