1817 3169
240 142 340 177 1118
818 141 1068 180 ORATIO

241 242 365 284 Prius
396 242 509 285 enim
530 242 692 295 Gallus,
715 243 813 287 dein
836 245 1098 298 Gallicanus,
1119 252 1313 288 extremo
1345 245 1669 304 Semiplacenti—

240 313 319 341 nus
341 300 488 342 haberi
511 311 682 357 coeptus
706 312 784 342 est.

573 389 764 431 CIRCA
796 390 966 432 VERS.
998 390 1037 432 A
1071 391 1332 433 PRIMO*

305 460 548 504 Lautiorem
571 465 723 519 ‘Zpater
752 473 848 504 tuus
881 478 1088 515 socerum,
1111 479 1238 519 quam
1273 465 1323 506 C.
1361 464 1459 505 Piso
1482 465 1566 506 *in
1601 464 1672 506 illo

246 515 388 559 luctu:
422 533 506 561 non
541 520 578 560 ei
615 520 745 561 filiam
780 534 914 560 meam
953 521 1174 570 collocavi,
1197 535 1321 574 quem
1355 536 1451 576 ego,
1485 532 1672 578 potestas

247 589 346 615 cuin
367 577 557 617 omnium
581 576 744 627 fuisset,
767 591 896 618 unum
921 577 1189 632 potissimum
1211 577 1476 632 delegissem.

208 627 230 674 1
306 631 361 658 Ἠ
375 631 530 674 Jamne
557 634 688 684 vides,
714 632 1029 688 bellua,ja1nne
1062 634 1206 683 sentis,
1240 649 1335 688 quae
1367 634 1422 674 sit
1451 634 1675 676 hominum

216 688 419 742 lquereia
449 688 602 731 frontis
634 693 744 732 tuae?
775 704 900 730 nemo
933 691 1136 745 queritur,
1160 690 1329 744 Syrum,
1360 692 1502 732 nescio
1533 706 1675 746 quern,

247 745 300 786 de
321 760 451 802 grege
472 746 754 798 noviciorum,
778 746 939 787 factum
971 762 1060 787 esse
1090 747 1323 787 consulem.
1346 762 1431 787 non
1463 749 1574 788 enim
1599 762 1676 788 nos

246 802 363 843 color
383 803 460 843 iste
480 803 656 855 servilis,
678 819 763 844 nou
788 803 933 858 pilosae
954 818 1090 859 genae,
1109 818 1192 844 non
1211 803 1358 844 dentes
1377 804 1534 859 putridi
1554 804 1676 845 dece-

246 868 425 914 perunt:
459 860 586 912 oculi,
621 860 860 916 supercilia,
893 859 1024 910 frons,
1057 860 1196 901 vultus
1229 861 1411 915 denique
1445 872 1573 911 totus,
1604 862 1677 916 qui

249 930 385 956 sermo
411 917 583 971 quidam
619 918 772 957 tacitus
807 917 961 957 mentis
990 927 1068 966 est,
1092 916 1161 957 hic
1185 917 1224 957 in
1260 918 1449 958 fraudem
1487 918 1679 958 homines

250 972 443 1027 impulit:
478 973 546 1013 hic
577 987 664 1024 eos,
687 974 842 1028 quibus
874 981 966 1014 erat
995 973 1182 1028 ignotus,
1212 974 1395 1030 decepit,
1428 974 1592 1025 fefellit,
1614 975 1680 1016 in-

249 1028 387 1069 duxit.
413 1029 535 1084 pauci
566 1030 648 1070 ista
680 1040 751 1070 tua
781 1029 992 1072 lutulenta
1012 1031 1117 1070 vitia
1138 1045 1415 1082 noveramus;
1448 1032 1571 1087 pauci
1597 1041 1681 1073 tar-

247 1086 425 1127 ditatem
466 1086 644 1141 ingenii,
684 1096 918 1143 stuporem,
954 1087 1302 1144 debilitatemque
1341 1088 1513 1144 linguae.
1559 1103 1683 1130 num-

250 1157 376 1198 quam
400 1152 491 1184 erat
512 1144 658 1184 audita
680 1159 765 1185 vox
788 1145 831 1185 in
855 1144 974 1186 foro:
1006 1158 1236 1200 numquam
1262 1145 1494 1201 periculum
1519 1145 1682 1188 factum

247 1199 443 1242 consilii:
475 1199 637 1241 nullum
666 1215 754 1242 non
785 1202 914 1243 modo
944 1201 1120 1253 illustre,
1151 1202 1224 1242 sed
1254 1217 1305 1243 ne
1337 1213 1484 1243 notum
1507 1203 1680 1258 quidem

253 1255 415 1298 factum
436 1267 511 1298 aut
532 1257 713 1309 militiae,
736 1267 810 1299 aut
833 1259 965 1300 domi.
988 1259 1215 1314 obrepsisti
1246 1259 1298 1300 ad
1331 1258 1512 1300 honores
1543 1274 1683 1302 errore

254 1313 492 1365 hominum,
525 1315 898 1357 commendatione
928 1315 1191 1358 fumosarum
1223 1316 1474 1371 imaginum,
1504 1331 1684 1372 quarum

216 1379 240 1413 2
255 1369 392 1411 simile
412 1370 543 1412 habes
565 1372 688 1423 nihil,
711 1380 866 1428 praeter
889 1373 1091 1414 colorem.
1153 1372 1194 1414 Is
1229 1373 1334 1414 mihi
1365 1373 1494 1414 etiam
1527 1373 1683 1429 gioria-

256 1427 384 1477 bitur,
407 1442 450 1469 se
481 1443 629 1470 omnes
655 1430 929 1486 magistratus
951 1430 1042 1471 sine
1070 1430 1238 1486 repulsa
1266 1433 1535 1472 assecutum?
1567 1430 1684 1473 Mihi

252 1484 335 1525 ista
366 1485 466 1527 licet
497 1486 550 1527 de
578 1500 660 1538 me,
685 1501 782 1528 vera
810 1501 908 1528 cum
941 1487 1091 1544 gloria,
1113 1487 1359 1544 praedicare.
1391 1501 1536 1528 omnes
1569 1489 1686 1530 enim

253 1540 436 1583 honores
459 1542 642 1599 populus
667 1543 888 1601 Romanus
911 1543 1050 1585 3mihi
1072 1544 1168 1600 ipsi,
1188 1544 1350 1585 homini
1375 1559 1502 1596 novo,
1519 1544 1687 1587 detulit.

256 1597 386 1650 Nam,
401 1609 445 1640 tu
468 1615 565 1641 cum
588 1609 776 1655 quaestor
791 1615 834 1642 es
854 1600 1007 1652 factus,
1020 1601 1150 1642 etiam
1166 1602 1239 1657 qui
1264 1611 1303 1642 te
1323 1616 1554 1656 numquam
1569 1602 1685 1644 vide-

257 1663 366 1706 rant,
389 1667 531 1698 tamen
555 1656 672 1698 illum
696 1657 901 1700 honorem
924 1659 1087 1700 nomini
1110 1659 1370 1699 mandabant
1393 1668 1480 1699 tuO.
1532 1659 1686 1700 AEdilis

256 1726 299 1752 es
320 1711 473 1755 factus.
535 1712 635 1757 Piso
657 1723 722 1756 est
744 1730 768 1755 a
792 1715 951 1771 populo
978 1715 1175 1757 Romano
1200 1715 1352 1765 factus,
1371 1729 1454 1756 non
1475 1716 1553 1756 iste
1572 1716 1688 1759 Piso.

259 1767 455 1811 Praetura
474 1770 578 1812 item
598 1771 833 1825 majoribus
856 1772 996 1813 delata
1024 1781 1089 1813 est
1119 1772 1217 1813 tuis.
1239 1773 1330 1813 noti
1352 1783 1470 1813 erant
1494 1772 1552 1813 ilii
1575 1787 1689 1814 mor-

259 1825 347 1867 tui:
380 1835 422 1867 te
450 1828 596 1869 vivum
628 1829 816 1870 nondum
848 1838 1025 1871 noverat
1045 1829 1284 1885 quisquam.
1346 1828 1423 1869 Me
1451 1843 1550 1870 cum
1572 1844 1691 1884 quae-

146 1892 418 1936 p.80.storem
450 1884 492 1925 in
524 1885 686 1940 primis,
717 1885 881 1927 aedilem
908 1887 1104 1942 priorem,
1125 1896 1351 1942 praetorem
1377 1887 1559 1941 primum
1584 1901 1692 1928 cun-

216 1940 340 1980 ³·ctis
363 1940 577 1998 suffragiis
601 1942 782 1998 populus
806 1942 1023 1985 Romanus
1048 1943 1253 1985 faciebat:
1278 1943 1439 1984 homini
1463 1943 1531 1984 ille
1554 1943 1691 1985 bono-

259 2010 364 2048 rem,
406 2012 493 2040 non
533 2000 705 2055 generi;
736 2000 940 2051 moribus,
978 2015 1065 2041 non
1106 2001 1341 2056 majoribus
1380 2000 1510 2052 meis;
1543 2000 1689 2042 virtuti

259 2064 509 2110 perspectae,
532 2070 617 2096 non
640 2056 799 2099 auditae
822 2058 1037 2099 nobilitati
1054 2057 1287 2099 deferebat.
1349 2057 1462 2098 Nam
1483 2057 1585 2113 quid
1607 2073 1690 2114 ego

257 2111 310 2151 de
332 2113 555 2154 consulatu
577 2112 752 2169 loquar?
784 2123 907 2171 parto
940 2115 1015 2166 vis,
1037 2129 1145 2156 anne
1176 2117 1326 2170 gesto?
1358 2114 1569 2155 Miserum
1597 2115 1688 2157 me!

257 2181 356 2208 cum
379 2169 458 2211 hac
480 2184 549 2212 me
571 2185 684 2212 nunc
708 2183 826 2226 peste
847 2181 975 2228 atque
1000 2171 1094 2214 labe
1117 2172 1319 2214 confero?
1352 2172 1422 2212 sed
1445 2171 1551 2214 nihil
1574 2186 1692 2212 corn-

259 2226 434 2279 parandi
469 2241 596 2268 causa
625 2227 798 2282 loquar:
833 2231 910 2270 4at
943 2238 1086 2270 tamen
1118 2244 1180 2280 ea,
1204 2244 1300 2285 quae
1325 2237 1422 2268 sunt
1444 2228 1692 2284 longissime

259 2281 489 2336 disjuncta,
504 2285 883 2339 comprehendam.
941 2285 1008 2328 Tu
1027 2287 1177 2329 consul
1206 2300 1249 2327 es
1280 2285 1544 2326 renuntiatus
1567 2285 1695 2339 (nihil

302 2416 322 2445 2
339 2419 438 2454 pater
459 2420 534 2446 {rcus
547 2416 706 2456 socerum]
732 2417 956 2457 calventium,
1001 2419 1035 2450 in
1059 2419 1108 2450 ed.
1132 2429 1179 2460 pr.
1200 2419 1329 2450 Asconii
1353 2424 1431 2450 sunt
1454 2419 1616 2459 quiedam,
1638 2419 1694 2450 sed

260 2454 300 2487 de
314 2467 377 2496 quo
393 2458 511 2497 passim
524 2458 557 2488 in
572 2458 631 2488 hac
646 2460 806 2497 oratione,
819 2466 853 2491 et
868 2461 956 2492 alibi.
1000 2462 1072 2492 aliis
1091 2462 1169 2492 locis
1191 2472 1330 2501 quoque.
1375 2463 1439 2492 Hic
1462 2472 1601 2493 vacuum
1623 2471 1696 2502 spa-

263 2497 341 2529 Post
361 2499 394 2530 C.
413 2499 491 2529 Piso
506 2500 539 2529 in
556 2500 619 2530 Ms.
636 2500 742 2531 Graev.
755 2507 825 2532 erat
841 2502 960 2535 lacuna
1001 2503 1085 2535 tium
1100 2508 1150 2534 est
1164 2509 1237 2544 post
1254 2506 1435 2534 lautiorem.

263 2539 401 2571 duorum
423 2542 561 2572 triumve
577 2542 760 2574 verborum.
807 2545 891 2574 Puto
905 2555 959 2575 ex·
1043 2548 1061 2576 3
1085 2548 1164 2576 mim
1179 2547 1252 2586 ipsi]
1279 2547 1300 2577 i.
1317 2557 1346 2576 e.
1366 2551 1498 2587 propter
1519 2556 1626 2577 meam
1648 2545 1696 2577 di-

264 2582 376 2614 cidisse
388 2592 490 2622 gener
504 2593 605 2620 meus,
621 2584 707 2623 quod
729 2586 901 2626 respondet
916 2590 958 2629 τῷ
1000 2588 1174 2627 gnitatcm,
1191 2598 1256 2618 non
1272 2590 1444 2627 majorum,
1460 2599 1597 2628 quorum
1613 2590 1696 2620 ima-

260 2629 358 2664 pater
373 2630 458 2656 tuus.
472 2627 507 2656 in
522 2627 576 2655 illo
592 2627 692 2662 luctu,
709 2636 824 2668 nempe
840 2639 857 2657 e
873 2630 958 2660 cala-
1001 2631 1092 2669 gines
1107 2630 1212 2660 nullas
1235 2630 1346 2666 habui,
1363 2637 1459 2669 atque
1483 2640 1604 2661 nornen
1628 2641 1699 2661 me-

265 2667 380 2698 mitate
396 2677 480 2698 mea.
527 2667 589 2698 Hic
605 2678 730 2708 quoque
753 2670 870 2701 lacuna
889 2678 959 2702 erat
1002 2672 1166 2710 um‚quod
1180 2682 1245 2701 non
1260 2673 1301 2702 ob
1318 2674 1453 2711 majores
1463 2673 1587 2703 clarum
1600 2678 1696 2705 esset.

265 2708 298 2738 in
313 2709 369 2739 illo
387 2709 517 2740 Codice.
561 2710 611 2740 An
628 2710 747 2742 excidit
763 2713 896 2743 verbum
919 2714 959 2744 ad
1043 2716 1063 2743 4
1078 2723 1117 2743 ac
1132 2719 1241 2744 tamen
1255 2714 1307 2753 ea]
1323 2714 1495 2745 Turnebus
1507 2715 1589 2745 Adv.
1601 2714 1696 2752 XXI,

266 2749 394 2781 laudem
414 2751 536 2781 Pisonis
551 2753 739 2792 pertinens?
762 2755 812 2785 cni
830 2765 961 2795 respon·
1006 2758 1054 2786 15.
1071 2756 1204 2795 corrigit
1219 2761 1254 2785 at
1269 2761 1390 2793 tamen,
1408 2757 1493 2796 quod
1507 2762 1636 2787 secutus
1648 2762 1700 2788 est

266 2792 365 2823 deant
390 2794 581 2832 sequentia?
606 2795 640 2824 in
668 2795 783 2834 quibus
811 2801 891 2836 puto
917 2798 962 2828 le·
1005 2797 1195 2828 Lambinus.
1232 2799 1293 2828 Sed
1309 2799 1434 2838 sicjam
1450 2800 1548 2830 estin
1562 2799 1633 2829 edd.
1649 2808 1699 2839 pr.

266 2834 409 2872 gendum
437 2846 517 2866 nam
544 2846 603 2876 pro
631 2847 704 2868 non.
750 2838 810 2868 Hae
836 2838 963 2870 lacunae
1005 2839 1085 2870 Inde
1108 2841 1217 2880 itaque
1240 2841 1380 2873 restitui.
1401 2851 1441 2873 ac
1454 2845 1567 2873 tamen
1588 2845 1638 2872 est
1659 2840 1700 2874 ab

265 2881 379 2910 tamen
403 2877 539 2910 fortasse
562 2883 639 2910 sunt
661 2880 821 2913 fortuitae.
839 2890 915 2914 nain
929 2888 965 2914 et
1005 2882 1099 2915 Aldu.
