1785 3185
243 109 344 145 1364
829 107 1089 147 ORATIO

240 209 356 251 enim
387 209 517 261 dices,
540 225 689 267 pacem
721 212 827 253 velle
858 217 932 255 te?
964 227 1026 254 res
1059 212 1244 267 geritur:
1277 211 1504 253 conductae
1534 212 1674 253 vineae

242 276 367 308 sunt:
400 278 615 323 pugnatur
646 270 873 311 acerrime:
906 271 978 324 qui
1011 271 1353 320 immo-‚urrerem
1375 269 1568 310 misimus
1591 281 1674 309 tres

243 324 459 379 principes
490 325 692 366 civitatis.
717 326 793 367 llos
824 327 1067 375 contemsit,
1090 326 1253 389 ujtcit,
1275 327 1516 381 repudiavit
1537 325 1677 366 Anto-

248 395 357 420 nius.
380 391 426 421 tu
449 391 590 423 tamen
622 397 842 438 pe1manes
871 384 1241 423 constantissimus
1263 384 1458 424 (1(τ·’1”5115οι
1480 381 1678 423 Antonii.

188 435 236 471 18
250 436 306 479 st
327 438 517 492 quidem,
538 454 624 494 quo
652 440 800 480 melior
831 449 1000 479 senator
1022 440 1230 487 videatur,
1251 451 1379 494 negat
1411 455 1453 480 se
1484 439 1541 480 illi
1574 438 1682 479 ami-

248 509 346 535 cum
368 510 459 536 csse
480 497 658 538 debere:
687 500 721 529 27
713 510 833 536 cum
857 510 933 536 suo
956 511 1114 551 magno
1136 506 1246 536 esset
1268 496 1493 547 beneficio,
1515 495 1681 536 venisse

248 566 347 592 eum
380 563 531 593 contra
560 567 617 594 se.
679 552 803 602 Vide,
836 562 996 607 quanta
1024 553 1178 594 caritas
1209 553 1262 593 sit
1296 553 1460 608 patriae.
1482 568 1579 594 cum
1602 551 1682 591 ho-

248 609 355 650 mini
378 610 432 650 sit
458 610 603 660 iratus,
627 618 767 649 tamen
792 609 1039 664 reipublicae
1062 624 1189 649 eausa
1211 609 1403 650 defendit
1427 610 1680 649 Antonium.

252 664 348 721 Ego
385 677 440 717 te,
473 681 571 706 cum
606 667 648 706 in
690 665 981 706 Massilienses
1014 675 1100 706 tam
1141 666 1196 705 sis
1231 667 1424 717 acerbus,
1458 666 1568 716 Fufi,
1597 679 1683 705 non

249 724 395 764 animo
426 736 551 777 aequo
582 722 725 763 audio.
786 722 1024 777 Quousque
1053 723 1165 763 enim
1196 722 1434 763 Massiliam
1459 736 1684 778 oppugna-

252 779 347 820 bis?
409 780 476 820 Ne
509 779 749 835 triumphus
771 780 944 831 quidem
977 780 1103 821 finem
1129 779 1230 820 fecit
1255 780 1379 821 belli?
1410 783 1449 809 2⁸
1462 794 1535 835 per
1556 792 1685 840 quem

250 836 338 877 lata
358 846 423 877 est
446 837 544 876 urbs
567 850 630 887 ea,
654 836 743 876 sine
765 851 849 891 qua
874 851 1107 892 numquam
1138 851 1192 877 ex
1224 836 1281 877 Tr
1284 852 1369 877 1115
1362 837 1514 892 rlpnns
1545 834 1686 891 genti-

253 894 332 934 bus
355 908 395 934 m
402 893 538 947 ajeles
560 893 694 934 nostri
718 893 1051 948 triumpharunt.
1085 894 1185 940 Quo
1204 895 1374 948 quidem
1398 904 1589 948 tempore
1612 905 1688 948 po-

253 950 378 1006 pulus
403 950 625 991 Romanus
648 950 874 1005 ingemuit.
894 965 1153 1005 quaznnqulm
1175 966 1287 991 eninr
1308 952 1502 1014 proprios
1522 949 1689 990 dolores

256 1022 427 1049 suarum
451 1021 587 1048 lerum
612 1021 760 1047 omncs
783 1007 1024 1049 habebant:
1058 1017 1198 1048 tamen
1229 1008 1355 1063 liujus
1377 1008 1495 1048 civit·
1498 1007 1565 1047 rtis
1589 1005 1690 1046 fide-

258 1064 431 1105 lissimae
454 1064 660 1127 mise1ias‚
681 1078 808 1104 nemo
830 1076 920 1105 crat
941 1064 1062 1115 ciris,
1082 1065 1154 1119 qui
1178 1080 1201 1105 ι
1223 1080 1266 1104 51
1287 1064 1407 1106 alien·
1400 1080 1444 1105 as
1466 1064 1692 1104 arbitrare-

199 1125 246 1159 19
262 1131 341 1161 tur.
375 1121 551 1161 Caesar'
543 1136 648 1176 lpse,
670 1120 743 1175 qui
767 1121 847 1161 illis
871 1120 1009 1162 suerat
1032 1121 1307 1163 iratissimus:
1340 1132 1495 1171 tamen,
1519 1128 1692 1175 propter

257 1178 517 1233 sino-ularem
547 1192 640 1232 ejus
671 1178 860 1219 civitatis
891 1179 1145 1233 gravitatem
1169 1188 1212 1219 et
1236 1178 1378 1229 fidem,
1400 1178 1593 1232 quotidie
1614 1175 1690 1216 wli-

257 1235 361 1290 quid
393 1235 626 1275 iracundiae
658 1235 935 1277 remittebat:
968 1245 1009 1276 te
1040 1235 1155 1276 nulla
1181 1250 1256 1275 sua
1278 1251 1298 1276 c
1305 1235 1520 1276 alamitrte
1543 1234 1694 1275 civitas

259 1292 412 1332 satiare
436 1301 522 1332 tam
546 1291 682 1332 fidelis
714 1294 883 1346 potest?
947 1292 1109 1333 Rursus
1143 1293 1324 1347 mejam
1359 1292 1480 1333 irasci
1516 1291 1695 1332 fortasse

258 1348 389 1389 (lices.
431 1348 525 1404 Ego
549 1357 690 1389 autem
716 1349 805 1389 sine
828 1350 1048 1390 iracundia
1067 1350 1181 1413 dieo,
1204 1359 1249 1390 ut
1271 1350 1431 1400 omnia,
1453 1363 1530 1389 nec
1554 1356 1697 1388 tamen

260 1406 352 1447 sine
382 1405 558 1447 dolor2e
593 1406 820 1447 Neminem
855 1406 912 1446 illi
945 1407 1111 1447 cixitati
1144 1407 1366 1447 inimicum
1388 1421 1479 1446 esse
1500 1405 1685 1446 arbinor
1666 1430 1699 1454 ‚

260 1463 369 1517 qui
358 1464 520 1504 amicus
553 1463 608 1503 sit
638 1463 739 1504 huic
762 1463 1335 1519 2‘9civitati.Exco‹1ita-1e,
1359 1478 1455 1519 quae
1488 1473 1561 1503 tua
1591 1461 1700 1502 ratio

263 1521 334 1571 sit,
366 1519 540 1571 Calene,
573 1534 657 1560 non
698 1535 886 1575 possum.
918 1530 1044 1561 antea
1073 1521 1283 1561 deterrere
1314 1529 1370 1572 te,
1402 1535 1454 1561 ne
1487 1518 1701 1575 popularis

132 1586 254 1627 p.218.
265 1591 391 1628 esSOS,
430 1592 516 1618 non
551 1585 822 1632 poteramus:
860 1580 900 1608 30
917 1592 1030 1618 nunc
1062 1592 1254 1629 exorare,
1293 1586 1341 1617 ut
1379 1578 1435 1618 sis
1471 1575 1702 1638 popularia

223 1639 355 1676 a'non
379 1648 619 1690 possumus.
662 1634 774 1676 Satis
798 1633 932 1675 multa
951 1649 1050 1676 eum
1074 1635 1213 1685 Fufio,
1236 1650 1285 1675 ae
1308 1634 1398 1675 sine
1419 1634 1519 1675 odio
1541 1646 1702 1681 omnm,

267 1690 379 1734 nihil
414 1692 504 1732 sine
540 1691 701 1732 dolore.
762 1690 904 1732 Credo
944 1701 1102 1742 autem,
1136 1692 1253 1747 qui
1248 1691 1449 1747 -31generi
1487 1689 1701 1746 querelam

270 1748 491 1791 moderate
513 1748 636 1799 f,er1t
659 1763 817 1803 aequo
806 1748 950 1789 animo
973 1749 1157 1789 laturum
1182 1749 1324 1790 amici.

223 1795 257 1849 7
330 1805 469 1846 Venio
504 1819 619 1846 nunc
657 1806 710 1846 ad
745 1805 930 1861 reliquos
965 1805 1221 1856 consulares,
1252 1819 1433 1861 quorum
1467 1812 1532 1845 est
1564 1817 1707 1854 neum,

210 1862 386 1918 20(ju1e
417 1863 499 1903 hoc
531 1877 627 1903 meo
658 1862 792 1926 dico)
813 1863 886 1917 qui
918 1877 1001 1903 uon
1027 1877 1193 1903 meeum
1219 1863 1243 1903 h
1250 1863 1374 1903 abeat
1396 1861 1582 1917 aliquam
1605 1874 1708 1900 eon-

263 1920 538 1975 junctionem
572 1919 753 1974 grltiae3
783 1919 855 1960 alii
888 1919 1137 1970 maximam,
1159 1920 1229 1960 alii
1261 1919 1550 1970 mediocr3em
1580 1931 1708 1959 nemo

270 1977 447 2019 nullam.
509 1977 592 2023 Qu·
585 1991 650 2017 ‘nn
692 1976 914 2017 hesternus
951 1977 1040 2017 dies
1083 1977 1223 2027 nobis,
1261 1976 1556 2017 consularibus
1594 1974 1708 2024 dico,

273 2034 410 2094 turpis
432 2033 603 2076 illuxit?
636 2033 790 2074 iterum
815 2033 884 2089 leg
887 2036 1008 2075 1505Ρ
1039 2034 1170 2090 quid?
1202 2033 1271 2074 ille
1302 2033 1461 2074 faceret
1481 2030 1708 2073 inducias?

315 2177 355 2208 27
379 2184 454 2206 cum
476 2185 533 2204 suo
557 2183 678 2211 magno
702 2177 779 2204 esset
807 2173 966 2213 beneficio]
1058 2176 1098 2204 30
1113 2178 1150 2204 ut
1164 2184 1251 2204 nunc
1265 2175 1308 2204 sis
1318 2174 1499 2213 popularis,
1515 2183 1600 2204 αῖον.
1613 2183 1645 2203 n.
1656 2173 1708 2213 p.]

275 2216 327 2245 Sic
343 2216 424 2246 bene
439 2228 457 2247 e
471 2217 548 2246 Vat.
563 2215 702 2247 editum.
718 2217 883 2246 consentit
908 2216 971 2246 Ms.
1018 2216 1121 2247 Nunc
1147 2217 1292 2256 praeponi
1320 2216 1429 2253 debet,
1457 2216 1523 2246 sive
1546 2219 1584 2245 ut
1605 2222 1655 2245 est
1678 2217 1711 2246 in

278 2257 428 2298 Hittorp.
443 2269 495 2298 ap.
510 2260 644 2288 Gruter.
659 2262 693 2287 ct
715 2258 823 2288 Guelf.
870 2258 975 2288 Miror
1017 2258 1079 2288 Gn.
1097 2258 1136 2288 L.
1153 2258 1195 2288 H.
1211 2268 1310 2295 nun-¹7,
1326 2262 1363 2288 ut
1377 2259 1420 2288 sis
1429 2267 1505 2297 pop.
1522 2258 1581 2288 διο.
1593 2257 1659 2293 vel,
1672 2263 1712 2288 ut

278 2299 459 2330 Gruterum
490 2301 542 2331 hic
572 2309 778 2340 repugnasse.
825 2300 901 2330 Post
931 2301 977 2329 vi·
1018 2310 1087 2331 esse
1111 2301 1145 2330 in
1167 2301 1242 2330 Vat.
1269 2300 1431 2330 tradunt:
1455 2309 1541 2330 nunc
1565 2309 1713 2336 esorare,

279 2341 364 2372 tiose
387 2342 449 2372 Gn.
473 2342 511 2372 L.
537 2343 580 2373 H.
602 2343 724 2372 venisse
745 2351 839 2371 reum
864 2346 979 2372 eontra
1020 2348 1068 2373 ue.
1114 2342 1249 2381 Deligat
1271 2342 1385 2372 lector.
1430 2343 1514 2372 Sane
1537 2341 1606 2371 haec
1630 2343 1715 2372 ratio

281 2394 324 2413 se.
1019 2385 1204 2414 accuratius
1219 2384 1392 2424 respondet
1408 2383 1626 2414 antecedenti.
1651 2384 1714 2415 Sed

323 2428 363 2456 23
385 2435 448 2465 per
474 2435 568 2466 quem
595 2427 666 2456 lata
690 2430 736 2455 ese
762 2425 852 2464 urbs]
886 2425 978 2455 Lata
1021 2426 1052 2456 id
1086 2436 1152 2456 non
1189 2432 1260 2457 erat
1296 2426 1524 2457 necessarium.
1569 2426 1715 2464 Interea,

279 2477 298 2496 e
328 2468 405 2498 Vat.
437 2469 616 2498 necessario
647 2467 870 2507 reponendum
899 2467 975 2498 fuit.
1021 2469 1096 2507 quia
1111 2469 1187 2499 Vat.
1214 2469 1317 2507 major
1338 2472 1387 2498 est
1409 2467 1601 2505 auctoritas,
1616 2472 1714 2508 atque

281 2519 385 2548 neque
409 2510 498 2540 enim
520 2520 558 2540 eo
584 2509 752 2549 triumpho
775 2510 905 2539 sublata
928 2515 979 2539 est
1020 2512 1087 2549 ejus
1112 2510 1191 2540 ordo
1218 2510 1333 2540 melius
1359 2510 1518 2550 superiori
1542 2510 1717 2550 respondet

278 2551 446 2583 Massilia:
471 2562 545 2591 quoe
560 2558 594 2582 et
608 2556 681 2591 post
697 2550 831 2586 mansit,
845 2551 900 2580 sod
916 2552 977 2580 im-
1020 2557 1119 2583 antea
1141 2553 1302 2582 deterrere
1325 2556 1367 2588 te,
1391 2562 1466 2582 eum
1489 2558 1619 2582 secutus
1641 2562 1716 2583 sum

280 2594 412 2624 minuta
434 2593 585 2634 potentia.
606 2593 744 2633 pristina
758 2597 791 2623 et
813 2593 977 2624 libertate.
1021 2604 1097 2624 cum
1115 2594 1199 2624 aliis.

282 2636 380 2666 Urbis
403 2636 614 2667 simulacrum
638 2636 672 2665 in
688 2635 855 2674 triumpho
872 2636 978 2666 eaesa-
1064 2639 1098 2667 31
1124 2636 1238 2675 generi
1265 2634 1446 2675 querelam]
1481 2635 1718 2676 Intelligendus

280 2680 325 2708 ris
342 2677 469 2708 Gallico
492 2688 549 2719 per
572 2678 685 2709 urbem
708 2677 848 2708 Romam
873 2676 977 2707 latum
1022 2678 1139 2714 Pansa,
1157 2678 1212 2716 qui
1228 2677 1328 2708 filiam
1350 2677 1431 2707 Fusii
1455 2678 1568 2709 Caleni
1592 2679 1627 2708 in
1649 2688 1720 2709 ma-

280 2723 343 2751 est.
1021 2721 1178 2750 trimonio
1201 2720 1354 2756 habebat,
1370 2730 1506 2760 eamque
1528 2721 1570 2750 ob
1587 2730 1718 2751 causam

323 2755 364 2795 29
387 2762 527 2801 citieati]
561 2761 633 2793 Hoc
652 2761 787 2792 verbum
810 2760 892 2792 mihi
911 2761 980 2791 val·
1022 2772 1098 2792 eum
1129 2763 1293 2802 praecipuo
1325 2762 1409 2799 loco,
1439 2763 1572 2802 pietatis
1606 2772 1718 2802 cansa,

281 2803 321 2880 ge
362 2810 573 2846 suspectum
586 2809 649 2842 est,
672 2808 832 2845 putoque
870 2803 980 2836 delen-
1023 2805 1221 2836 sententiam
1236 2810 1378 2844 rogarat.
1394 2814 1422 2835 v.
1438 2805 1481 2844 X,
1502 2808 1529 2837 l.

305 2855 371 2878 um.
