1785 3185
601 72 718 124 PR'o
744 85 792 128 o,
821 82 1083 122 mommo.
1465 82 1563 122 ηις,

126 190 328 234 omnibus
359 203 532 232 necesse
563 188 728 240 dicere3
758 203 784 230 a
814 202 885 229 me
917 197 1033 228 certe
1063 185 1148 226 dici
1185 184 1348 236 volunt,
1380 184 1450 226 cui
1489 197 1563 224 ne-

126 262 243 289 cesse
272 257 336 288 est
354 246 688 303 quodammon
711 255 754 286 et
774 245 890 301 quod
911 244 1078 294 volunt,
1099 250 1143 281 et
1164 244 1279 297 quod
1306 243 1445 292 decet,
1465 244 1505 272 43
1520 250 1564 281 et

120 305 242 361 'quod
277 304 344 346 M.
376 304 600 355 Marcello,
629 318 654 343 a
687 312 729 344 te
764 302 863 342 huie
896 300 1051 351 ordini,
1082 299 1328 355 populoque
1361 298 1562 339 Romano

129 370 174 402 et
193 361 443 418 reipublieae
465 361 649 411 reddito,
669 360 815 401 deberi
838 358 1048 414 intelligo.
1101 357 1214 398 Nam
1238 355 1373 397 laetari
1397 363 1606 406 omnes,b.

125 432 214 459 non
240 428 285 460 ut
307 420 359 460 de
381 418 505 459 unius
529 418 680 467 solum,
704 417 776 458 sed
801 426 848 456 ut
865 417 918 456 de
939 414 1158 456 communi
1185 412 1380 453 omnium
1412 413 1561 462 salute,

127 476 292 518 sentio:
323 476 440 532 quod
464 486 607 516 autem
641 488 820 515 summae
854 471 1154 514 benivolentiae
1187 479 1267 521 est,
1286 471 1437 525 44quae
1468 475 1623 509 mea34

128 546 231 589 erga
258 532 376 574 illum
404 533 605 573 omnibus
633 545 800 587 semper
826 540 930 572 nota
961 529 1060 580 fuit,
1082 538 1131 569 ut
1154 528 1229 568 vix
1261 525 1314 567 C.
1338 524 1563 575 Marcello,

130 590 298 646 optimo
320 600 364 632 et
385 590 678 631 amantissimo
703 588 838 639 fratri,
860 597 1016 645 praeter
1037 600 1135 627 eum
1157 584 1346 640 quidem,
1369 582 1563 625 cederem

131 648 311 698 nemini,
343 663 439 690 cum
475 647 514 688 id
541 646 842 697 sollicitudine,
871 659 989 694 cura,
1020 644 1165 685 labore
1200 641 1365 682 tamdiu
1399 639 1566 696 praesti-

133 705 275 755 terim,
310 705 513 760 quamdiu
547 715 612 745 est
643 705 696 745 de
731 703 842 744 illius
878 701 1013 742 salute
1044 700 1305 750 dubitatum,
1338 706 1453 740 certe
1485 696 1569 737 hoc

135 769 345 817 tempore,
376 761 544 818 magnis
573 762 701 811 curis,
723 759 946 810 molestiis,
967 757 1188 800 doloribus
1217 755 1436 805 liberatus,
1461 768 1570 809 prae-

137 828 254 860 stare
284 819 436 860 debeo.
498 818 665 873 Itaque,
690 817 742 858 C.
766 816 927 867 Caesar,
950 816 1011 857 sic
1043 815 1122 856 tibi
1154 813 1314 869 gratias
1347 827 1445 868 ago,
1469 813 1509 841 45
1524 819 1572 850 ut

135 877 337 918 omnibus
370 891 437 917 me
472 877 595 917 rebus
629 890 654 916 a
683 884 725 916 te
757 889 844 916 non
876 882 1130 915 conservato
1164 871 1316 921 solum,
1341 870 1414 911 sed
1441 868 1572 909 etiam

135 944 302 985 ornato,
338 943 480 974 tamen
513 932 564 974 ad
595 941 669 973 tua
699 933 740 973 in
774 946 842 973 me
881 946 1013 972 unum
1046 927 1374 970 innumerabilia
1404 926 1573 976 merita,

134 992 250 1045 quod
273 990 358 1031 fieri
377 991 470 1046 jam
494 1004 620 1046 posse
638 1004 724 1031 non
747 989 1002 1040 arbitrabar,
1021 986 1238 1029 maximus
1257 986 1339 1027 hoc
1362 994 1436 1026 tuo
1456 983 1573 1031 facto

133 1048 329 1089 cumulus
352 1048 593 1089 accesserit.

1181 1174 1243 1205 Sed
1269 1172 1398 1204 videtur
1423 1170 1578 1202 excidisse

879 1220 929 1250 ita
943 1231 952 1249 .-
973 1224 1013 1249 ut
1029 1223 1064 1249 et
1084 1218 1226 1249 Patricio
1241 1217 1275 1246 in
1292 1222 1437 1246 mentem
1453 1214 1577 1244 venisse

174 1179 216 1208 43
239 1181 270 1207 et
284 1178 369 1217 quod
389 1177 438 1209 M.
452 1177 729 1219 stlareello—-fieri
742 1177 837 1208 intel·
879 1177 940 1208 sibi
963 1175 1128 1207 videntur.

139 1218 219 1259 ligo]
238 1219 327 1250 Fieri
343 1230 408 1251 non
425 1219 545 1260 placet,
562 1230 620 1249 nec
635 1230 766 1250 sensum
789 1229 837 1250 sa-

139 1262 183 1292 tis
197 1267 311 1302 aptum
326 1264 415 1292 facit.
440 1263 525 1293 Puto
539 1262 714 1299 legendum
729 1274 745 1292 e
759 1262 839 1293 Mss.

142 1303 296 1335 Lambini
320 1305 446 1337 richeri,-
471 1314 588 1344 nempe
603 1315 623 1335 a
638 1315 702 1341 me,
719 1309 757 1335 ut
779 1314 837 1345 pro

141 1347 210 1386 ejus
227 1347 332 1378 salute
346 1348 412 1388 ipse
428 1348 550 1386 gratias
565 1355 670 1386 agam.
696 1347 839 1386 Vestigi-

139 1398 197 1418 um
212 1388 309 1427 hujus
325 1389 536 1420 correctionis
549 1395 598 1419 est
613 1389 714 1420 etiam
736 1390 769 1419 in
785 1389 836 1420 ed.

141 1430 269 1467 Juntae,
283 1441 355 1470 quat
370 1432 467 1461 habet
475 1431 558 1472 fieri
570 1432 693 1469 debere,
707 1431 791 1471 quod
806 1437 840 1462 et

141 1472 216 1503 Ald.
243 1473 354 1511 habet,
374 1474 460 1504 Vict.
484 1475 543 1504 Ed.
567 1474 606 1505 R.
631 1474 721 1504 addit
742 1474 838 1512 illud,

145 1515 225 1546 item
246 1517 297 1548 W.
315 1517 359 1547 z'd.

883 1262 996 1292 video:
1029 1271 1093 1300 quo
1121 1260 1245 1297 addito,
1275 1258 1442 1299 aptissime
1471 1255 1578 1287 cohae-

881 1310 966 1335 rent.
1010 1304 1090 1334 Mox
1108 1312 1184 1333 cum
1197 1302 1234 1332 id
1249 1301 1362 1331 malim
1378 1300 1414 1330 id
1426 1309 1514 1336 cum,
1532 1299 1580 1330 ita

880 1347 1001 1377 clarius
1016 1346 1155 1377 refertur
1169 1343 1228 1375 ad:
1252 1343 1336 1383 quod
1350 1347 1460 1372 autem
1477 1342 1535 1372 ἃς.

924 1391 964 1420 45
990 1393 1027 1419 ut
1053 1388 1198 1419 omnibus
1225 1396 1276 1416 me
1299 1387 1394 1416 rebus
1418 1395 1439 1415 a
1461 1388 1492 1414 te
1517 1393 1582 1414 non

882 1435 1067 1461 conservato
1092 1432 1209 1466 solum,
1238 1429 1294 1459 sed
1321 1429 1421 1458 elium
1448 1425 1577 1465 ornato]

883 1474 959 1503 Non
975 1474 1095 1504 dicitur
1110 1473 1257 1502 omnibus
1272 1472 1366 1501 rebus
1381 1478 1582 1500 conservare.

883 1515 1076 1547 Ordinanda
1097 1520 1175 1545 siunt
1199 1515 1269 1544 haec
1293 1514 1360 1543 ita:
1385 1516 1422 1543 ut
1445 1522 1495 1543 me
1515 1521 1537 1541 a·
1553 1515 1583 1540 te

181 1561 223 1589 44
245 1568 315 1597 quoe
341 1569 414 1590 mea
436 1568 464 1588 e.
488 1559 510 1589 i.
539 1559 686 1588 omnibus
716 1569 842 1598 semper

884 1569 948 1588 mm
963 1562 1149 1588 conservato
1164 1559 1280 1594 solum,
1297 1556 1352 1587 sed
1366 1555 1467 1586 etiam
1481 1554 1584 1585 omni-

144 1605 222 1632 'cota
233 1600 323 1640 jule,
337 1605 376 1639 ut
393 1601 467 1641 δια]
487 1601 564 1631 Non
579 1601 657 1631 satis
672 1600 742 1632 hoec
765 1605 843 1642 apta

886 1602 943 1632 bus
957 1601 1051 1631 rebus
1067 1603 1182 1630 ornato
1197 1600 1256 1629 διο.

439 1791 509 1838 M.
550 1791 821 1839 TULLII
868 1790 1300 1840 CICERONIS

820 1912 914 1941 PRO

297 1996 1152 2075 Q.-LIGAR

531 2125 585 2180 A
603 2125 659 2179 D
713 2124 757 2180 C
778 2125 848 2180 ΖΕ
867 2125 902 2179 S
922 2126 975 2180 A
994 2126 1045 2179 R
1065 2125 1115 2179 E
1136 2126 1201 2180 M

375 2250 588 2290 oRATlo,
616 2249 789 2288 PRIMA
814 2249 884 2286 ET
910 2249 1351 2290 QUADRAGESIMA.

1595 1791 1628 1823 p.
1649 1783 1719 1815 137.

1599 1834 1627 1854 a.

1250 1998 1282 2063 I
1378 1999 1439 2062 Ο

664 2454 1073 2494 ARGUMENTUM.

154 2527 197 2569 Q.
217 2526 390 2575 Ligarius
408 2527 548 2575 legatus
569 2526 730 2563 Considii
750 2525 978 2574 proconsulis
996 2526 1034 2561 in
1058 2525 1250 2572 provincia
1267 2524 1400 2574 Africa
1415 2523 1500 2573 suit
1513 2540 1526 2562 :
1554 2537 1595 2560 ex

205 2592 279 2628 qua
301 2591 377 2616 cum
397 2581 579 2616 decederet
600 2579 800 2620 Considius,
821 2579 854 2613 ei
866 2575 1035 2627 praesecit
1053 2577 1258 2624 Ligarium,
1279 2578 1376 2625 quod
1394 2581 1428 2612 et
1447 2577 1597 2623 dignum

206 2644 248 2668 eo
267 2632 398 2668 honore
412 2633 580 2680 putabat,
601 2636 635 2667 et
652 2632 854 2678 gratiosum.
873 2642 947 2666 esse
960 2631 1000 2665 in
1014 2631 1207 2678 provincia
1231 2628 1387 2666 videbat.
1443 2628 1599 2664 Interim

197 2682 312 2734 fama
345 2685 389 2720 de
418 2685 509 2721 bello'
540 2684 639 2720 civili
671 2687 752 2719 orto
779 2684 818 2719 in
844 2681 1013 2732 Africam
1042 2687 1095 2717 est
1122 2681 1298 2730 perlata.-
1327 2693 1400 2729 qua
1430 2682 1601 2716 commoti

209 2737 312 2776 cives,
334 2738 396 2784 qui
413 2738 451 2772 in
466 2738 538 2772 ista
552 2736 744 2784 provincia
760 2739 878 2776 erant,
897 2738 933 2770 et
950 2735 1084 2782 reliqui
1099 2734 1353 2782 provinciales,
1374 2733 1472 2781 quod
1489 2733 1602 2769 Pom-

209 2789 284 2837 peiz·
311 2790 349 2824 in
371 2790 503 2836 primis
529 2789 684 2825 studiosi
710 2791 827 2830 erant,
856 2798 937 2823 eum
964 2787 1088 2822 ducem
1113 2786 1182 2822 sibi
1209 2797 1281 2822 esse
1308 2785 1510 2826 voluerunt,
1531 2796 1601 2834 quo

211 2844 338 2878 contra
364 2841 539 2880 Caesarem
555 2843 756 2878 uterentur.
809 2838 891 2874 Hoc
909 2850 1036 2876 munus
1054 2850 1134 2876 cum
1153 2839 1222 2875 iste
1237 2842 1431 2879 recusaret,
1452 2837 1601 2880 accidit,

787 2895 922 2934 4114
