1769 3174
581 108 696 155 ‘PRO
723 115 765 154 P.
793 114 1024 154 SEXTIO.
1439 117 1515 152 985

85 221 205 260 tanta
237 218 530 275 improborum
569 219 857 269 multitudine,
889 232 989 258 cum
1029 218 1245 273 gerebam,
1282 232 1365 259 non
1405 218 1512 259 mihi

84 289 215 326 mors,
236 290 323 317 non
345 275 543 318 exsilium
567 276 624 316 ob
647 276 792 317 oculos
815 275 1120 315 versabantur?
1152 289 1235 315 non
1268 273 1362 315 haec
1393 275 1513 316 deni-

78 346 163 387 que
193 347 218 373 a
248 348 315 374 me
338 343 443 384 tum,
466 342 685 387 tamquam
714 332 816 383 fata,
849 332 892 372 in
926 331 1018 386 ipsa
1048 344 1091 370 re
1120 330 1307 386 gerenda
1328 335 1363 364 7¹
1383 346 1510 372 caue-

81 389 264 431 bantur?
295 405 348 431 au
366 400 457 432 erat
478 390 584 430 mihi
616 389 659 430 in
682 398 802 430 tanto
824 388 940 429 luctu
974 401 1180 438 meorum,
1203 395 1324 427 tanta
1343 387 1509 442 disjun-

81 446 239 496 ctione,
263 456 382 488 tanta
412 447 658 498 acerbitate,
691 454 810 487 tanta
841 445 1096 501 spoliatione
1126 444 1316 485 omnium
1353 458 1509 494 rerum,

23 542 26 543 γ
81 517 186 557 quas
215 503 322 544 mihi
356 514 430 544 aut
459 512 612 544 natura
641 511 715 544 aut
747 503 919 544 fortuna
940 502 1129 551 dederat,
1153 500 1239 541 vita
1261 499 1510 541 retinenda?

81 567 169 600 tam
191 574 306 600 eram
336 561 479 602 rudis?
511 570 597 601 tam
631 560 804 616 ignarus
838 561 1006 600 rerum?
1038 570 1124 598 tam
1153 571 1305 613 expers
1327 558 1557 608 consilii‚b.

82 626 157 656 aut
179 616 369 672 ingenii?
401 617 507 658 nihil
536 617 782 658 audieram?
814 616 919 657 nihil
947 615 1164 657 videram?
1195 614 1303 655 nihil
1334 613 1423 669 ipse
1456 614 1513 654 le·-

82 674 224 729 gen'do
245 675 562 730 quaerendoque
592 677 908 730 cognoveram?
940 672 1180 713 nesciebam
1207 671 1306 712 vitaz
1340 671 1514 712 brevem

80 744 172 771 esse
191 745 377 783 cursum,
400 731 548 788 gloriae
569 732 904 786 sempiternum?
936 743 1033 770 cum
1054 738 1164 769 esset
1186 728 1385 769 omnibus
1409 728 1513 769 defi-

80 787 172 828 nita
192 802 321 838 mors,
344 789 580 845 optandum
610 803 715 839 esse,
739 800 786 828 ut
809 788 910 837 vita,
933 801 1030 841 quae
1062 785 1306 826 necessitati
1338 785 1513 826 debere.-

82 849 164 895 tur,
196 846 346 901 patriae
380 847 525 902 potius
556 846 728 896 donata,
751 860 879 900 quam
909 853 1122 884 reservata
1151 852 1315 883 naturae
1350 842 1513 883 videre-

81 903 177 942 tur?
207 902 465 954 nesciebam,
490 903 599 943 inter
621 902 956 958 sapientissimos
980 900 1173 941 homines
1199 900 1310 940 hanc
1333 908 1512 940 conten-

80 958 244 1000 tionem
272 959 416 1011 fuisse,
436 969 483 1001 ut
513 960 583 1001 alii
606 960 797 1001 dicerent
827 959 992 999 animos
1022 957 1246 998 hominum
1281 970 1513 1012 sensusque

80 1025 220 1057 morte
241 1017 466 1072 restingui,
487 1017 558 1058 alii
582 1027 725 1058 autem
748 1025 838 1057 tum
858 1016 1046 1056 maxime
1067 1025 1231 1055 mentes
1253 1014 1513 1069 sapientium

80 1085 132 1114 ac
154 1072 329 1114 fortium
354 1075 557 1125 virorum,
580 1089 678 1115 cum
703 1089 726 1114 e
747 1088 925 1129 corpore
956 1073 1252 1122 excessissent,
1276 1070 1431 1112 sentire
1462 1086 1512 1112 ac

77 1129 251 1186 vigere?
272 1146 453 1186 quorum
476 1132 671 1182 alterum,
690 1131 943 1187 fugiendum
967 1144 1051 1171 non
1071 1144 1175 1180 esse,
1196 1143 1338 1171 carere
1361 1143 1508 1170 sensu:

80 1186 260 1228 alterum
299 1189 428 1229 etiam
461 1189 713 1245 optandum,
755 1187 929 1228 meliore
966 1201 1056 1228 esse
1095 1201 1233 1227 sensu.
1294 1185 1508 1241 Denique,
1521 1187 1572 1221 48

77 1259 177 1285 cum
199 1245 345 1286 omnia
375 1260 541 1302 semper
572 1247 624 1286 ad
657 1242 914 1302 dignitatem
948 1244 1200 1294 retulissem,
1228 1258 1307 1284 nec
1342 1243 1432 1283 sine
1461 1258 1512 1284 ea

77 1301 313 1357 quidquam
335 1304 626 1359 expetendum
648 1318 738 1344 esse
770 1302 933 1344 homini
965 1302 1007 1342 in
1032 1301 1120 1342 vita
1142 1310 1373 1356 putassem,
1396 1315 1511 1341 mor-

80 1367 181 1410 tem,
202 1373 331 1414 quam
353 1362 484 1401 etiam
507 1360 693 1417 virgines
714 1359 913 1409 Athenis,
936 1359 1061 1415 regiS,
1085 1360 1253 1414 opinor,
1277 1357 1509 1398 Erechthei

79 1415 195 1467 filice,
227 1431 304 1472 pro
335 1418 474 1472 patria
495 1418 773 1459 contemsisse
804 1417 1029 1457 dicuntur:
1063 1430 1144 1471 ego
1170 1417 1232 1456 vir
1262 1414 1512 1466 consularis,

83 1474 213 1514 tantis
236 1474 361 1514 rebus
384 1475 530 1530 gestis,
554 1475 776 1516 timerem?
809 1473 1044 1529 praesertim
1067 1488 1165 1513 cum
1187 1472 1279 1526 ejus
1299 1486 1433 1513 essem
1453 1473 1515 1513 ci—

82 1530 243 1582 vitatis,
266 1545 320 1572 ex
343 1547 428 1586 qua
452 1533 508 1578 Q.
532 1531 708 1573 Mucius
731 1532 843 1572 solus
867 1531 909 1571 in
932 1541 1070 1571 castra
1092 1529 1293 1570 Porsena—2
1314 1529 1514 1579 venisset,

83 1601 267 1642 eumque
289 1588 542 1640 interficere,
566 1589 787 1645 proposita
810 1588 890 1628 sibi
914 1597 1066 1638 morte,
1088 1596 1268 1628 conatus
1292 1589 1428 1628 esset?
1460 1601 1514 1627 ex

79 1659 165 1700 qua
188 1645 237 1686 P.
263 1644 423 1686 Decius
447 1647 632 1701 primum
657 1655 789 1702 pater,
810 1655 908 1701 post
929 1645 1092 1700 aliquot
1112 1659 1245 1684 annos
1271 1644 1407 1700 patria
1431 1644 1515 1684 vir-

83 1710 175 1742 tute
206 1703 411 1758 praeditus
435 1703 561 1754 filius,
594 1718 651 1754 se,
674 1717 723 1744 ac
747 1703 880 1745 vitam
912 1717 1047 1751 suam,
1069 1702 1278 1742 instructa
1307 1701 1412 1751 acie,
1437 1715 1514 1756 pro

81 1759 216 1800 salute
239 1760 385 1816 populi
411 1760 598 1801 Romani
622 1760 887 1815 victoriaque
909 1759 1178 1801 devovisset?
1209 1774 1263 1799 ex
1286 1773 1371 1813 qua
1390 1759 1516 1798 innu-

79 1818 303 1858 merabiles
334 1817 404 1858 alii
438 1818 593 1873 partim
626 1817 914 1873 adipiscendae
950 1816 1100 1867 laudis,
1135 1816 1292 1872 partim
1327 1815 1514 1857 vitandae

82 1874 360 1929 turpitudinis
383 1889 524 1926 causa,
546 1884 727 1916 mortem
753 1875 794 1915 in
821 1874 946 1914 variis
978 1873 1114 1923 bellis,
1137 1872 1391 1928 aequissimis
1423 1872 1516 1913 ani-

80 1931 178 1982 mis,
200 1933 494 1987 oppetissent?
524 1932 568 1972 in
590 1947 674 1988 qua
694 1931 870 1973 civitate
900 1931 991 1986 ipse
1022 1930 1326 1980 meminissem,
1349 1940 1514 1985 patrem

80 1986 210 2043 hujus
233 1988 301 2029 M.
325 1988 483 2040 Crassi,
506 1989 787 2030 fortissimum
811 1989 963 2039 virum,
988 2002 1039 2027 ne
1066 1990 1105 2021 7²
1124 1987 1284 2028 videret
1307 1988 1515 2028 victorem

82 2042 320 2096 inimicum,
342 2047 489 2087 eadem
521 2046 602 2087 sibi
633 2061 759 2087 manu
785 2047 917 2086 vitam
939 2044 1202 2095 exhausisse,
1224 2059 1308 2099 qua
1330 2053 1511 2085 mortem

82 2116 196 2158 taepe
219 2102 414 2144 hostibus
437 2103 689 2145 obtulisset?
732 2103 841 2144 Haee
864 2117 945 2158 ego
967 2111 1011 2143 et
1040 2101 1175 2142 multa
1197 2101 1279 2142 alia
1299 2102 1593 2157 cogitans,22

82 2157 164 2200 hoc
198 2160 410 2211 videbam,
444 2160 477 2200 si
511 2175 683 2201 causam
714 2160 930 2216 publicam
963 2173 1059 2199 mea
1090 2173 1203 2199 mors
1237 2159 1572 2214 peremisset:49

81 2216 296 2258 neminem
329 2232 532 2272 umquam
564 2217 668 2269 fore,
696 2218 768 2272 qui
802 2217 977 2258 auderet
1006 2216 1220 2271 suscipere
1247 2225 1398 2256 contra
1432 2216 1511 2257 im·
1524 2232 1554 2261 p·
1575 2223 1622 2265 1⁴}-

83 2274 238 2328 probos
261 2275 375 2315 cives
407 2274 656 2330 reipublicae
688 2274 883 2314 salutem.
945 2273 1096 2328 Itaque
1125 2288 1211 2313 non
1243 2273 1380 2314 solum
1413 2274 1446 2314 si
1470 2273 1552 2315 via·

82 2329 334 2381 interissem,
358 2332 428 2372 sed
452 2332 581 2372 etiam
614 2332 647 2372 si
679 2333 831 2372 morbo
863 2331 1103 2372 exstinctus
1136 2345 1286 2381 essem,
1310 2330 1402 2370 fore
1436 2346 1514 2387 pu-

84 2388 241 2439 tabam,
265 2397 311 2429 ut
332 2389 577 2444 exemplum
602 2389 850 2444 reipublicae
870 2388 1174 2429 conservandae
1197 2402 1364 2428 mecum
1389 2388 1515 2429 simul

83 2443 289 2487 interiret.
349 2446 459 2492 Quis
498 2446 612 2486 enirn
650 2461 869 2501 umquam,
908 2460 979 2485 me
1017 2460 1042 2484 a
1080 2453 1226 2485 senatu
1269 2445 1516 2500 populoque

85 2499 298 2553 Romano,
333 2512 453 2545 tanto
492 2503 685 2543 omnium
731 2502 1136 2554 bonorumlstudio,
1174 2517 1261 2542 non
1301 2502 1515 2551 restituto,

84 2559 216 2613 (quod
241 2569 370 2610 certe,
398 2561 432 2601 si
458 2574 594 2601 essem
628 2560 894 2610 interfectus,
928 2559 1120 2599 accidere
1150 2573 1238 2599 non
1272 2559 1515 2613 potuisset,)

84 2615 211 2656 ullam
244 2616 492 2673 reipublicae
524 2627 690 2673 partem
711 2633 810 2658 cum
844 2631 920 2657 sua
949 2616 1128 2657 minima
1149 2615 1311 2657 invidia
1341 2615 1516 2656 auderet

124 2731 160 2762 71
186 2730 401 2770 canebantur]
429 2731 523 2761 Edidi
549 2740 608 2770 pro
633 2733 776 2761 conc-ine-
861 2733 901 2763 72
924 2739 956 2759 υ.
980 2739 1011 2760 v.
1033 2731 1126 2759 vivus
1147 2728 1256 2767 inim]
1280 2727 1394 2758 Delevi
1410 2730 1516 2764 viz-us,

82 2769 214 2807 bantur,
228 2778 267 2801 ut
280 2772 410 2803 voluere
426 2773 485 2802 viri
499 2773 599 2803 docti.
644 2774 776 2813 Sit-jam
818 2771 904 2811 quod
918 2776 967 2801 est
982 2772 1136 2811 frigidum
1151 2771 1187 2801 h.
1206 2771 1227 2801 l.
1244 2776 1278 2800 et
1292 2770 1382 2801 abest
1397 2769 1447 2801 ed.
1461 2770 1515 2801 W,

82 2812 328 2887 ἷὲὶξῗὲῐῖαὲὶιέτωι
351 2820 384 2846 ct
399 2816 471 2853 edd.
494 2825 544 2856 pr.
560 2815 683 2847 habent
704 2826 776 2846 con-
818 2820 854 2845 et
868 2815 948 2845 Mss.
964 2813 1166 2854 quibusdam.
