1769 3174
519 115 638 155 PRO
675 114 764 153 CN.
792 115 1065 154 PLANCIO.
1442 118 1518 155 945

65 226 158 261 tum
176 217 328 262 harum
352 220 538 276 ipsarum
571 220 715 276 legum
747 218 934 260 ambitus
967 226 1141 259 auctor:
1174 217 1331 258 deinde
1358 216 1517 259 habere

64 276 207 333 coepit
240 278 398 328 subito,
434 287 589 333 praeter
630 275 879 332 opinionem
921 275 1140 325 omniu1n3
1172 282 1298 314 utne
1335 274 1366 314 si
1397 275 1517 330 cogi-

64 342 199 375 tasset
219 336 392 390 quidem
409 334 622 389 quispiam
647 333 806 389 largiri,
825 333 996 377 daretur
1015 332 1200 387 spatium
1221 332 1515 385 comparandi.

67 390 247 432 Vocatae
281 392 440 433 tribus:
474 391 605 432 latum
639 391 917 446 suffragium:
943 389 1218 443 2deseriptae‚
1245 388 1517 430 renuntiatae.

62 447 192 504 longe
223 448 455 504 plurimum
487 447 620 488 valuit
654 447 869 488 Plancius.
894 446 1008 487 nulla
1037 444 1278 502 largitionis
1309 458 1387 485 nec
1420 444 1517 496 fuit,

62 518 144 545 nec
166 519 258 547 esse
279 506 422 562 potuit
444 506 647 561 suspicio.
708 503 776 544 An
810 504 980 545 tandem
1013 518 1098 543 una
1131 501 1325 543 centuria
1355 516 1515 557 praero-

62 562 224 618 gativa,
247 572 416 604 tantum
449 562 580 603 habet
615 561 900 612 auctoritatis,
925 570 972 602 ut
1001 575 1128 601 nemo
1163 573 1365 614 umquam
1401 559 1516 614 prior

63 632 159 660 eam
192 619 350 671 tulerit,
372 620 476 676 quin
506 620 776 660 renuntiatus
801 618 877 660 sit:
912 628 954 658 tu
991 626 1065 658 aut
1094 617 1161 658 his
1192 616 1296 672 ipsis
1325 616 1513 657 comitiis

61 676 374 728 consularibus,
407 685 482 718 aut
514 687 628 717 certe
664 676 707 716 in
743 676 860 716 illum
893 689 1053 716 annum
1085 672 1252 715 aedilem
1287 672 1513 714 Plancium

63 731 227 774 factum
250 734 431 785 miraris,
447 734 488 774 in
505 748 590 788 quo
607 747 693 774 non
716 734 877 788 exigua
899 747 994 787 pars
1017 730 1266 788 populi,sed
1292 730 1512 771 universus

62 789 248 845 populus
271 791 535 832 voluntatem
560 805 678 831 suam
710 790 963 831 declararit?
995 788 1118 843 cujus
1151 789 1194 829 in
1228 787 1391 828 honore
1420 802 1506 828 non

62 849 81 878 3
107 848 230 888 unius
253 848 389 889 tribus
412 863 523 904 pars,
546 848 619 889 sed
641 848 819 888 comitia
850 855 942 888 tota
961 846 1150 888 comitiis
1170 845 1330 886 fuerint
1354 859 1512 901 praero-

61 907 192 958 gata?
225 905 325 952 Quo
356 906 529 960 quidem
561 915 770 960 tempore,
803 904 838 945 si
880 904 939 954 id,
979 902 1235 953 Laterensis,
1258 902 1398 943 facere
1437 917 1512 943 νο·
1525 908 1577 942 50

59 959 224 1013 luisses,
247 972 322 1003 aut
352 963 385 1003 si
417 963 642 1018 gravitatis
672 976 763 1003 esse
794 971 986 1018 putasses
1019 970 1120 1011 tuae,
1142 959 1258 1015 quod
1289 959 1412 1000 multi
1435 974 1513 1000 no-

62 1017 169 1060 biles
201 1033 316 1075 saepe
347 1019 556 1070 fecerunt,
588 1029 650 1070 ut,
681 1034 781 1061 cum
823 1019 963 1059 minus
1004 1018 1235 1058 valuissent
1282 1017 1513 1072 suffragiis,

63 1089 192 1130 quam
224 1085 460 1132 putassent,
484 1086 648 1133 postea,
672 1076 849 1132 prolatis
881 1076 1084 1126 comitiis,
1109 1084 1426 1130 prosternerent
1454 1082 1557 1126 se,b.

61 1141 106 1173 et
127 1133 289 1189 populo
313 1133 528 1185 Romano,
553 1134 689 1175 fracto
714 1134 858 1174 animo
875 1143 1004 1188 atque
1021 1131 1170 1173 humili
1195 1131 1510 1187 supplicarent:

62 1203 151 1231 non
172 1191 339 1242 dubito,
362 1191 466 1246 quin
489 1192 628 1232 omnis
647 1191 699 1232 ad
724 1201 765 1231 te
782 1205 1039 1232 conversura
1057 1205 1099 1230 se
1119 1189 1246 1230 fuerit
1265 1188 1514 1229 multitudo.
1567 1186 1571 1190 ’

66 1246 315 1303 Numquam
336 1248 451 1289 enim
469 1249 688 1298 nobilitas,
706 1250 747 1288 in
757 1263 873 1304 tegra
891 1247 1128 1303 praesertim
1149 1257 1278 1301 atque
1295 1246 1515 1297 innocens,

62 1318 89 1344 a
110 1305 270 1360 populo
295 1305 495 1346 Romano
519 1306 699 1362 supplex
725 1305 949 1361 repudiata
978 1305 1074 1345 fuit.
1136 1304 1235 1354 Sed,
1259 1303 1290 1343 si
1317 1303 1396 1343 tibi
1419 1317 1516 1358 gra-

0 1395 1 1402 ,
59 1361 172 1402 vitas
196 1372 283 1413 tua,
305 1372 348 1403 et
370 1363 626 1419 magnitudo
658 1363 806 1413 animi,
828 1362 960 1418 pluris
984 1361 1081 1411 fuit,
1105 1361 1216 1402 sient
1237 1374 1328 1401 csse
1350 1360 1516 1411 debuit,

60 1432 192 1473 quam
215 1420 423 1462 aedilitas:
456 1420 559 1471 noli,
582 1435 680 1461 cum
700 1419 858 1461 habeas
890 1419 948 1470 id,
976 1419 1090 1474 quod
1114 1418 1328 1468 malueris,
1350 1417 1516 1458 deside-

59 1489 153 1517 rare
173 1477 230 1528 id,
253 1477 369 1532 quod
391 1477 568 1518 minoris
591 1477 769 1534 putaris,
830 1476 1043 1531 Equidem
1069 1476 1255 1532 primurn
1283 1484 1331 1515 ut
1351 1474 1516 1515 honore

61 1532 218 1589 dignus
240 1548 393 1586 essem,
414 1535 605 1576 maxime
625 1549 792 1590 semper
813 1533 1004 1575 laboravi
1023 1551 1031 1576 :
1066 1532 1253 1574 secundo
1284 1542 1331 1573 ut
1363 1531 1515 1572 existi-

58 1603 223 1633 marer:
258 1591 430 1632 tertium
454 1592 562 1633 mihi
584 1591 666 1632 fuit
696 1591 815 1641 illud,
835 1591 950 1647 quod
975 1591 1189 1646 plerisque
1220 1589 1411 1645 primum
1434 1598 1514 1640 est,

59 1647 152 1704 ipse
174 1647 338 1691 honos:
371 1649 444 1704 qui
464 1649 515 1690 iis
537 1650 722 1705 denique
740 1649 869 1690 debet
888 1647 1225 1704 essejiiciiiidus,
1243 1660 1425 1701 quorum
1448 1646 1514 1686 di-

17 1732 22 1738 1
55 1705 214 1760 gnitati
234 1705 416 1762 populus
442 1706 665 1748 Romanus
689 1705 1101 1758 testimonium,non
1134 1704 1391 1746 beneficium
1422 1718 1513 1744 am-

60 1762 217 1804 bitioni
240 1763 374 1805 dedit.
592 1805 600 1810 ,

117 1820 289 1866 Quaeris
312 1821 456 1872 etiam,
482 1820 738 1872 Laterensis,
762 1820 866 1876 quid
898 1820 1162 1876 imaginibus
1195 1818 1293 1871 tuis,
1316 1817 1420 1873 quid
1442 1810 1591 1862 οῖ’-21

57 1877 283 1918 natissimo
305 1887 434 1933 atque
455 1879 622 1934 optimo
647 1878 753 1929 viro,
778 1878 888 1933 patri
920 1888 1010 1928 tuo,
1032 1876 1290 1933 respondeas
1322 1884 1508 1915 mortuo.
1523 1881 1569 1916 51

59 1933 162 1975 Noli
187 1935 269 1975 ista
290 1936 485 1976 meditari
504 1952 513 1977 ε
547 1945 675 1991 atque
698 1935 801 1976 illud
824 1949 928 1976 cave
950 1935 1109 1991 potius,
1133 1948 1186 1974 ne
1208 1943 1282 1973 tua
1304 1932 1385 1973 ista
1406 1946 1510 1987 que-

56 1990 145 2032 rela
166 1991 372 2047 dolorque
394 1993 552 2034 nimius
572 1994 626 2033 ab
649 1992 731 2033 illis
754 1992 1081 2048 sapientissimis
1103 1991 1202 2031 viris
1225 1989 1510 2045 reprehenda-

59 2055 143 2089 tur.
206 2049 327 2090 Vidit
357 2049 472 2090 enim
506 2060 627 2106 pater
658 2061 771 2101 tuus,
794 2049 988 2106 Appium
1015 2048 1261 2098 Claudium,
1292 2045 1510 2088 nobilissi-

16 2127 24 2135 -
56 2117 177 2146 mum
209 2105 444 2158 hominem,
469 2107 567 2147 vivo
601 2117 720 2163 patre
752 2121 844 2158 suo,
876 2106 1178 2162 potentissimo
1199 2113 1244 2145 et
1273 2103 1509 2144 clarissimo

18 2172 39 2212 ᾗ
58 2162 169 2213 cive,
192 2162 245 2205 C.
270 2163 469 2215 Claudio,
502 2164 670 2205 aedilem
705 2178 792 2204 non
815 2178 906 2205 esse
937 2163 1117 2214 sactum,
1138 2173 1182 2203 et
1203 2161 1386 2202 eundem
1419 2161 1510 2201 sine

59 2219 228 2276 repulsa
249 2220 414 2262 factum
437 2236 527 2262 esse
549 2221 794 2264 consulem:
828 2221 950 2274 vidit,
971 2221 1191 2262 hominem
1214 2219 1296 2260 sibi
1319 2218 1509 2259 maxime

42 2331 46 2333 ’
99 2333 121 2364 9
141 2332 320 2375 descriptoe]
357 2335 490 2375 Proprie
519 2335 658 2366 debebat
693 2344 762 2366 esse
805 2336 916 2375 gativa
930 2335 1119 2365 futurorum
1141 2333 1352 2364 comitiorum
1366 2331 1510 2361 tributo-

11 2377 29 2399 -”
57 2373 232 2416 desa-ipta,
252 2376 323 2407 scil.
338 2377 504 2417 suffragia,
525 2388 600 2408 cum
624 2378 693 2408 lata
714 2388 763 2408 es-
805 2388 893 2415 rum,
919 2384 954 2408 et
979 2377 1144 2407 honorum
1180 2375 1316 2405 Plancii.
1373 2374 1509 2405 Frustra⁴

22 2424 40 2454 ᾖ
58 2420 143 2447 sent.
186 2418 249 2449 Sed
264 2419 383 2450 retulit*
395 2420 435 2450 ad
449 2420 565 2450 tribuS.
610 2420 760 2452 Ms.Ex·f.
805 2421 943 2451 comitiis
970 2419 1068 2449 deleri
1098 2418 1170 2448 vult
1206 2418 1365 2447 Graevius.
1423 2416 1509 2456 Quia

56 2458 252 2498 diribitoe‚ut
261 2471 360 2501 supra
373 2463 515 2492 diribitio
524 2472 582 2502 pro
592 2463 758 2493 diremtio:
795 2462 1023 2502 proerogatica
1059 2461 1263 2491 comitiorum
1298 2459 1431 2495 dicitur,
1469 2463 1509 2488 ut

56 2506 93 2531 et
113 2505 244 2542 poterat
265 2504 366 2534 etiam
392 2504 446 2535 hic
471 2504 577 2536 dicere
591 2505 758 2536 diremtoe:
794 2505 1022 2545 prm-agatha
1041 2503 1214 2542 triumphi,
1238 2506 1376 2542 possunt
1399 2506 1433 2530 et
1457 2510 1506 2529 co-

35 2561 45 2573 ,
57 2541 115 2574 sed
128 2544 294 2585 deser-iptae
306 2546 392 2576 idem
407 2550 468 2578 est.
802 2549 897 2577 mitia
905 2547 1094 2587 proerogari
1109 2545 1257 2575 comitiis.
1301 2543 1372 2573 Nec
1385 2542 1506 2572 rectius

99 2587 120 2616 3
140 2587 240 2617 um'us
260 2588 365 2618 tribus
382 2589 480 2629 pars]
506 2589 567 2619 Est
589 2589 756 2619 centuria:
801 2589 923 2629 recepit
931 2588 1156 2629 proerogcttica
1170 2598 1187 2616 e
1201 2587 1266 2616 Ms.
1283 2585 1352 2615 Erf.
1367 2590 1401 2614 et
1414 2584 1505 2614 Pith.

59 2625 150 2659 fuere
175 2629 265 2660 enim
292 2630 402 2671 plures
438 2631 473 2661 in
501 2631 592 2662 tribu
619 2641 757 2670 quaque,
802 2631 841 2662 Id
853 2632 987 2661 verbum
1004 2630 1146 2670 irrepsit,
1160 2630 1235 2668 quia
1250 2634 1366 2658 notum
1381 2631 1452 2656 erat
1466 2625 1506 2655 li-

60 2667 139 2700 Post
160 2672 293 2702 comitia
317 2677 385 2703 tota
409 2674 548 2704 comitiis
566 2678 760 2713 proerogata
803 2674 930 2710 brariis,
945 2673 1030 2703 unde
1041 2678 1076 2702 et
1090 2671 1292 2702 Erfurtensis
1301 2667 1507 2708 feeit-sitm&

61 2716 140 2759 ΜΨ·
152 2711 209 2743 ma
220 2715 355 2746 comitia
369 2716 568 2752 centuriata,
581 2716 616 2746 in
631 2717 761 2754 quibus,
805 2715 1006 2754 Praerogare
1028 2719 1117 2744 certe
1135 2717 1185 2744 est
1213 2712 1346 2742 verbum
1371 2711 1507 2748 bonum,

59 2760 136 2791 qula
149 2754 328 2794 plurimum
342 2758 447 2788 valuit
471 2757 638 2794 Plancius,
652 2757 686 2787 id
699 2763 762 2795 est,
807 2758 892 2789 unde
907 2765 939 2788 et
950 2756 1175 2798 praerogaliva
1188 2754 1330 2785 ducitur.

51 2794 215 2850 'suffrag-ia
228 2798 334 2831 multa
345 2799 439 2838 tulit,
452 2799 519 2831 fuit
532 2800 622 2841 quasi
642 2809 765 2840 praero-

678 2848 804 2894 393
