1817 3169
497 131 613 170 PRO
640 130 685 169 L.
713 130 1027 169 CORNELIO
1054 133 1261 172 BALBO.
1491 138 1587 173 1103

160 234 356 287 Lentulo,
388 235 650 286 consulibus,
688 234 773 275 lata
809 244 888 285 est,
919 235 1018 275 74in
1057 251 1142 290 quo
1174 236 1332 291 aliquid
1370 253 1587 279 sacrosan-

155 303 275 333 ctum
315 303 546 349 exceptum
586 293 825 334 videretur?
870 292 1062 332 Primum
1101 293 1230 342 euim,
1269 306 1587 337 sacrosanctum
1637 326 1639 328 -

153 362 247 389 esse
267 353 306 382 75
321 350 426 390 nihil
458 359 612 405 potest,
644 349 724 389 nisi
755 349 870 403 quod
904 350 1086 404 populus
1119 349 1314 405 plebesve
1344 352 1584 394 sanxisset:

155 403 309 446 deinde
339 407 380 440 76
393 407 633 447 sanctiones
664 406 880 447 sacrandae
912 416 1010 446 sunt
1040 410 1165 446 77aut
1198 420 1351 462 genere
1383 408 1489 462 ipso,
1511 420 1585 449 aut

153 463 445 504 obtestatione
475 473 518 504 et
547 463 868 504 consecratione
898 461 1019 519 legis,
1040 474 1114 503 aut
1147 478 1304 518 poenae,
1326 478 1422 504 cuin
1455 477 1585 520 caput

152 519 259 574 ejus,
281 522 355 575 qui
385 531 535 562 contra
566 520 683 571 facit,
705 529 992 561 consecratur.
1053 520 1170 566 Quid
1204 520 1347 560 habesi
1382 521 1498 576 gitur
1520 523 1583 562 ‹li-

152 591 248 618 cere
286 579 338 618 de
377 578 595 619 Gaditano
638 578 801 618 foedere
837 577 1078 631 ejusmodi?
1119 580 1158 610 78
1176 577 1328 618 Utrum
1371 592 1395 618 a
1429 579 1583 633 capitis

152 636 489 684 consecratione,
511 650 563 675 an
595 635 882 675 obtestatione
904 634 1008 688 legis
1031 645 1348 675 sacrosanctum
1370 649 1460 675 6556
1481 650 1583 676 con-

156 689 324 733 firmas?
356 692 477 733 Nihil
498 692 675 732 omnino
700 705 897 746 umquam
922 692 973 731 de
1000 694 1079 731 isto
1100 691 1262 732 foedere
1285 692 1335 732 ad
1361 693 1583 747 populum,

154 748 260 788 nihil
292 749 344 790 ad
377 749 543 805 plebem
577 748 708 789 latum
740 762 828 788 esse
860 749 987 788 dico:
1019 748 1123 788 wde
1145 749 1299 803 quibus
1326 750 1492 789 etiarnsi
1526 749 1582 790 la·

153 813 245 846 tum
267 818 390 856 esset,
414 821 549 861 neque
572 805 724 860 legen),
747 819 884 860 neque
907 820 1079 860 poenam
1107 806 1231 845 latam
1254 820 1358 855 esse,
1384 820 1434 846 ne
1456 821 1582 860 quem

152 862 290 902 civem
322 864 628 918 reciperemus:
663 873 800 902 tamen
834 863 875 902 id
908 874 1031 912 esset,
1065 862 1178 917 quod
1220 863 1403 918 populus
1437 874 1585 919 postea

147 915 361 973 jussisset,
384 930 546 970 ratum3
578 923 618 950 30
631 933 768 974 neque
796 919 1030 974 quidquam
1064 919 1142 959 illis
1175 920 1328 970 verbis,
1348 920 1381 960 si
1402 921 1502 976 quid
1519 936 1584 961 su·

149 984 399 1017 crosanctiim
420 984 526 1027 esset,
548 990 638 1017 esse
666 986 897 1031 exceptum
929 977 1155 1017 videretur.
1186 976 1238 1017 de
1269 977 1349 1026 his,
1374 992 1470 1018 curn
1506 993 1583 1033 po-

151 1033 275 1088 pulus
299 1033 518 1075 Romanus
541 1033 647 1074 nihil
670 1047 867 1089 uinquam
885 1033 1077 1088 jusserit,
1107 1033 1339 1089 quidquam
1369 1036 1497 1075 audes
1519 1035 1583 1076 di-

195 1196 236 1227 74
258 1195 291 1224 in
308 1204 373 1234 qua
394 1194 522 1234 aliquid
535 1199 777 1225 sacrosanctum
792 1205 845 1225 ex-

152 1241 281 1275 ceptum
302 1237 351 1276 v.]
378 1237 524 1268 Primum
548 1238 582 1267 in
605 1248 671 1277 qua
693 1237 845 1268 vitiosum

152 1284 214 1308 est.
230 1288 296 1309 non
312 1280 402 1310 enim
419 1280 556 1310 refertur
571 1280 610 1310 ad
625 1281 824 1318 rogationem
838 1291 847 1308 .-

151 1320 209 1351 sed
233 1321 274 1351 ad
299 1321 380 1352 illud
405 1323 484 1362 quid
494 1322 598 1361 fuit?
622 1322 846 1360 Pantagathus

153 1367 242 1393 recte
267 1365 451 1404 corrigebat
471 1366 507 1395 in
531 1374 610 1404 quo:
633 1363 727 1403 idque
751 1364 846 1394 edidi.

154 1405 256 1444 possis
283 1407 383 1436 etiam
411 1406 496 1437 nude
523 1417 582 1447 quo
609 1406 727 1445 legere.
758 1416 845 1436 exee-

148 1451 247 1486 ptum
270 1447 416 1478 additum
444 1455 494 1479 est
520 1459 538 1479 a
562 1449 704 1478 Gruter-o
723 1459 742 1478 e
766 1449 845 1478 Mss.

153 1490 399 1529 antiquissimis.
425 1496 522 1521 recte.
546 1501 620 1521 cuin
644 1491 684 1521 ab
706 1490 777 1521 edd.
793 1501 845 1520 su-

153 1533 333 1570 perioribus
355 1534 421 1563 fere
443 1534 614 1564 exulasset.
659 1533 719 1563 Est
733 1539 843 1563 tamen

153 1579 188 1604 et
203 1575 236 1603 in
252 1575 301 1604 ed.
315 1575 368 1606 W.
389 1578 476 1606 1480.
492 1576 616 1606 Juntae.
658 1575 758 1605 Aldus
775 1585 844 1606 rur-

151 1624 206 1645 sus
220 1617 342 1653 omisit‚
360 1627 436 1648 casu
458 1628 500 1648 an
522 1617 685 1652 consulto,
702 1626 767 1647 non
791 1617 844 1647 de-

151 1668 306 1698 cernam3
330 1659 415 1690 unde
437 1666 512 1700 post
532 1660 676 1690 exulaxit
691 1669 789 1699 usque
803 1660 844 1691 ad

153 1699 344 1732 Gruterum.

194 1746 233 1776 75
256 1745 341 1774 nihil
356 1749 472 1784 potest,
488 1744 550 1774 nisi
571 1741 656 1782 quod
668 1752 752 1783 μμ.
766 1753 841 1773 san-

150 1785 263 1825 wisset]
280 1787 477 1818 Consecutio
493 1793 678 1825 temporum
696 1785 843 1819 legitima

151 1835 218 1857 non
242 1828 306 1858 fert
328 1829 360 1859 h.
388 1829 411 1859 1.
437 1832 606 1864 sanxisset,
634 1828 843 1867 postulatque

151 1871 311 1901 sanaverit.
348 1871 475 1902 Vitium
488 1883 506 1902 e
520 1872 712 1911 compendio
729 1876 843 1900 natum

151 1911 290 1942 videtur.

192 1955 234 1988 76
267 1956 444 1986 sanctiones
475 1954 643 1986 savrandoe
675 1954 766 1993 sunt]
809 1954 844 1985 P.

148 1994 334 2034 Manutius,
367 1998 504 2028 Ursinus
535 1997 703 2035 corrigunt
736 2007 842 2027 sacro·

148 2043 270 2068 sanetoe
289 2044 377 2070 sunt.
421 2043 504 2071 Sane
527 2040 577 2070 lex
600 2045 759 2075 sacratur,
776 2048 842 2068 non

146 2082 286 2118 sanctio,
303 2091 375 2121 quae
398 2083 525 2122 proprie
548 2082 652 2119 legem
675 2090 840 2111 saerosan-

148 2126 236 2153 ctam
261 2124 310 2155 vel
333 2130 493 2154 sacratam
515 2123 607 2159 facit,
628 2123 769 2162 adeoque
791 2133 840 2153 sa-

149 2170 231 2196 crat.
255 2167 316 2197 Sed
332 2168 510 2197 sanctiones
521 2166 554 2196 h.
570 2164 590 2195 l.
608 2165 759 2195 videntur
772 2175 840 2195 esse

149 2205 237 2246 leges
267 2209 356 2249 ipsae,
391 2218 464 2248 quae
494 2208 683 2247 adjunctam
719 2207 841 2238 habent

151 2250 328 2281 sanctionis
360 2250 560 2281 clausulam:
585 2250 661 2288 quia
689 2249 843 2279 dicunntur

150 2293 268 2322 sacrari
283 2294 424 2333 primum
438 2302 556 2332 genere
571 2293 651 2331 ipso.
676 2291 719 2320 Et
730 2297 842 2321 tamen

150 2330 213 2363 hoc
237 2334 343 2374 ipsum
368 2345 433 2366 non
456 2335 584 2364 videtur
609 2334 782 2364 admittere
805 2334 843 2363 il-

150 2372 208 2405 lud
218 2378 386 2408 sacrandae
399 2382 473 2407 suni
482 2389 491 2406 :
509 2377 568 2406 nisi
583 2377 708 2407 dictum
720 2381 771 2405 est
784 2385 843 2415 pro

149 2423 336 2450 sacrantur.
379 2420 464 2451 Mihi
497 2419 586 2449 venit
621 2419 655 2449 in
695 2423 838 2448 mentem

149 2463 399 2502 sacratoefiunt.

191 2504 230 2535 77
253 2508 312 2534 aut
323 2513 442 2540 genere
455 2503 521 2542 *ipso
537 2500 609 2540 δια]
628 2500 779 2531 Difficilis
794 2500 842 2531 lo-

151 2552 220 2580 cuS,
236 2544 270 2574 in
287 2555 351 2584 quo
369 2544 560 2585 explicando
582 2551 614 2574 et
637 2543 841 2574 emendando

151 2592 218 2614 non
240 2589 452 2618 consentiunt
471 2588 530 2616 viri
550 2586 649 2616 docti.
692 2585 840 2615 Primum

151 2628 321 2674 quaeritur,
352 2635 417 2660 tres
448 2629 536 2659 modi
568 2627 732 2658 sacrandae
761 2626 842 2666 legis

151 2673 219 2698 sint
234 2680 276 2700 an
289 2670 364 2701 duo.
409 2671 482 2701 Hoc
496 2670 641 2701 defendit
657 2669 841 2706 Manutius,

150 2710 259 2749 sitque
272 2712 394 2742 clarum
409 2723 448 2742 ex
469 2723 521 2748 eo,
537 2712 622 2750 quod
644 2711 678 2741 in
701 2710 843 2751 applica—

150 2752 242 2782 tione
256 2753 320 2784 duo
333 2760 464 2784 tantum
481 2758 719 2788 memorantur,
734 2762 839 2783 conse-

148 2795 252 2825 cratio
266 2796 381 2835 capitis
395 2801 428 2825 et
449 2797 613 2826 obtestatio
635 2796 716 2833 legis
729 2807 737 2823 .·
760 2794 839 2824 item

151 2837 203 2867 Iex
215 2842 249 2868 et
258 2847 368 2876 pce-na,
383 2838 437 2868 ubi
450 2839 500 2868 lex
514 2838 685 2868 manifeste
702 2836 843 2866 refertur

148 2879 190 2909 ad
215 2878 320 2918 genus
350 2881 468 2920 ipsum,
496 2885 530 2910 et
559 2878 732 2919 respondet
760 2879 841 2908 obce-

888 1194 1020 1225 stationi
1045 1194 1136 1234 Iegis,
1162 1199 1199 1224 ut
1219 1204 1318 1234 poena
1342 1197 1580 1226 consecrationi.

891 1236 978 1267 Hinc
1002 1237 1110 1267 locum
1126 1237 1171 1267 sic
1186 1238 1345 1276 corrigam
1359 1249 1368 1268 ι
1391 1242 1451 1267 aut
1463 1248 1582 1277 genere

888 1280 955 1319 ipso
972 1283 1003 1308 et
1017 1279 1221 1309 obtestatione
1235 1280 1327 1317 legis,
1344 1285 1403 1310 aut
1418 1289 1582 1310 conseera-

887 1323 972 1351 tz'one
984 1325 1015 1351 et
1024 1331 1134 1360 prena.
1178 1321 1231 1351 Ita
1244 1329 1279 1351 et
1299 1322 1456 1352 orationis
1479 1333 1581 1353 mem-

889 1363 946 1393 bra
959 1370 1144 1402 sequantur,
1157 1363 1242 1402 quod
1255 1369 1305 1393 est
1320 1364 1484 1394 ciceronis
1498 1365 1581 1395 mori

889 1410 1159 1435 consentaneum.

930 1450 970 1481 78
999 1447 1120 1478 Utrum
1135 1457 1155 1477 a
1170 1447 1285 1486 eapitis
1297 1447 1450 1487 cons-een]
1475 1447 1582 1478 Resti-

888 1489 938 1519 tui
961 1499 1036 1519 cum
1052 1489 1179 1520 Graexio
1196 1499 1230 1526 a,
1247 1489 1333 1528 quod
1347 1495 1397 1520 est
1420 1490 1452 1519 in
1476 1492 1583 1522 omni.

890 1531 946 1561 bus
975 1531 1077 1562 libris.
1121 1531 1288 1562 Omissum
1315 1536 1365 1562 est
1393 1542 1412 1562 a
1440 1532 1581 1564 Grutero

887 1575 999 1604 tacite.
1043 1571 1219 1613 Augustini
1247 1575 1435 1614 conjectura
1457 1581 1520 1612 est,
1550 1574 1581 1606 id

886 1615 1059 1647 delendum
1077 1625 1265 1654 esse,quam
1281 1621 1409 1646 secutus
1425 1623 1472 1646 est
1484 1616 1580 1647 Lam-

888 1658 992 1688 binus.

928 1703 969 1735 79
1002 1701 1041 1730 de
1067 1701 1183 1740 quibus
1210 1700 1339 1730 etiamsi·
1367 1701 1473 1730 latum
1501 1708 1579 1733 esset

886 1742 958 1782 &c.]
983 1743 1021 1772 de
1042 1743 1156 1782 quibus
1175 1743 1333 1781 intelligit
1357 1742 1393 1772 P.
1411 1743 1581 1774 Manutius

885 1784 1066 1815 Gaditanis.
1111 1784 1173 1815 Sed
1195 1795 1308 1814 eorum
1332 1784 1424 1814 nulla
1448 1785 1479 1814 in
1506 1795 1579 1825 pro·

886 1828 974 1857 ximo
990 1827 1126 1857 mentio.
1171 1826 1234 1857 Sed
1248 1832 1339 1856 totus
1355 1826 1406 1856 hie
1422 1825 1511 1857 locus
1524 1839 1580 1869 pa-

886 1869 967 1899 riter
994 1869 1129 1899 vitiosus
1161 1874 1224 1898 est.
1270 1869 1474 1905 Existimavi,
1504 1880 1580 1900 eum

885 1911 1141 1950 transpositione
1179 1911 1333 1941 vitiosum
1369 1910 1506 1948 factum,
1545 1918 1579 1943 et

885 1954 931 1983 sic
957 1954 1084 1984 restitui
1108 1961 1221 1993 posse:
1246 1954 1345 1983 Nihil
1368 1954 1495 1983 omnino
1520 1964 1579 1985 un-

885 2005 984 2036 quam
1000 1996 1038 2025 de
1051 1994 1242 2034 istofoedere
1255 1996 1479 2034 adpopuliim,
1497 1998 1581 2027 nihil

885 2038 931 2068 ad
944 2037 1071 2077 plebem
1092 2039 1198 2067 latum
1221 2047 1285 2067 esse
1309 2038 1389 2073 dico,
1413 2047 1513 2077 neque
1537 2040 1579 2069 le-

880 2089 969 2118 gem,
1001 2088 1100 2118 neque
1130 2088 1263 2119 poenam
1297 2080 1402 2109 latam
1433 2089 1508 2116 esse,
1539 2090 1580 2111 ne

882 2132 977 2161 quem
1005 2123 1109 2151 civem
1138 2122 1373 2159 reciperemus.-
1399 2121 1438 2151 de
1465 2123 1579 2161 quibus

882 2165 1012 2194 etiamsi
1038 2165 1145 2193 latum
1170 2168 1262 2200 esset,
1287 2168 1399 2194 tamen
1426 2164 1463 2194 id
1485 2170 1576 2201 esset,

882 2206 966 2245 qnod
988 2207 1127 2246 populus
1146 2210 1260 2245 postea
1274 2204 1438 2246 jussisset,
1463 2211 1578 2237 ratum

886 2249 944 2278 ἀρ.
967 2247 1018 2278 Ita
1027 2248 1183 2287 jungitur
1196 2252 1230 2278 et
1243 2247 1375 2278 tollitur
1389 2252 1578 2288 utrumque,

885 2290 971 2328 quod
985 2294 1064 2320 ante
1086 2294 1157 2320 erat
1180 2289 1338 2329 positum,
1360 2289 1399 2320 de
1421 2289 1578 2329 legislati-

885 2342 961 2369 one,
975 2337 1009 2361 et
1021 2331 1060 2362 de
1073 2331 1154 2371 legis
1168 2331 1290 2368 indole,
1302 2338 1336 2362 et
1351 2331 1386 2361 in
1399 2331 1461 2362 hoc
1474 2332 1579 2363 altero

886 2381 1025 2413 utraque
1039 2377 1107 2414 ejus
1122 2382 1207 2414 pars,
1222 2374 1274 2404 lex
1288 2379 1322 2404 et
1337 2383 1444 2414 poena.
1480 2374 1525 2404 Et
1538 2376 1579 2405 ad

883 2415 953 2446 haee
974 2415 1039 2446 duo
1062 2416 1208 2457 pertinet
1229 2416 1329 2446 illud:
1354 2416 1392 2446 de
1406 2416 1520 2455 quibus
1534 2422 1579 2447 et-

881 2459 980 2489 iamsi
993 2460 1014 2488 l.
1028 2468 1054 2488 e.
1073 2458 1135 2489 Pro
1148 2459 1218 2489 dico
1231 2458 1296 2490 Ms.
1306 2458 1368 2489 Gu.
1378 2462 1470 2498 puto-
1481 2459 1578 2489 male.

883 2511 942 2540 pro
957 2502 1075 2537 latam,
1090 2505 1129 2530 ut
1143 2500 1211 2531 alii.
1226 2506 1260 2530 et
1278 2500 1350 2531 edd.
1367 2510 1414 2540 pr.
1427 2505 1578 2539 gratam,

883 2542 934 2572 ed.
965 2545 1055 2573 1430.
1078 2547 1218 2581 gratam
1243 2547 1274 2573 et
1297 2547 1423 2572 ratam.
1468 2542 1579 2572 Editio

883 2584 1019 2616 Mediol.
1044 2586 1148 2624 prima
1169 2585 1268 2616 habet
1290 2586 1405 2615 latam.
1452 2584 1486 2613 P.
1505 2585 1578 2615 Ma-

885 2628 997 2657 nutius
1025 2627 1121 2657 rerba
1148 2626 1206 2656 illa
1232 2636 1332 2666 neque
1358 2628 1461 2664 legem
1486 2636 1519 2656 n.
1541 2636 1577 2666 p.

885 2669 1046 2708 glossema
1081 2669 1239 2708 putabat:
1279 2678 1407 2707 nempe,
1434 2667 1511 2705 quia
1539 2678 1581 2698 ea

885 2711 992 2741 alieno
1008 2711 1079 2740 loeo
1094 2720 1161 2740 esse
1176 2720 1242 2740 non
1257 2709 1549 2741 animadvertebat.

923 2756 963 2784 &0
984 2762 1085 2791 neque
1098 2753 1275 2791 quidquam
1288 2752 1354 2780 illis
1375 2751 1478 2781 verbis
1499 2749 1576 2790 δια]

882 2793 1010 2833 Nempe
1024 2795 1093 2824 haec
1105 2794 1218 2824 verba:
1235 2795 1261 2824 si
1273 2793 1352 2833 qnid
1361 2803 1386 2823 s.
1402 2803 1428 2823 ε.
1446 2793 1579 2824 fuerunt

883 2836 918 2866 in
933 2835 1004 2874 lege
1019 2835 1135 2866 Gellia.

811 2924 954 2961 402
