1785 3185
330 166 680 209 PHILIPPICA
705 169 1176 210 TERTIADECIMA.
1378 174 1477 216 1423

47 277 216 342 dextra,
239 274 423 326 sinistra,
445 285 643 339 gemente
666 274 826 330 populo
849 273 1063 326 Romano,
1086 276 1319 316 minaretur
1339 274 1479 316 domi-

47 335 127 384 nis,
150 341 318 374 notaret
339 332 504 383 domos,
525 331 760 372 divisurum
785 346 828 372 se
850 334 996 374 urbem
1019 331 1158 402 palam
1189 333 1273 372 suis
1303 332 1479 387 pollice-

50 401 180 432 retur.
239 389 387 430 Rediit
409 389 460 429 ad
489 389 669 440 milites;
701 389 760 429 ibi
793 389 996 445 pestifera
1027 389 1097 429 illa
1126 388 1275 429 Tiburi
1308 391 1478 430 concio.

47 447 147 488 inde
179 446 231 488 ad
268 447 413 488 urbem
446 460 616 488 curzsus
649 455 818 487 senatus
850 447 894 486 in
925 445 1214 502 Capitolium:
1249 458 1396 501 parata
1425 445 1479 486 de

46 503 437 545 circumscribendo
461 503 728 544 adolescente
753 504 964 544 sententia
987 502 1245 544 consularis:
1287 516 1382 542 cum
1413 516 1479 542 re-

49 570 177 616 pente
199 564 317 624 (nam
342 560 487 601 Marti·
480 575 547 600 tm
567 560 778 615 legionem
802 560 925 602 Albae
948 560 1189 601 consedisse
1211 559 1392 608 sciebat)
1414 558 1479 599 2f-

47 617 183 658 i'ertur
203 617 241 658 ei
263 617 316 658 de
336 632 406 672 qu
397 627 487 658 itta
508 619 697 657 nuntius.
721 633 806 672 quo
827 618 1057 673 perculsus,
1074 616 1234 671 abjecit
1250 616 1479 657 consilium

47 674 256 715 referendi
279 674 331 715 ad
355 683 548 715 senatum
571 673 622 714 de
645 673 1054 730 Caesare.eg1essus
1083 684 1148 714 est
1176 687 1260 714 non
1286 673 1378 723 viis,
1404 672 1479 714 sed

49 732 306 783 tramitibus,
342 731 587 786 paludatus:
619 745 755 786 eoque
783 732 852 772 die
882 732 975 796 ipso
1007 730 1334 772 innumerabilia
1357 744 1478 771 sena-

48 788 313 830 tusconsulta
334 789 461 830 fecit:
492 803 588 843 quae
610 788 783 843 quidem
802 790 947 829 omnia
966 791 1006 822 47
1021 788 1147 830 citius
1170 788 1323 837 delata,
1345 801 1475 842 quam

49 846 208 901 scripta
229 854 342 886 sunt.
375 845 441 886 Ex
463 859 513 886 eo
536 860 622 886 non
645 845 739 896 iter,
762 846 834 887 sed
850 861 996 887 cursus
1015 854 1058 886 et
1080 845 1184 900 fuga
1205 845 1245 885 in
1271 844 1538 886 Galliam.20

50 902 266 944 Caesarem
284 903 400 957 sequi
419 902 704 944 arbitrabatur
721 917 818 944 cum
842 903 1010 959 legione
1034 901 1210 953 Martia,
1232 916 1330 944 cum
1349 916 1475 957 quar-

48 969 105 1010 ta,
127 974 225 1000 cum
244 959 474 1001 veteranis:
499 973 680 1015 quorum
703 959 771 1000 ille
792 974 949 1001 nomen
966 963 1006 991 43
1021 974 1108 1016 prae
1131 968 1247 1000 metu
1265 959 1372 1000 ferre
1390 973 1477 1000 non

47 1025 240 1072 poterat:
263 1016 386 1072 eique
409 1017 451 1057 in
474 1016 659 1058 Galliam
684 1017 938 1072 penetranti,
962 1017 1020 1059 D.
1042 1031 1085 1057 se
1105 1017 1265 1057 Brutus
1287 1016 1476 1071 obJecit:

48 1073 122 1129 qui
139 1088 182 1114 se
196 1073 326 1114 totius
344 1072 440 1115 belli
458 1074 661 1115 fluctibus
679 1074 910 1126 circumiri,
926 1089 1054 1130 quam
1072 1074 1188 1114 illum
1209 1083 1283 1115 aut
1296 1073 1479 1129 regredi,

48 1140 124 1172 aut
154 1131 351 1187 progredi
381 1131 546 1196 maluit,
575 1131 879 1187 Mutinamque
901 1131 959 1172 illi
982 1130 1231 1182 exsultanti,
1260 1141 1480 1185 tamquam

47 1187 190 1229 frenos
213 1187 367 1229 furoris
390 1188 554 1243 injecit.
583 1191 624 1223 49
640 1203 768 1243 quam
798 1204 894 1230 cum
923 1189 1124 1244 operibus
1145 1188 1481 1229 munitionibus-

46 1260 130 1301 que
151 1245 364 1301 sepsisset‚
397 1260 475 1286 nec
496 1260 594 1286 eum
621 1246 933 1287 florentissimae
961 1245 1144 1286 coloniae
1175 1246 1378 1301 dignitas,
1405 1259 1480 1286 ne-

47 1316 133 1358 que
152 1302 338 1344 consulis
358 1299 572 1359 designati
590 1302 788 1361 majestas
807 1318 831 1344 a
847 1303 1075 1360 parricidio
1092 1303 1346 1344 deterieret:
1370 1312 1479 1354 tum,

47 1374 117 1401 me
138 1363 292 1413 (testor
320 1368 364 1401 et
386 1375 474 1412 VOS,
505 1369 549 1401 et
579 1358 786 1425 populum
816 1360 1078 1411 Romanum,
1109 1369 1152 1401 et
1183 1374 1330 1400 omnes
1360 1359 1526 1424 deos312.

46 1417 120 1472 qui
141 1417 251 1459 huic
264 1418 358 1458 urbi
382 1417 646 1473 praesident)
673 1417 810 1458 invito
831 1427 874 1459 et
895 1426 1178 1474 repugnante,
1205 1417 1335 1473 legati
1359 1417 1478 1457 missi

48 1482 133 1515 tres
157 1473 399 1516 consulales
421 1475 474 1516 ad
496 1475 703 1515 latronem
726 1473 793 1516 M.
816 1474 1070 1525 Antonium,
1093 1474 1375 1531 gladiatorum
1399 1475 1478 1515 du·-

46 1544 157 1573 cem.
217 1532 328 1578 Quis
366 1541 450 1572 tam
485 1532 689 1573 barbarus
722 1534 952 1587 umquam?
997 1542 1084 1572 tam
1121 1532 1347 1573 immanis?
1389 1540 1476 1572 tam
1489 1530 1538 1566 21

46 1588 189 1632 ferus?
219 1603 308 1630 non
336 1589 525 1632 audivit:
558 1604 645 1630 non
672 1590 917 1646 respondit:
949 1603 1087 1645 neque
1115 1603 1188 1630 eos
1210 1589 1347 1630 solum
1370 1604 1480 1645 prae-

48 1656 203 1711 sentes,
225 1646 298 1688 sed
319 1646 455 1687 multo
478 1647 614 1702 magis
644 1661 736 1698 ηο5,
759 1662 783 1688 a
805 1647 959 1703 quibus
983 1646 1042 1688 illi
1065 1654 1186 1687 erant
1208 1646 1341 1696 missi,
1364 1660 1482 1701 spre-

48 1704 127 1755 vit,
156 1712 199 1744 et
220 1718 298 1768 pro
319 1703 455 1744 nihilo
476 1703 660 1760 putavit.
721 1703 893 1755 Postea,
929 1704 1045 1760 quod
1068 1703 1217 1754 scelus,
1239 1703 1354 1759 quod
1377 1702 1484 1744 faci·

48 1775 129 1802 nus
153 1760 364 1816 parricida
383 1775 471 1802 non
493 1761 656 1803 edidit?
676 1760 950 1802 circumsedit
966 1761 1141 1802 colonos
1163 1770 1341 1811 vestrOS,
1360 1774 1484 1801 exer-

45 1818 184 1859 citum
208 1818 356 1874 populi
383 1817 618 1869 Romani,
607 1829 924 1874 imperatorem,
946 1818 1165 1861 consulem
1184 1818 1481 1874 designatum:

49 1889 175 1931 agros
197 1876 374 1916 divexat
393 1875 554 1916 civium
576 1876 862 1932 optimorum:
895 1875 1031 1917 hostis
1056 1877 1313 1917 taeteirimus
1343 1874 1483 1915 omni-

48 1933 129 1973 bus
162 1933 288 1974 bonis
319 1946 466 1974 cruces
498 1947 548 1974 ac
581 1942 795 1974 tormenta
828 1934 1067 1974 minitatur.
1128 1932 1239 1973 Cum
1277 1932 1374 1983 hoc,
1414 1930 1482 1972 M.

51 1989 228 2045 Lepide,
258 2005 343 2046 pax
375 2004 467 2030 esse
495 2004 592 2045 quae
628 1993 795 2045 potest?
827 1990 950 2045 cujus
981 2005 1033 2031 ne
1067 1990 1279 2046 supplicio
1311 1989 1485 2045 quidem.

48 2047 136 2088 ullo
160 2047 305 2088 satiari
328 2047 497 2087 videtur
521 2061 644 2102 posse
668 2047 849 2104 populus
876 2048 1110 2088 Romanus.

108 2104 277 2151 Quodsi
309 2104 405 2159 quis
438 2103 578 2145 adhuc
608 2104 805 2145 dubitare
834 2105 991 2160 potuit,
1023 2104 1127 2159 quin
1159 2103 1276 2144 nulla
1307 2102 1549 2144 societas22

49 2159 154 2202 huic
191 2160 330 2202 ordini
369 2161 614 2216 populoque
653 2161 851 2202 Romano
882 2177 979 2202 cum
1014 2161 1083 2201 illa
1122 2160 1490 2224 importunissima

51 2217 194 2259 bellua
215 2219 351 2275 possit
372 2232 486 2259 esse:
520 2221 560 2249 50
573 2218 738 2259 desinet
761 2217 956 2274 profecto
979 2218 1191 2269 dubita1e,
1213 2218 1279 2258 his
1304 2216 1492 2273 cognitis

50 2275 219 2326 litteris,
252 2290 356 2330 quas
386 2275 494 2316 mihi
520 2275 669 2316 missas
696 2276 751 2315 ab
785 2275 932 2316 Hirtio
963 2275 1137 2316 consule
1169 2275 1299 2316 modo
1330 2274 1494 2330 accepi.

51 2331 136 2374 Eas
160 2332 264 2373 dum
287 2332 437 2384 recito,
457 2332 648 2388 dumque
668 2332 720 2373 de
742 2333 921 2388 singulis
953 2333 1177 2374 sententiis
1200 2332 1386 2374 breviter
1408 2332 1497 2372 dis-

1499 1913 1569 1964 10

92 2459 134 2491 47
156 2457 252 2487 cilius
265 2456 389 2496 delata]
415 2457 468 2486 Sic
483 2455 579 2496 plane
594 2455 701 2487 Guelf.
716 2461 755 2487 ut

51 2503 87 2530 et
101 2500 136 2530 in
151 2499 257 2538 Lang.
272 2499 349 2534 fuit,
363 2499 448 2528 unde
464 2503 631 2538 receptum
647 2509 666 2529 a
680 2498 755 2529 Fer-

53 2542 138 2573 ratio
154 2548 187 2571 et
202 2541 287 2577 aliis,
301 2541 403 2571 etiam
418 2540 557 2571 Graevio.
594 2541 755 2572 Gruterus

51 2582 106 2614 hic
129 2588 230 2620 tacet,
247 2588 375 2613 servato
390 2586 498 2613 vetere
523 2584 615 2614 lecta.
640 2593 756 2624 nempe

51 2630 88 2655 et
110 2625 187 2657 alibi
209 2630 259 2656 est
281 2625 320 2655 de
344 2623 460 2654 delatis
483 2625 572 2655 falsis
595 2625 700 2656 SCtis.
723 2635 753 2655 v.

51 2667 146 2698 Clav.
169 2667 231 2698 Sed
250 2666 414 2706 quomodo
436 2672 574 2706 possunt
593 2676 661 2698 csse
677 2671 755 2698 ante

52 2709 175 2745 delata,
197 2719 295 2749 quam
317 2708 464 2748 scripta?
489 2709 613 2740 scilicet
634 2711 757 2748 scripta

53 2760 122 2782 non
131 2757 182 2782 est
191 2751 317 2790 vulgari
329 2760 424 2780 sensu
435 2751 660 2792 accipiendum
669 2763 678 2789 ;
692 2761 757 2790 quo

53 2798 132 2824 ante
159 2793 258 2823 scribi
285 2792 483 2830 debuerunt,
512 2803 612 2833 quam
640 2793 758 2824 desei-ri

55 2840 190 2875 possent
203 2835 244 2865 ad
263 2835 437 2865 zei-arium:
462 2834 517 2866 sed
538 2835 577 2866 de
597 2835 760 2875 scriptura

54 2877 90 2910 in
105 2882 235 2913 senatu,
249 2885 323 2916 quae
337 2877 377 2906 fit
391 2887 411 2907 a
426 2877 538 2910 scribis
546 2877 701 2919 publicis,
712 2887 762 2908 re·

45 2919 114 2951 ¹bus
127 2919 268 2952 decretis
281 2929 302 2952 a
315 2924 447 2953 senatu.

832 2459 873 2488 48
881 2466 953 2497 proe
964 2457 1065 2497 metu]
1084 2456 1169 2488 Mihi
1182 2456 1346 2487 interdum
1362 2455 1401 2486 de
1414 2455 1501 2495 glos-

798 2508 833 2529 sa
856 2505 1044 2539 suspectum
1071 2499 1159 2531 fuitz
1184 2509 1261 2529 nam
1285 2504 1392 2529 metus
1414 2499 1502 2528 inest

799 2542 833 2571 in
849 2540 1025 2580 nonferre.

839 2586 881 2618 49
903 2593 1003 2623 quam
1025 2594 1101 2615 cum
1123 2582 1281 2624 operibus]
1307 2581 1346 2612 In
1367 2581 1417 2612 his
1433 2592 1504 2613 ver-

797 2626 844 2656 bis
860 2625 979 2656 desinit
996 2626 1106 2656 Codex
1120 2626 1230 2656 Guelf.

840 2670 880 2698 50
902 2668 1029 2698 desinat
1049 2667 1139 2708 prqf.
1161 2667 1209 2706 d.]
1240 2665 1429 2705 Legendum
1453 2670 1504 2697 est

799 2710 932 2746 desinet,
946 2715 1021 2750 post
1030 2711 1139 2750 potuit
1152 2709 1299 2739 scilicet·
1317 2714 1441 2738 rectum
1455 2718 1506 2737 es-

800 2757 850 2781 set
862 2732 1000 2789 desinat,
1017 2754 1042 2782 si
1058 2751 1257 2799 praecederet
1270 2750 1401 2780 dulntet.
1426 2750 1506 2780 Mox

800 2794 898 2823 velim
912 2793 1060 2824 additum
1076 2797 1125 2824 est
1140 2804 1157 2824 e
1171 2793 1361 2832 conjectura
1376 2802 1396 2822 a
1409 2792 1508 2822 Faer-

803 2844 871 2865 no:
898 2836 954 2866 alii
976 2837 1143 2875 coniecere
1159 2839 1246 2874 peto.
1291 2834 1450 2864 Similiter
1472 2834 1507 2864 in

804 2886 892 2949 seqq.
916 2877 1032 2919 Neque
1046 2888 1078 2910 se
1092 2878 1171 2919 imp.
1187 2877 1244 2908 διε.
1262 2875 1341 2907 dicit
1354 2875 1509 2909 excidiss-

804 2928 837 2949 vr
859 2925 945 2951 etur.

714 2967 843 3007 412
