1785 3185
262 84 360 119 1183
851 79 1098 118 ORATIO

259 183 476 226 minisset.
469 185 482 209 Ρ
512 183 792 240 oppressisset
812 185 970 234 omnia,
993 184 1243 241 possideret,
1267 192 1430 225 teneret
1450 184 1543 240 lege
1564 197 1689 230 nova,

261 255 359 296 quae
391 250 454 281 est
485 241 660 282 inventa
680 241 791 296 apud
815 256 910 282 eum
935 256 1032 283 cum
1058 242 1227 297 reliquis
1251 242 1415 297 legibus
1440 235 1688 283 Clodianis:

264 312 407 338 servos
443 307 625 350 nosti-,os
661 298 834 339 libertos
869 314 966 340 51105
997 286 1446 354 fecisset.posiic-1110,
1480 299 1558 338 nisi
1592 309 1690 337 eum

265 354 325 394 dii
350 355 639 396 immortales
632 370 674 396 in
697 370 789 395 eam
814 364 1001 396 mentem
1033 356 1181 411 impuli
1187 372 1225 395 55
1214 366 1314 406 ent,
1338 365 1385 396 ut
1417 356 1544 396 homo
1577 353 1692 394 estie-

267 413 453 453 minatus
475 411 755 453 f·01tissimum
780 412 918 452 virum
949 412 1414 462 co·1aretu1·occidc1e‚
1436 412 1564 453 hodie
1586 423 1694 450 rem-

205 488 255 522 90
271 468 484 524 publicam
515 469 673 509 nullam
706 469 934 509 haberetis.
994 468 1064 510 An
1095 469 1162 509 ille
1185 484 1247 525 ρι’(
1237 480 1357 517 ae'tm,
1381 469 1448 509 ille
1474 483 1569 509 xero
1591 481 1695 508 con-

269 525 347 577 sul,
369 540 400 565 51
434 527 561 566 modo
594 526 688 566 haec
721 525 892 580 templa,
915 535 1043 580 atque
1074 527 1154 580 ips<
1143 541 1166 566 a
1196 526 1359 566 moeuit
1388 536 1497 565 51119
1522 540 1573 565 eo
1597 524 1694 564 vivo

270 583 458 646 tamdiu,
470 592 513 623 et
539 584 806 623 consulatum
841 596 932 636 ejus
968 592 1220 637 exspectare
1247 582 1501 637 potuissent,
1526 582 1567 622 ill
1571 595 1593 621 e
1623 580 1695 621 de-

269 640 398 695 nique
421 641 543 680 xivus
567 639 665 679 mali
689 638 795 679 nihil
818 639 1003 689 fecisset,
1027 640 1098 693 qui
1124 650 1315 679 mortuus
1343 653 1429 678 uno
1450 652 1504 678 ex
1527 638 1612 678 suis
1631 652 1697 676 sa-

269 697 474 759 tellitibus
507 697 607 737 Sex.
634 695 788 736 Clodio
819 695 942 746 duce,
973 696 1134 738 curiam
1168 696 1438 736 incenderit?
1470 694 1570 741 Quo
1593 693 1695 748 quid

268 754 476 803 miserius,
512 753 614 808 quid
658 752 866 802 acerbius,
902 728 1003 808 quid
1046 753 1281 793 luctuosius
1320 752 1533 793 vidimus?
1570 750 1698 792 Tem-

268 811 385 866 plum
438 809 693 860 sanctitatis,
738 784 1048 864 amplitudinis,
1090 811 1260 861 mentis,
1302 809 1469 851 consilii
1520 806 1697 871 publici,

267 872 452 924 ³00aput
485 868 616 917 urbis,
646 881 690 907 ar
693 881 761 906 am
792 866 1021 917 sociorum,
1058 877 1227 923 portum
1261 866 1454 907 omnium
1488 865 1698 929 gentium,

268 925 410 966 sedem
433 924 487 964 ab
510 925 708 964 universo
735 922 895 978 populo
929 922 1127 965 Romano
1159 938 1406 965 concessam
1440 923 1511 964 uni
1543 921 1698 971 ordini,

267 976 540 1030 inflammari,
572 980 782 1030 exscindi,
816 979 1051 1022 funestari?
1082 996 1219 1036 neque
1252 981 1293 1021 id
1324 981 1415 1021 ficii
1449 996 1474 1022 a
1505 978 1699 1020 multitu-

267 1039 366 1079 dine
388 1038 601 1093 imperita,
623 1051 884 1092 quamquam
915 1049 1025 1078 esset
1056 1039 1257 1079 misci-um
1290 1038 1331 1079 id
1363 1039 1518 1093 ipsum,
1542 1036 1613 1078 sed
1645 1036 1699 1076 ab

267 1097 382 1137 uno?
413 1109 485 1149 qul
509 1109 606 1135 cum
635 1104 803 1136 tantum
834 1109 960 1135 ausus
992 1096 1047 1135 sit
1077 1097 1114 1125 31
1135 1106 1250 1136 ustor
1280 1110 1356 1151 pro
1388 1105 1572 1144 mortuo,
1597 1092 1701 1148 quid

269 1151 448 1208 signifer
479 1166 555 1207 pro
583 1151 680 1192 vivo
711 1167 796 1193 non
826 1161 937 1192 esset
969 1155 1124 1193 ausus?
1158 1151 1209 1193 In
1237 1167 1396 1193 cumini
1416 1152 1699 1215 *potissimum

271 1209 446 1264 abjecit,
480 1218 528 1249 ut
563 1223 657 1249 eam
696 1219 889 1249 mortuus
929 1209 1189 1260 incenderet
1221 1224 1348 1263 quam
1388 1209 1506 1250 vivus
1539 1218 1701 1248 everte-

210 1277 350 1317 91rat.
413 1265 469 1306 Et
500 1276 612 1317 sunt,
636 1266 709 1321 qui
741 1267 793 1307 de
814 1266 883 1307 via
903 1265 1048 1321 Appia
1069 1277 1314 1321 querantur,
1339 1276 1507 1308 taceant
1537 1266 1588 1306 de
1620 1279 1694 1305 cu-

273 1324 363 1366 ria?
393 1333 437 1363 et
457 1324 530 1378 qui
553 1324 607 1364 ab
637 1337 687 1364 eo
716 1324 904 1379 spirante
937 1323 1077 1364 forum
1113 1334 1264 1379 putent
1294 1322 1483 1379 potuisse
1512 1321 1700 1371 defendi,

225 1393 258 1422 b.
273 1380 396 1436 cujus
439 1395 527 1420 non
575 1381 779 1422 restiterit
828 1381 1023 1422 cadaveri
1067 1381 1212 1422 curia?
1256 1380 1471 1431 Excitate,
1514 1379 1702 1420 excitate

271 1452 385 1489 euin,
411 1437 444 1478 si
474 1438 668 1492 potestis,
698 1438 752 1478 ab
789 1437 950 1478 inferis.
986 1438 1192 1493 frangetis
1217 1438 1427 1501 impeturn
1452 1436 1553 1487 vivi,
1577 1436 1700 1490 cujus

269 1495 346 1536 vix
383 1495 600 1536 sustinetis
638 1494 769 1537 furias
808 1495 1037 1550 insepulti?
1068 1495 1148 1535 nisi
1184 1508 1284 1535 vero
1317 1494 1576 1535 sustinuistis
1613 1507 1701 1541 eos,

269 1552 343 1609 qui
381 1566 480 1593 cum
523 1550 689 1593 facibus
728 1552 781 1592 ad
818 1554 979 1593 curiam
1011 1561 1304 1602 circumminxit,
1336 1554 1488 1592 32cum
1519 1550 1702 1591 falcibus

269 1610 321 1650 ad
357 1608 564 1660 Castoris,
597 1623 696 1649 cum
732 1608 884 1664 gladiis
920 1618 1013 1649 toto
1047 1609 1140 1649 foro
1176 1607 1604 1650 volita1unt.Caedi
1640 1606 1703 1648 vi·

269 1666 392 1708 distis
434 1666 640 1722 populum
676 1665 937 1717 Romanum,
976 1666 1228 1707 concionem
1267 1665 1418 1722 gladiis
1456 1663 1703 1713 disturbari,

270 1738 369 1764 curn
404 1723 622 1764 audi1··etu1
653 1723 822 1764 silentio
862 1723 925 1764 M.
952 1723 1134 1773 Coelius,
1164 1723 1360 1763 tribunus
1393 1721 1542 1777 plebis,
1568 1721 1630 1761 vir
1657 1730 1700 1760 et

271 1781 315 1821 in
344 1779 565 1836 republica
593 1779 866 1830 fortissimus,
888 1789 931 1820 et
962 1781 1003 1820 in
1033 1790 1228 1835 suscepta
1261 1794 1389 1820 causa
1420 1779 1702 1840 firmissimus,

272 1848 316 1878 et
343 1838 554 1878 bonorum
578 1836 803 1887 voluntati,
826 1848 870 1877 et
900 1837 1145 1877 auctorit-iti
1180 1850 1348 1878 senatus
1379 1836 1563 1886 deditus,
1586 1844 1628 1876 et
1659 1834 1702 1876 in

272 1894 354 1935 hic
380 1894 561 1935 Milonis
594 1894 682 1935 sive
713 1895 875 1935 invidia
906 1895 994 1935 sive
1027 1895 1212 1944 tortium,
1237 1892 1456 1950 singulari,
1479 1892 1638 1943 divina,
1660 1901 1704 1932 et

274 1951 515 1994 incredibili
540 1951 637 1992 fide.

190 2009 262 2056 341
333 2008 415 2051 Sed
441 2008 536 2066 jam
568 2008 669 2054 satis
702 2008 838 2050 multa
864 2008 916 2049 de
945 2023 1096 2050 causa:
1129 2018 1251 2050 extra
1279 2022 1451 2049 causam
1481 2008 1609 2049 etiam
1641 2005 1706 2047 ni-

211 2088 260 2122 92

315 2152 356 2179 30
378 2155 476 2189 caput
497 2149 602 2189 urbis]
632 2152 710 2181 Mss.
735 2151 865 2191 quidam
889 2150 966 2180 boni
1052 2153 1093 2181 32
1115 2160 1188 2180 cum
1202 2151 1351 2191 falcibus
1369 2150 1414 2180 ad
1441 2147 1594 2187 Castoris]
1624 2146 1704 2177 Mss.

272 2196 305 2221 et
323 2192 372 2222 ed.
388 2192 484 2222 dunt.
500 2192 623 2223 habent
637 2195 730 2223 orbis.
775 2194 807 2223 Si
826 2193 966 2223 maxime
1010 2192 1075 2222 fere
1098 2200 1132 2222 et
1155 2193 1226 2223 edd.
1249 2200 1328 2223 vett.
1341 2191 1489 2231 jhcz'bus,
1507 2191 1592 2230 quod
1615 2189 1706 2219 Grae.

272 2235 355 2264 orbis
369 2234 562 2273 simpliciter
576 2245 635 2274 pro
650 2236 727 2265 orbe
741 2240 903 2265 terrarum
920 2234 966 2264 di·
1011 2235 1079 2264 vius
1094 2236 1265 2265 revocavit.
1292 2236 1364 2265 Hoc
1379 2235 1443 2264 scio
1459 2234 1611 2263 vitiosum
1625 2241 1704 2262 esse.

272 2276 300 2306 ci
319 2276 432 2316 possit,
447 2284 641 2307 tamennon
658 2278 736 2310 satis
753 2277 873 2317 placet:
893 2277 967 2317 quia
1011 2287 1086 2307 nam
1108 2282 1146 2306 ut
1167 2284 1244 2307 sunt
1267 2278 1332 2307 tria
1352 2276 1476 2306 diversa
1497 2277 1604 2311 curia,
1627 2275 1707 2304 cedes

273 2317 331 2358 illc
344 2322 393 2347 cst
411 2319 444 2347 in
460 2319 613 2349 omnibus
629 2320 794 2360 gentibus,
810 2329 882 2358 qua·
895 2323 969 2360 post
1017 2318 1156 2349 amem-is
1174 2318 1350 2359 etjbrum,
1369 2319 1414 2348 sic
1435 2324 1468 2347 et
1493 2319 1558 2347 tria
1583 2318 1709 2347 diversa

277 2367 516 2391 memorantur.
1011 2360 1131 2391 debent
1147 2360 1354 2400 essesacibns
1371 2384 1377 2390 .
1396 2383 1402 2389 .
1421 2360 1576 2399 .glacliis.
1595 2359 1706 2397 itaque

316 2404 350 2431 31
379 2407 469 2432 ustor
487 2412 550 2441 pro
575 2402 715 2441 mortuo]
746 2402 858 2433 Lectio
884 2402 968 2432 anti-
999 2402 1151 2442 falcibus
1179 2402 1429 2442 preest-rendum,
1454 2402 1539 2440 quod
1562 2400 1632 2432 edd.
1661 2400 1703 2431 R.

275 2444 370 2477 quior
385 2445 417 2474 in
433 2444 503 2474 edd.
519 2449 568 2474 est
582 2447 671 2475 ulem·
686 2444 759 2474 inde
775 2455 792 2474 a
805 2445 857 2473 w.
871 2454 967 2484 quam
1018 2447 1108 2475 1480.
1138 2445 1225 2475 Med.
1254 2445 1348 2474 Junt.
1376 2446 1435 2474 ἃς.
1466 2444 1600 2474 habent.
1644 2442 1706 2472 Sed

275 2486 422 2515 Graevius
445 2487 601 2516 restituit.
617 2491 707 2516 ustor
721 2492 769 2515 est
785 2497 801 2515 e
826 2487 889 2516 Ms.
907 2487 969 2516 Co·
1012 2497 1083 2525 quae
1099 2487 1164 2517 sint
1179 2487 1289 2522 falces,
1305 2494 1469 2526 quaerunt.
1515 2487 1601 2516 Sunt
1620 2485 1707 2514 inter

276 2527 345 2558 lon.
370 2538 388 2558 a
416 2528 571 2564 Gmtero,
595 2529 646 2558 cui
676 2535 709 2558 et
738 2528 807 2558 Erf.
835 2537 969 2558 consen·
1013 2538 1116 2564 arma,
1142 2539 1184 2559 sc.
1213 2529 1252 2558 aul
1277 2529 1521 2560 destruendum.
1566 2527 1648 2558 Suu.
1677 2529 1706 2557 5.

274 2571 328 2600 tit.
366 2569 532 2600 Neutrum
547 2570 666 2610 placet.
682 2580 758 2600 nam
773 2574 809 2599 ut
827 2575 972 2599 mortuus
1014 2570 1176 2601 Lentulus
1191 2571 1310 2600 ‹licitur
1331 2571 1495 2607 Catilium,
1511 2580 1550 2601 ex
1574 2570 1651 2599 urbe
1675 2579 1709 2599 e-

275 2617 309 2641 et
335 2612 428 2641 rivus
451 2618 531 2642 sunt
558 2612 736 2649 contraria,
763 2613 807 2641 sic
833 2619 866 2642 et
896 2612 970 2641 sul)-
1014 2614 1123 2649 misse,
1152 2614 1274 2643 misisse
1303 2623 1412 2649 arma,
1437 2622 1571 2647 cornua,
1599 2612 1706 2647 tubas,

274 2654 420 2684 stantiva
441 2653 580 2694 signifer
597 2659 630 2684 et
647 2677 654 2684 .
674 2678 680 2684 .
701 2677 707 2684 .
727 2677 733 2683 .
749 2654 869 2684 delient
890 2664 969 2684 esse.
1001 2654 1125 2694 falces,
1153 2656 1259 2694 signa.
1286 2665 1401 2695 nempe
1424 2655 1594 2694 effringere
1617 2653 1707 2683 volu-

275 2696 337 2725 Sed
360 2705 420 2726 nee
445 2698 535 2726 ultor
560 2706 620 2727 nec
645 2700 736 2726 ustor
759 2701 972 2736 opponuntur
1015 2706 1067 2726 cre
1100 2697 1201 2727 aedem
1235 2698 1391 2733 Castoris,
1424 2697 1457 2726 in
1488 2705 1585 2736 quam
1617 2705 1707 2725 arma

273 2737 443 2777 signifero.
474 2738 556 2769 nihil
584 2738 662 2768 dum
689 2739 862 2775 succurrit,
888 2738 973 2777 quod
1015 2738 1108 2768 illata
1131 2745 1239 2776 erant,
1269 2749 1306 2770 ut
1336 2746 1380 2770 „st
1412 2740 1446 2769 in
1473 2739 1531 2770 Or.
1554 2738 1587 2768 in
1619 2738 1707 2768 Piso-

274 2779 415 2817 placeat.
459 2780 520 2811 Ed.
550 2781 588 2811 R.
619 2779 719 2811 habet
747 2782 846 2817 ultro,
872 2787 912 2811 ut
939 2785 972 2811 et
1016 2790 1103 2813 nem.

275 2821 364 2853 Med.
379 2823 468 2854 Brix.
480 2823 577 2854 Junt.
