1817 3169
574 97 640 136 IN
667 97 710 135 L.
742 97 1019 136 PISONEM.
1418 100 1515 135 1141

87 217 159 246 mo
181 202 360 253 facetus,
381 200 432 242 ad
466 200 804 256 persuadendum
837 201 1088 250 concinnus,
1110 199 1338 255 perfectus,
1362 200 1519 257 politus

87 275 112 302 e
142 259 309 301 schola:
343 258 460 305 Quid
493 269 570 309 est,
603 257 763 307 Caesar,
794 258 906 312 quod
945 267 984 297 te
1023 257 1355 311 supplicationes
1393 259 1520 299 toties

88 317 286 367 decretae,
319 324 384 356 tot
423 315 601 365 dierum,
636 325 858 370 tantopere
888 314 1128 355 delectent?
1162 314 1202 353 in
1244 316 1399 368 quibus
1443 315 1563 355 ho-b.

92 373 227 415 mines
248 387 388 414 errore
417 372 655 413 ducuntur:
689 387 792 426 quas
824 371 881 412 dii
915 370 1164 426 negligunt:
1197 372 1285 424 qui,
1310 380 1355 410 ut
1377 382 1521 412 noster

89 431 159 471 ille
195 431 364 472 divinus
396 429 508 470 dixit
552 428 776 485 Epicurus,
810 427 1154 483 neque‘propitii
1192 427 1392 481 cuiquam
1431 442 1521 469 esse

91 487 241 538 solent,
283 501 418 542 neque
458 487 567 527 irati.
630 486 730 526 Non
760 485 888 526 facies
925 485 1052 526 fidem
1080 483 1257 534 scilicet,
1291 499 1386 524 cum
1428 484 1521 525 haec

91 545 346 600 disputabis.
377 544 457 584 tibi
489 545 600 584 enim
625 552 668 583 et
698 557 788 583 esse
817 553 859 583 et
883 542 1045 583 ssfuisse
1067 542 1168 582 deos
1191 540 1354 581 videbit
1376 540 1520 582 iratos.

89 596 242 642 Vestes
266 611 306 642 te
331 601 382 642 ad
405 601 578 642 alteram
603 600 814 641 scholam:
846 599 1023 640 disseres
1045 599 1097 639 de
1121 598 1364 654 triumpho:
1406 598 1522 644 Quid
1535 598 1587 632 60

91 658 263 699 tandem
301 659 429 699 habet
459 659 538 699 iste
559 659 733 699 currus?
764 657 864 712 quid
890 657 1022 697 vincti
1046 665 1144 696 ante
1165 670 1335 696 currum
1367 654 1524 696 duces?

92 715 195 770 quid
227 716 452 756 simulacra
481 715 766 772 oppidorum?
797 714 899 768 quid
931 715 1107 754 aurum?
1138 713 1240 767 quid
1272 715 1527 768 argentum?

93 772 197 827 quid
221 772 349 829 legati
373 773 414 813 in
438 773 571 827 equis,
589 782 632 812 et
654 772 842 812 tribuni?
873 771 974 826 quid
1000 771 1158 811 clamor
1182 769 1393 811 militum?
1425 769 1529 824 quid

94 838 186 871 tota
207 829 276 871 illa
299 831 483 886 pompa?
515 829 658 870 inania
689 836 788 868 sunt
810 829 904 878 ista,
929 827 1033 868 mihi
1057 827 1195 877 crede,
1218 827 1530 867 delectamenta

93 900 218 942 paene
241 901 483 943 puerorum,
505 895 678 941 captare
700 885 884 940 plausus,
910 885 1008 925 vehi
1044 899 1116 940 per
1150 885 1311 934 urbem,
1334 884 1528 939 conspici

93 943 213 985 velle.
236 944 390 999 quibus
413 958 467 984 ex
492 944 616 983 rebus
636 942 742 982 nihil
764 953 841 993 est,
864 943 978 997 quod
1010 942 1193 982 solidum
1226 952 1382 991 tenere,
1406 940 1527 992 nihil,

93 1000 208 1055 quod
233 1000 386 1041 referre
409 1001 460 1042 ad
493 1000 756 1056 voluptatem
788 1000 978 1055 corporis
1011 1000 1160 1054 possit.
1221 999 1339 1045 Quin
1383 1008 1427 1038 tu
1461 1013 1527 1039 me
1540 1005 1589 1039 61

95 1057 228 1108 vides,
259 1058 347 1114 qui,
374 1072 427 1098 ex
451 1072 536 1113 qua
556 1057 780 1113 provincia
799 1056 850 1097 T.
876 1057 1154 1107 Flamininus,
1188 1055 1236 1096 L.
1263 1055 1449 1106 Paullus,
1470 1056 1529 1102 Q.

95 1112 314 1165 Metellus,
333 1113 383 1156 Τ.
405 1115 576 1166 Didius,
594 1114 922 1155 innumerabiles
944 1114 1030 1164 alii,
1050 1114 1129 1154 levi
1153 1114 1390 1169 cupiditate
1412 1128 1532 1154 com-

93 1173 218 1222 moti,
233 1172 565 1228 triumpharunt,
579 1186 632 1212 ex
652 1187 702 1212 ea
721 1172 780 1212 sic
800 1172 979 1222 redii,ut
997 1171 1047 1211 ad
1068 1181 1233 1227 portam
1250 1170 1532 1225 Esquilinam,

97 1227 428 1270 Macedonicam
461 1228 647 1270 lauream
685 1228 999 1280 conculcarim3
1031 1229 1121 1283 ipse
1152 1243 1250 1268 cum
1284 1228 1532 1268 hominibus

95 1286 341 1341 quindecim
372 1286 480 1327 male
502 1286 666 1328 vestitis
698 1286 746 1327 ad
783 1295 950 1341 portam
983 1285 1349 1326 Coelimontanam
1385 1285 1532 1326 sitiens

98 1344 362 1399 pervenerim
381 1361 390 1385 :
414 1358 499 1399 quo
523 1344 565 1384 in
588 1344 683 1384 loco
701 1343 807 1383 mihi
830 1343 1021 1393 libertus,
1043 1343 1246 1398 praeclaro
1270 1342 1533 1398 imperatori,

99 1400 275 1441 domum
296 1415 350 1441 ex
372 1401 454 1442 hac
483 1401 552 1441 die
587 1401 718 1441 biduo
749 1410 848 1441 ante
877 1400 1168 1441 conduxerat:
1201 1415 1297 1454 quae
1333 1415 1468 1440 vacua
1500 1400 1534 1439 si

96 1471 184 1498 non
206 1457 370 1509 fuisset,
393 1458 435 1498 in
467 1473 621 1513 campo
655 1457 819 1498 Martio
850 1457 956 1498 mihi
988 1457 1309 1498 tabernaculum
1331 1457 1536 1497 collocas-

98 1528 203 1555 sem.
236 1529 391 1556 numus
424 1515 585 1556 interea
615 1515 738 1567 mihi,
762 1514 922 1566 Caesar,
946 1514 1186 1570 4neglectis
1218 1513 1423 1555 vehiculis
1462 1514 1535 1554 tri-

100 1571 390 1627 umphalibus,
409 1572 522 1613 domi
557 1581 716 1624 manet,
737 1581 780 1613 et
810 1572 1015 1612 manebit.
1045 1572 1231 1612 rationes
1262 1572 1312 1612 ad
1337 1573 1536 1612 aerarium

99 1628 224 1669 retuli
247 1629 469 1681 continuo,
491 1630 603 1672 sicut
625 1640 697 1670 tua
717 1629 1011 1684 lexjubebat:
1044 1643 1181 1684 neque
1212 1629 1293 1669 alia
1321 1628 1403 1669 ulla
1427 1629 1467 1669 in
1493 1642 1535 1668 re

98 1684 184 1742 legi
207 1695 292 1727 tuae
315 1686 452 1742 parui.
475 1702 578 1743 quas
604 1688 789 1728 rationes
821 1686 854 1726 si
886 1686 1102 1742 cognoris,
1125 1686 1352 1741 intelliges,
1375 1685 1535 1726 nemini

99 1743 208 1799 plus,
221 1758 348 1798 quam
367 1744 489 1795 mihi,
514 1745 531 1775 5
544 1744 706 1785 litteras
726 1743 950 1801 profuisse.
969 1744 1030 1785 ita
1044 1744 1156 1786 enim
1172 1754 1269 1784 sunt
1289 1744 1536 1799 perscriptae

101 1800 208 1841 scite
229 1809 272 1841 et
293 1800 493 1852 litterate,
515 1811 564 1843 ut
585 1802 739 1853 scriba,
761 1801 814 1842 ad
837 1801 1034 1842 aerarium
1064 1801 1134 1856 qui
1167 1815 1236 1842 eas
1260 1801 1420 1851 retulit,
1444 1815 1537 1856 pei·-

100 1857 271 1913 scriptis
290 1859 543 1911 rationibus,
566 1873 711 1901 secum
733 1859 839 1915 ipse,
862 1858 1025 1914 6caput
1044 1858 1215 1900 sinistra
1234 1873 1362 1898 manu
1386 1858 1538 1914 perfri-
1549 1858 1646 1930 293·

143 1971 162 2000 3
174 1970 210 2011 f.
226 1970 298 2001 deos
319 1972 438 2002 videbis
458 1972 574 2012 iratos]
623 1972 748 2003 Videbis
772 1972 800 2002 si
842 1973 991 2003 ciborum
1020 1973 1240 2013 imponuntur
1266 1981 1400 2009 mensae,
1430 1973 1476 2002 sic
1503 1972 1539 2002 in

100 2021 214 2043 verum
230 2017 292 2050 est,
309 2015 395 2045 enim
409 2015 518 2045 locum
536 2024 603 2045 non
614 2014 724 2046 habet.
744 2014 802 2044 Vi·
842 2015 1019 2055 triumphis
1036 2015 1202 2046 vehiculo:
1218 2025 1296 2055 ergo
1310 2015 1458 2045 vehicula
1471 2015 1504 2045 h.
1516 2014 1538 2045 1.

103 2053 201 2085 detur
215 2054 389 2094 legendum
411 2057 530 2087 videbit
544 2066 588 2087 sc.
605 2057 727 2094 Caesar,
743 2057 802 2087 tibi
844 2057 921 2088 ferri
937 2062 1085 2096 possunt.

103 2097 203 2133 iratos
207 2096 318 2137 fuisse
331 2098 432 2136 Deos,
446 2099 500 2138 qui
524 2098 649 2129 nullam
672 2099 732 2128 tibi
755 2099 803 2128 vi-

102 2139 241 2169 ctoriam
269 2139 430 2179 dederint,
456 2146 490 2171 et
511 2151 588 2177 esse,
611 2142 665 2181 qui
692 2146 726 2171 te
749 2141 799 2170 in-

102 2189 219 2211 sanum
243 2182 380 2213 fecerint.
402 2193 439 2213 ac
461 2183 632 2213 furiosum.
677 2183 798 2213 Admo-

103 2221 182 2253 dum
194 2230 340 2255 venuste.
384 2225 470 2265 Quia
484 2226 528 2255 sic
542 2225 665 2255 habent
678 2225 750 2255 edd.
763 2225 798 2255 P.

889 2101 906 2129 5
929 2098 1224 2139 literasprqfuisse]
1250 2100 1390 2140 Nempe,
1405 2101 1481 2139 quia
1502 2100 1543 2130 li-

841 2145 928 2171 teras
950 2151 1008 2180 pro
1033 2143 1170 2181 pecunia
1193 2142 1325 2172 dederat
1352 2142 1476 2172 aerario.
1493 2146 1543 2173 est

837 2184 934 2222 jocus
949 2194 987 2212 ex
1002 2184 1217 2223 ambiguitate
1231 2184 1319 2214 verbi
1332 2185 1444 2215 literas
1455 2197 1464 2214 .-
1478 2194 1542 2224 quo

844 2231 877 2256 et
892 2226 926 2255 in
941 2225 1087 2256 Verrinis
1101 2235 1178 2256 usus
1193 2231 1254 2256 est.

106 2265 251 2295 Manutii
270 2270 360 2297 1540.
377 2266 493 2298 Lamb.
511 2268 568 2298 &c.
587 2267 704 2308 recepi.
719 2267 801 2298 dixit

106 2307 262 2345 modeste,
277 2309 354 2348 quia
367 2318 467 2348 gener
488 2314 560 2340 erat
578 2311 700 2347 Caesar,
716 2310 803 2339 vide-

108 2348 153 2380 bit
166 2359 224 2389 pro
240 2351 332 2381 dicet.

149 2394 170 2422 4
190 2394 343 2430 neglectis
363 2394 518 2423 vehiculis
540 2393 712 2433 triumph]
737 2393 801 2424 Pro

105 2434 260 2465 vehiculis
283 2435 415 2473 quidam
437 2435 562 2466 edidere
580 2435 738 2475 jere-ulis,
764 2440 802 2465 ut

108 2473 224 2506 Lamb.
240 2477 339 2507 Aldus
350 2478 425 2517 jun.
441 2477 526 2516 quod
548 2483 582 2508 et
596 2478 742 2508 Graevius
756 2487 803 2508 se-

96 2522 206 2547 ‘cutus
221 2523 281 2550 est.
326 2520 461 2549 Sumtus
475 2521 590 2559 utique
606 2530 672 2550 non
687 2521 751 2551 fuit
771 2521 805 2550 in

110 2558 279 2597 vehiculis,
293 2561 349 2590 sed
363 2562 395 2591 in
408 2561 552 2598 ferculis,
567 2572 639 2602 quae
660 2563 806 2603 impone·

112 2606 227 2631 rentur
242 2602 407 2634 vehiculis.
426 2613 501 2634 nani
516 2614 555 2634 ea
570 2605 658 2635 facta
671 2615 689 2635 e
705 2610 808 2635 mate-

114 2642 162 2672 ria
175 2644 328 2682 pretiosa,
343 2650 381 2675 ut
405 2646 438 2675 in
462 2646 598 2677 Caesaris
619 2647 809 2688 triumphis,

115 2692 154 2713 ex
180 2685 288 2723 ebore,
313 2687 408 2729 citro,
434 2692 572 2726 argento
600 2689 700 2725 rasili,
724 2689 810 2729 apud

114 2723 295 2757 Velleium:
319 2733 353 2758 et
363 2727 502 2768 fercula
519 2740 718 2770 pomparum
744 2741 812 2761 me-

106 2774 287 2798 *morantnr
301 2771 434 2809 passim,
446 2777 484 2801 ut
500 2772 585 2811 apud
608 2777 757 2802 nostrum
774 2772 812 2803 de

115 2806 209 2839 offic.
253 2810 364 2850 ltaque
380 2813 405 2842 si
422 2813 495 2843 libri
513 2813 713 2849 addicerent,
731 2824 812 2854 prae-

112 2848 245 2882 ferrem.
290 2853 353 2883 Sed
367 2855 452 2885 sieut
467 2855 501 2885 in
517 2856 672 2886 conviviis
690 2857 814 2888 fercula

887 2267 906 2297 6
922 2272 1020 2306 caput
1030 2267 1352 2309 sinistra—dxteram]
1366 2269 1470 2309 Super
1482 2269 1545 2299 hoc

843 2308 916 2339 loco
932 2309 1037 2339 multa
1053 2310 1256 2350 disputavere
1279 2312 1445 2342 Victorius
1467 2311 1546 2342 Var.

845 2351 939 2382 Lect.
956 2352 1052 2390 vlu,
1067 2353 1099 2383 6.
1115 2358 1149 2383 et
1163 2360 1278 2384 contra
1291 2354 1378 2384 hunc
1394 2353 1546 2384 Muretus

843 2394 920 2425 Var.
945 2393 1038 2425 Lect.
1066 2394 1124 2431 IV,
1154 2398 1201 2429 19.
1229 2396 1302 2427 add.
1338 2396 1480 2426 Budaeus
1506 2396 1548 2426 ad

844 2436 947 2467 pand.
963 2447 994 2476 p.
1007 2447 1051 2468 m.
1069 2440 1142 2471 198.
1166 2437 1292 2478 Nempe
1306 2438 1344 2468 de
1357 2447 1452 2469 sensu
1468 2448 1547 2468 con-

846 2478 1016 2510 sentiunt:
1048 2479 1216 2510 hominem
1242 2481 1376 2511 anxium
1399 2485 1432 2510 et
1453 2480 1544 2510 dubi-

847 2525 976 2551 tantem
1005 2521 1044 2552 de
1073 2523 1253 2553 rationibus
1281 2523 1413 2553 induci:
1450 2529 1484 2551 at
1510 2522 1543 2552 in

848 2572 955 2599 versu,
976 2563 1010 2593 in
1034 2574 1098 2602 quo
1121 2564 1241 2595 ultima
1262 2566 1348 2595 varie
1371 2569 1405 2594 et
1430 2565 1546 2594 vitiose

849 2605 971 2645 scripta
984 2612 1062 2636 sunt
1076 2607 1109 2636 in
1125 2606 1197 2636 edd.
1213 2613 1280 2637 ant.
1296 2607 1351 2637 alii
1366 2605 1550 2636 defendunt

851 2647 1026 2677 lectionem
1041 2652 1218 2687 argentum
1241 2650 1403 2679 decoctum
1419 2648 1548 2688 οἴχεται.

855 2689 1032 2720 Decoccum
1047 2697 1103 2720 aut
1126 2695 1176 2720 est
1197 2702 1216 2721 a
1239 2691 1429 2730 glossatore,
1452 2697 1510 2721 aut
1532 2701 1550 2720 e

853 2731 959 2762 latina
995 2733 1082 2762 verbi
1120 2734 1217 2771 graeci
1257 2734 1428 2772 scriptura.
1465 2732 1554 2772 apud

855 2774 1012 2803 Plautum
1026 2774 1168 2812 quidem,
1186 2784 1203 2804 e
1218 2775 1309 2813 cujus
1324 2775 1485 2805 Trinumo
1500 2774 1552 2804 hie

855 2824 965 2846 versus
993 2820 1056 2853 est,
1084 2825 1152 2846 non
1178 2822 1249 2853 est5
1283 2827 1342 2848 nec
1370 2816 1402 2848 id
1428 2817 1555 2857 patitur

856 2866 978 2888 versus.
