1769 3174
561 85 680 124 PRO
716 85 758 123 P.
796 84 1029 125 SEXTIO.
1434 83 1512 126 975

69 193 153 234 tem
189 195 366 230 estatem
393 188 711 244 impendentem
732 189 886 230 intueri
906 187 1178 237 temulentus,
1198 184 1270 227 sed
1292 199 1345 228 ne
1366 183 1505 228 lucem

64 244 139 298 qui
172 259 241 286 em
279 246 494 287 insolitam
527 245 746 301 adspicere
775 246 947 302 posset?
978 244 1099 284 Alter
1125 242 1282 284 multos
1309 242 1432 298 plane
1459 243 1563 286 inv

63 314 213 343 omnes
236 312 376 357 partes
397 301 562 344 fefellit.
595 311 685 343 erat
701 302 816 343 enim
839 304 878 333 35
889 301 1114 343 hominum
1134 299 1329 356 opinioni
1349 300 1505 341 nobili·

62 365 152 399 tate
194 359 300 414 ipsa,
339 359 495 401 blanda
535 358 886 409 conciliatricula,
926 356 1266 398 commendatus.
1340 355 1503 398 Omnes

61 414 164 457 boni
186 429 352 471 semper
372 415 588 458 nobilitati
606 415 813 466 favemus,
833 424 890 466 et,
909 415 1011 470 quia
1031 413 1135 455 utile
1150 421 1215 454 est
1238 412 1502 468 reipublicae,

59 471 226 513 nobiles
257 473 451 514 homines
483 487 574 514 esse
605 473 760 528 dignos
792 472 1028 528 majoribus
1059 471 1160 521 suis,
1181 479 1225 511 et
1257 469 1358 524 quia
1391 470 1504 511 valet

58 529 174 584 apud
195 543 288 581 nos,
313 529 524 572 clarorum
552 529 777 571 homiuum
807 539 850 570 et
876 529 984 570 bene
1005 528 1057 569 de
1079 527 1299 584 republica
1327 526 1503 567 merito-

58 595 154 626 rum
176 587 383 628 memoria
403 588 532 628 etiam
555 596 837 628 mortuorum.
881 586 996 633 Quia
1017 585 1182 627 tristem
1206 597 1386 638 semper,
1401 584 1504 638 quia

57 643 338 694 «taciturnum,
359 644 460 699 quia
491 644 789 685 subhorridum
822 651 951 698 atque
983 642 1194 684 incultum
1218 640 1436 691 videbant,
1459 650 1503 682 et

55 699 174 754 quod
195 709 286 741 erat
306 715 357 741 eo
378 701 564 752 nomine,
587 710 635 741 ut
655 701 905 757 ingenerata
933 699 1108 740 familiae
1137 697 1359 755 frugalitas
1384 697 1501 738 vide-

57 765 189 808 retur,
212 757 428 809 favebant,
451 758 710 814 gaudebant,
733 766 776 798 et
797 758 850 799 ad
872 757 1167 812 integritatem
1189 755 1402 809 majorum
1425 769 1500 810 spe

51 827 134 854 sua
153 813 373 856 homiuem
397 816 622 865 vocabant,
643 815 822 856 materni
845 815 1013 870 generis
1034 813 1174 856 obliti.
1236 811 1331 868 Ego
1354 820 1497 853 autem
1508 817 1559 863 22

54 873 174 922 (vere
207 871 289 913 hoc
324 872 698 927 dicam,judiees,)
719 881 886 912 tantum
915 885 1006 912 esse
1038 871 1080 911 in
1112 870 1286 911 homine
1313 867 1497 924 sceleris,

21 948 23 951 ·
52 927 262 979 audaciae,
292 929 572 980 crudelitatis,
603 939 813 984 quantum
844 930 935 985 ipse
972 942 1072 969 cum
1109 926 1330 975 republica
1370 926 1496 977 sensi,

38 994 289 1041 'numquam
312 987 476 1042 putavi.
497 1001 682 1042 nequam
712 1001 803 1028 esse
832 985 1068 1036 hominem,
1089 994 1133 1026 et
1155 977 1307 1033 levem,
1330 991 1372 1024 et
1391 982 1497 1024 falsa
1509 991 1539 1021 b.

51 1042 272 1097 opinione,
298 1057 440 1085 errore
471 1043 696 1085 hominum
726 1044 780 1085 ab
813 1042 1100 1084 adolescentia
1130 1041 1496 1095 commendatum,

51 1099 254 1142 sciebam.
274 1101 436 1142 etenim
457 1101 623 1142 animus
645 1101 736 1156 ejus
760 1100 894 1152 vultu,
914 1100 1081 1155 flagitia
1110 1098 1345 1156 parietibus
1377 1106 1499 1153 tege-

51 1155 231 1199 bantur:
263 1158 337 1199 sed.
366 1157 460 1200 haec
489 1158 744 1210 obstructio,
767 1172 846 1199 nec
876 1157 1078 1199 diuturna
1102 1165 1181 1208 est,
1203 1170 1282 1196 nec
1303 1154 1494 1196 obducta

49 1212 124 1265 ita,
139 1224 186 1255 ut
201 1214 380 1256 curiosis
396 1215 530 1257 oculis
549 1216 733 1272 perspici
753 1229 838 1256 non
861 1215 1011 1271 possit.
1070 1213 1335 1263 Videbamus
1355 1226 1490 1268 genus
1508 1207 1575 1256 10

46 1270 166 1323 «vitas,
187 1272 228 1302 36
240 1272 462 1324 desidiam,
479 1273 675 1315 inertiam
693 1290 702 1315 ;
726 1272 908 1314 inclusas
930 1272 1022 1327 ejus
1043 1270 1258 1321 libidines,
1274 1269 1345 1325 qui
1370 1269 1490 1326 paul-

13 1362 16 1367 .
48 1325 90 1368 lo
113 1328 289 1385 propius
310 1340 590 1382 accesserant,
613 1331 904 1372 intuebantur.
922 1330 1106 1384 denique
1129 1328 1260 1369 etiam
1282 1327 1490 1368 sermonis

49 1399 172 1427 ansas
210 1387 354 1438 dabat,
384 1388 542 1442 quibus
573 1387 817 1429 reconditos
859 1387 952 1442 ejus
989 1399 1136 1428 sensus
1169 1394 1313 1426 tenere
1346 1399 1490 1440 posse-

45 1455 158 1484 mus.
220 1443 442 1486 Laudabat
484 1445 613 1486 homo
651 1445 803 1486 doctus
842 1443 1139 1500 philosophos,
1171 1441 1316 1483 nescio
1354 1445 1549 1496 quos223

48 1513 187 1555 neque
209 1515 357 1542 eorum
380 1510 522 1544 tamen
545 1502 720 1543 nomina
741 1510 909 1557 poterat
938 1501 1104 1542 dicere:
1138 1499 1211 1540 sed
1244 1508 1386 1540 tamen
1415 1513 1491 1541 eos

45 1555 250 1599 laudabat
270 1559 473 1610 maxime,
495 1559 568 1614 qui
595 1559 797 1600 dicuntur
819 1566 975 1615 praeter
996 1567 1161 1599 ceteros
1183 1570 1274 1597 esse
1295 1566 1493 1600 auctorei

46 1622 90 1654 et
130 1614 368 1657 laudatores
411 1617 666 1672 voluptatis:
699 1616 837 1671 cujus,
875 1626 918 1656 et
958 1631 1044 1671 quo
1082 1625 1290 1669 tempore,
1323 1623 1367 1653 et
1404 1628 1491 1669 quo

45 1671 189 1722 modo,
215 1687 300 1714 non
330 1675 564 1729 quaerebat.
589 1674 766 1714 verbum
799 1674 941 1729 ipsum
960 1677 1000 1708 37
1014 1671 1216 1714 omnibus
1239 1670 1377 1711 modis
1399 1672 1490 1711 ani-

45 1728 104 1768 mi
131 1738 175 1769 et
203 1731 394 1786 corporis
424 1731 681 1773 devorabat:
715 1730 974 1786 eosdemque
1005 1729 1208 1786 praeclare
1230 1728 1371 1769 dicere
1402 1729 1489 1769 aie-

46 1785 132 1836 bat,
149 1787 361 1843 sapientes
380 1788 526 1829 omnia
542 1803 617 1829 sua
633 1803 762 1830 causa
780 1788 944 1830 facere:
968 1785 1279 1843 rempublicam
1295 1799 1489 1840 capesse·

41 1854 87 1882 re
111 1842 328 1886 hominem
361 1846 470 1886 bene
503 1859 651 1886 sanum
682 1858 770 1887 non
801 1854 1023 1901 oportere:
1055 1843 1163 1885 nihil
1189 1857 1280 1884 esse
1310 1852 1488 1898 praesta-

44 1899 169 1941 bilius
201 1902 340 1943 otiosa
378 1902 480 1954 vita,
509 1913 552 1944 et
585 1903 725 1958 plena,
756 1911 799 1944 et
836 1902 1031 1944 conferta
1060 1900 1381 1956 voluptatibus:
1413 1914 1487 1940 eos

42 1966 201 2008 autem,
224 1960 297 2013 qui
328 1959 533 2010 dicerent,
564 1959 767 2015 dignitati
797 1974 890 2001 esse
919 1958 1206 2009 serviendum,
1236 1956 1485 2012 reipublicae

0 2058 1 2061 Ἴ
41 2015 366 2068 consulendum,
388 2017 521 2058 officii
553 2018 761 2060 rationem
789 2017 832 2058 in
858 2017 976 2058 omni
1008 2017 1111 2067 vita,
1133 2030 1217 2056 non
1250 2015 1486 2066 commodi,

40 2083 130 2112 esse
152 2072 405 2124 ducendam,
429 2075 650 2115 subeunda
681 2089 757 2130 pro
788 2075 928 2131 patria
958 2073 1172 2130 pericula3
1203 2072 1379 2113 vulnera
1407 2085 1485 2112 ex-

37 2128 250 2183 cipienda,
270 2140 450 2172 mortem
471 2131 757 2187 oppetendam
775 2149 783 2174 ε
816 2131 1040 2172 vaticinari
1062 2140 1190 2186 atque
1212 2129 1396 2170 insanire
1418 2129 1482 2169 di-

39 2186 178 2227 cebat.
240 2186 306 2228 Ex
332 2188 398 2228 his
420 2188 600 2230 assiduis
631 2189 723 2244 ejus
754 2188 1104 2245 quotidianisque
1134 2186 1417 2236 sermonibus,
1437 2193 1543 2229 et‘24

38 2243 154 2295 quod
186 2244 397 2296 videbam,
423 2246 681 2301 quibuscum
719 2245 968 2287 hominibus
1006 2245 1050 2286 in
1087 2244 1289 2285 interiore
1321 2243 1480 2284 aedium

39 2310 158 2353 parte
188 2302 365 2355 viveret,
397 2312 440 2344 et
476 2303 592 2358 quod
622 2303 684 2345 ita
713 2303 864 2345 domus
903 2303 996 2360 ipsa
1025 2301 1237 2353 fumabat,
1267 2309 1316 2341 ut
1346 2299 1482 2342 multa

81 2447 122 2476 35
145 2446 312 2477 hominnm
339 2449 740 2488 opinioni-commenda·
826 2452 864 2483 37
880 2449 1027 2481 omnibus
1038 2449 1139 2480 modis
1155 2457 1187 2479 α.
1203 2451 1235 2478 et
1249 2457 1276 2478 c.
1289 2446 1480 2486 dez-orabat}

39 2486 106 2526 tus]
132 2487 320 2528 Eleganter.
338 2500 396 2530 pro
412 2492 665 2522 commendatus
681 2491 741 2522 ho·
783 2490 876 2522 Modz·
888 2493 1028 2532 corporis
1049 2496 1080 2522 ec
1101 2491 1207 2522 animi
1228 2490 1283 2529 qui
1299 2490 1400 2519 sunt?
1426 2489 1453 2519 V
1457 2490 1483 2519 i·

41 2529 194 2560 minibus.
233 2531 321 2561 Male
336 2533 483 2563 Gra-vius
499 2535 644 2573 opinione
659 2543 740 2575 prae-
783 2533 904 2564 dentur
918 2544 986 2565 esse
1009 2538 1132 2573 gestus,
1150 2532 1274 2568 vultus,
1290 2540 1395 2567 voees,
1413 2533 1483 2569 qui-

41 2568 118 2608 fert,
145 2573 231 2612 quod
253 2574 327 2604 libri
356 2576 488 2613 quidam
517 2575 590 2606 edd.
614 2580 648 2606 et
675 2585 738 2606 ser·
783 2575 842 2606 bus
855 2577 1036 2616 accipiebat
1048 2576 1186 2606 verbum
1201 2575 1275 2611 hoc,
1285 2578 1320 2604 et
1333 2573 1483 2603 animum

44 2610 175 2645 habent.
214 2615 326 2646 Paullo
342 2623 416 2656 post
430 2617 559 2657 quidem
574 2623 625 2649 est
637 2620 739 2661 opini-
782 2619 883 2649 etiam
897 2619 1067 2659 prodebat.
1105 2617 1168 2648 Sed
1184 2625 1251 2647 non
1267 2616 1345 2646 satis
1362 2615 1482 2654 placet.

0 2679 2 2682 >
43 2657 181 2692 ⁰⁷²22S‘2d
198 2658 388 2697 cumfalw-
744 2688 751 2700 p
781 2660 916 2698 Vereor,
940 2670 980 2691 ne
1006 2659 1059 2690 hic
1083 2659 1206 2698 aliquid
1231 2658 1305 2688 vitii
1327 2657 1380 2686 sit.
1405 2666 1484 2687 nain

0 2699 1 2702 ’
76 2697 124 2744 356
144 2699 313 2736 desidium,
331 2701 500 2741 inertiam]
527 2701 608 2732 Edd.
630 2703 684 2735 W.
707 2696 761 2734 et's'
783 2704 919 2733 verbum
936 2703 1020 2733 modi
1039 2701 1144 2732 lenius
1160 2707 1222 2738 est,
1239 2709 1336 2739 quam
1350 2709 1410 2738 pro
1427 2699 1484 2730 illo

0 2781 1 2786 ¹
41 2735 127 2775 ahae,
153 2742 254 2772 etiam
280 2743 386 2774 Graev.
416 2748 446 2774 ec
468 2745 635 2775 inertiam.
664 2747 743 2785 quia
784 2754 892 2775 sensu.
926 2745 1115 2785 Suspicatus
1130 2753 1202 2774 sum
1218 2741 1397 2779 interdum,
1411 2741 1485 2771 ani·

41 2782 171 2821 Proprie
193 2782 318 2817 diversa
337 2790 427 2824 sunt,
443 2795 510 2818 uon
525 2796 606 2829 opus
622 2793 672 2819 est
687 2799 742 2819 eo·
784 2788 830 2817 mi
843 2791 873 2818 et
887 2789 1029 2827 corporis
1042 2795 1110 2817 esse
1124 2797 1142 2817 a
1156 2785 1346 2825 glossatore.

0 2832 5 2852 ,·
39 2820 130 2860 pula.

731 2877 757 2914 3
782 2884 801 2912 s
822 2877 848 2913 2
