1785 3185
282 109 381 145 1366
876 106 1125 146 ORATIO

282 210 488 250 tiaturum
510 209 690 259 senatui,
713 209 794 251 nisi
818 211 935 266 prius
959 212 1039 253 sibi
1069 211 1372 267 respondisset,
1394 213 1495 268 quid
1529 213 1718 256 facturus
1750 210 1761 257 l«.

278 276 406 318 esset,
428 280 557 321 quam
579 279 632 307 ex
657 266 729 308 illa
748 268 1146 324 circumscriptione
1173 269 1414 311 excederet.
1476 269 1685 314 Praeclare
1706 289 1716 313 ε
1752 260 1756 314 ’.
1778 290 1779 294 ’

281 332 454 364 senatus
487 323 602 364 enim
637 322 792 366 faciem
827 339 969 366 secum
1002 326 1216 378 attulerat,
1239 327 1539 368 auctoritatem
1571 328 1718 384 populi
1753 328 1781 372 l

283 379 498 423 Romani:
530 380 598 421 cui
621 381 694 437 qui
719 396 803 422 non
830 392 964 437 paret,
987 395 1073 423 non
1098 384 1152 423 ab
1173 397 1224 424 eo
1246 384 1448 425 mandata
1471 383 1720 441 accipienda
1755 383 1765 427 ὐ

216 439 269 483 '24
283 448 395 489 sunt,
415 437 487 479 sed
512 437 602 494 ipse
623 447 688 479 est
710 447 825 479 totus
848 437 1150 493 repudiandus.
1181 439 1249 480 An
1271 454 1352 496 ego
1371 443 1425 482 ab
1446 455 1497 482 eo
1517 441 1719 482 mandata
1758 450 1783 488 μ’

280 495 536 551 acciperem,
557 496 630 550 qui
663 505 833 536 senatus
863 494 1066 536 mandata
1095 500 1416 539 contemneret?
1447 508 1520 539 aut
1549 498 1586 540 ei
1618 512 1716 540 cum
1758 504 1785 541 {¹

278 563 428 593 senatu
449 552 683 608 quidquam
703 565 932 592 commune
947 552 1292 608 judicarem,qui
1315 554 1618 610 imperatorem
1641 569 1719 611 po·
1768 581 1769 585 =

276 608 367 664 puli
393 608 580 650 Romani
613 618 763 648 senatu
794 608 1066 663 prohibente,
1085 609 1328 653 obsideret?
1386 610 1447 651 At
1467 625 1564 665 quae
1595 626 1717 652 man-
1761 618 1771 643 ἒ

276 666 404 708 data?
426 681 511 721 qua
529 664 802 720 arrogantia?
823 679 910 720 quo
929 668 1128 721 stupore?
1149 681 1234 721 quo
1258 666 1439 723 spiritu?
1463 667 1552 709 Cur
1570 677 1714 709 autem

276 737 327 764 ea
350 723 501 779 legatis
521 723 676 763 nostris
695 722 841 773 dabat,
857 737 953 764 cum
975 723 1027 764 ad
1047 737 1125 765 nos
1145 722 1344 779 Cotylam
1368 725 1572 775 mitteret,
1589 738 1715 766 orna·
1765 767 1767 770 Α

276 791 472 821 mentum
503 783 543 811 38
557 789 686 834 atque
707 793 850 820 arcem
880 780 1117 822 amicorum
1149 795 1337 832 suorum,
1359 780 1579 822 hominem
1610 781 1714 823 aedi-
1768 831 1769 834 Ἴ

274 836 450 880 licium?
482 838 515 879 si
540 851 641 878 vero
663 846 754 877 tum
778 835 862 878 fuit
892 836 1042 888 aedilis,
1064 852 1160 879 cum
1193 851 1291 879 eum
1316 838 1440 893 jussu
1465 838 1646 880 Antonii
1670 839 1713 880 in
1767 839 1769 841 ’

209 899 261 940 '25
275 894 480 936 convivio
502 894 611 936 servi
641 892 804 950 publici
836 893 935 935 loris
965 894 1227 936 ceciderunt.
1288 894 1348 937 At
1369 910 1498 950 quam
1520 895 1716 937 modesta.

272 953 504 994 mandata!
538 950 662 992 ferrei
700 965 861 1002 sumus,
898 960 1040 1007 patres
1079 952 1328 1008 conscripti,
1366 953 1439 1008 qui
1477 952 1713 1008 quidquam

270 1010 374 1051 huic
405 1022 627 1065 negemus.
692 1005 918 1064 Utramque
939 1007 1211 1063 provinciam,
1243 1009 1398 1065 inquit,
1429 1010 1616 1051 remitto:
1646 1024 1713 1050 ex-

272 1067 441 1109 ercitum
473 1065 656 1120 depono:
679 1064 872 1119 privatus
899 1079 975 1107 esse
1004 1080 1085 1107 non
1115 1079 1264 1108 recuso·
1326 1065 1438 1108 Haec
1468 1076 1568 1108 sunt
1596 1066 1711 1108 enim

272 1125 418 1165 verba.
454 1123 591 1164 redire
633 1121 686 1163 ad
723 1136 766 1163 se
799 1122 982 1164 videtur.
1019 1121 1155 1164 omnia
1188 1122 1414 1174 obliviscor,
1452 1123 1496 1165 in
1528 1123 1714 1188 gratiam

271 1180 404 1222 redeo.
465 1180 548 1221 Sed
581 1179 684 1235 quid
715 1179 944 1236 adjungit?
976 1178 1012 1220 si
1040 1179 1265 1237 legionibus
1293 1180 1389 1221 meis
1411 1194 1490 1232 sex,
1511 1195 1545 1222 ει
1566 1180 1714 1237 equiti·
1776 1185 1778 1190 “

274 1237 360 1289 bus,
379 1238 414 1279 si
441 1237 598 1278 cohorti
620 1236 824 1291 praetoriae
853 1240 894 1271 39
901 1235 1084 1292 pradum
1113 1250 1335 1302 agrumque
1364 1235 1565 1279 dederitis.
1628 1237 1710 1278 His

271 1295 403 1336 etiam
437 1294 616 1350 praemia
647 1294 850 1350 postulat,
871 1294 1028 1349 quibus
1062 1302 1110 1335 ut
1143 1302 1405 1351 ignoscatur,
1440 1294 1472 1335 si
1507 1294 1710 1351 postulet,

273 1351 673 1408 impudentissimus
713 1351 949 1406 judicetur.
1009 1350 1146 1393 Addit
1185 1360 1407 1408 praeterea,
1442 1354 1592 1408 ⁴⁰quos
1632 1351 1715 1406 ipse
1781 1383 1783 1387 Α

209 1411 261 1446 26
273 1424 363 1450 cum
385 1407 610 1450 Dolabella
630 1407 786 1449 dederit
805 1423 938 1464 agros,
957 1415 1120 1450 teneant
1141 1408 1187 1459 ii,
1210 1408 1354 1465 quibus
1374 1408 1464 1450 clati
1483 1409 1577 1450 sint.
1622 1408 1711 1451 Hic
1781 1403 1785 1443 'i

271 1476 337 1507 est
371 1465 618 1522 Campanus
651 1480 767 1522 ager,
789 1476 833 1506 et
857 1466 1106 1518 Leontinus,
1129 1481 1226 1521 quae
1245 1466 1330 1507 duo
1360 1466 1544 1521 majores
1575 1466 1708 1508 nostri
1783 1494 1785 1512 Ι

225 1519 455 1573 9annonae
480 1522 679 1580 perfugia
701 1522 932 1564 ducebant.
960 1525 998 1554 41
1017 1522 1154 1565 Cavet
1177 1523 1334 1574 mimis,
1355 1523 1629 1574 aleatoribus,
1651 1523 1711 1564 le-

137 1596 171 1629 p.
187 1589 258 1620 219.
271 1581 481 1622 nonibus:
516 1579 716 1636 Caphoni
738 1579 883 1631 etiam,
905 1589 949 1621 et
971 1579 1097 1622 Saxae
1126 1590 1275 1622 cavet:
1308 1595 1414 1636 quos
1437 1581 1710 1622 centuriones

225 1639 488 1694 ³·pugnaees
510 1648 554 1679 et
573 1639 819 1688 lacertosos,
844 1637 953 1679 inter
980 1639 1209 1679 mimorum
1234 1648 1278 1678 et
1306 1638 1533 1679 mimarum
1556 1652 1710 1695 greges

267 1695 512 1737 collocavit.
575 1694 773 1736 Postulat
802 1703 1024 1751 praeterea,
1057 1702 1100 1736 ut
1135 1694 1495 1751 chirographorum
1529 1702 1566 1736 et
1601 1709 1708 1736 com-

266 1753 558 1794 mentariorum
578 1767 650 1793 sua
673 1750 909 1808 collegaque
925 1751 987 1793 sui
1007 1751 1164 1793 decreta
1181 1759 1386 1794 maneant.
1447 1751 1564 1799 Quid
1586 1751 1708 1793 labo-

264 1819 345 1864 rat,
367 1820 415 1852 ut
445 1810 617 1862 habeat,
641 1809 756 1866 quod
778 1809 958 1865 quisquc
988 1818 1199 1852 mercatus
1221 1819 1300 1862 est,
1321 1811 1362 1840 4⁶2
1377 1810 1427 1862 si,
1448 1809 1563 1865 quod
1583 1823 1703 1851 acce-

1006 1943 1207 1973 quamquam
1227 1937 1261 1963 et
1278 1934 1465 1973 pecuniaria
1487 1933 1622 1974 praemia
1637 1942 1705 1964 esse

1005 1981 1153 2016 possunt.
1178 1976 1257 2006 Mox
1269 1978 1409 2015 proemia
1420 1978 1585 2017 postulat:
1604 1981 1703 2006 recte.

1005 2019 1051 2048 sic
1064 2023 1097 2048 et
1115 2018 1187 2049 edd.
1203 2028 1252 2059 pr.
1271 2020 1441 2057 postulet?
1464 2019 1588 2059 primus
1611 2017 1705 2048 intlu-

261 1935 346 1973 aliis,
362 1935 447 1975 quod
470 1939 579 1965 ortum
604 1939 666 1972 est,
681 1935 756 1974 quia
778 1934 962 1965 referebant

262 1978 304 2008 ad
334 1979 396 2008 uisi
423 1979 530 2018 prius.
576 1977 677 2008 Abest
709 1983 743 2007 et
775 1977 838 2008 Ms.
869 1976 961 2007 Leid.

263 2021 383 2051 Sensus
398 2027 461 2057 est,
477 2029 510 2050 se
528 2020 641 2050 statim
665 2020 833 2050 abiturum
855 2025 889 2049 et
913 2028 963 2049 re-

262 2063 499 2093 nunciaturum
521 2062 663 2098 senatui,
678 2061 880 2092 Antiochum
903 2070 958 2100 pn-

263 2114 334 2136 rere
361 2104 460 2135 nolle.
505 2104 584 2135 Mox
613 2114 672 2144 pro
700 2103 865 2134 excederet
895 2102 956 2133 ΜΞ.

263 2146 327 2177 Gu.
342 2148 486 2184 excessit,
502 2156 559 2185 per
578 2145 809 2185 compendium
832 2156 891 2185 pro
906 2156 960 2175 ea·-

263 2190 416 2228 cessisset,
432 2189 517 2228 quod
533 2197 583 2220 est
597 2189 630 2219 in
649 2188 740 2219 Leid.
785 2188 847 2219 Sed
872 2196 963 2218 erce-

262 2231 353 2261 deret
367 2231 495 2262 melius.
512 2231 591 2261 item
607 2237 680 2271 post
693 2240 752 2271 pro
771 2232 854 2271 reip.
871 2230 961 2260 Grae-

263 2273 335 2303 vius
350 2283 425 2304 cum
443 2274 568 2304 Faerno
583 2273 685 2304 edidit
695 2282 771 2312 pop.
786 2272 830 2304 R.
874 2274 927 2303 An
943 2283 962 2304 e

264 2314 348 2346 libro
377 2325 439 2346 scr.
468 2317 510 2345 sit
539 2316 665 2345 nescio:
689 2315 745 2345 sed
774 2319 887 2345 tamen
912 2324 961 2346 se-

263 2358 412 2396 quentia,
428 2358 481 2388 cui
500 2358 554 2396 qui.
576 2367 640 2387 non
655 2361 768 2398 paret,
784 2357 816 2387 id
838 2356 962 2388 deside-

264 2405 354 2430 rant:
375 2407 488 2439 estque
503 2401 536 2429 in
552 2398 644 2430 Leid.
660 2400 770 2439 itaque
785 2404 819 2429 et
833 2400 900 2438 ipse
915 2400 960 2430 sic

262 2440 347 2472 dedi.
370 2442 470 2472 Porro
486 2446 570 2472 totus
585 2446 634 2472 est
650 2441 750 2472 etiam
766 2442 800 2471 in
816 2441 880 2472 Ms.
895 2441 958 2472 Gu-

263 2483 303 2514 L.
320 2484 364 2514 H.
379 2490 411 2514 et
429 2485 462 2514 in
474 2484 545 2515 edd.
561 2493 610 2524 pr.
635 2483 753 2514 Potius
767 2483 891 2523 primus
907 2483 962 2513 ‹le-

261 2525 311 2556 dit
327 2525 449 2557 Aldus:
474 2530 508 2557 et
531 2526 563 2556 id
586 2525 709 2556 habent
731 2526 805 2556 libri
829 2525 962 2565 quidam

261 2569 403 2608 antiqui,
419 2569 520 2599 etiam
535 2568 611 2598 vat.

305 2613 344 2641 38
368 2615 466 2651 atque
480 2610 604 2649 arcem]
624 2609 757 2640 Haesere
774 2609 905 2649 quidam
925 2611 958 2640 in

262 2650 324 2682 hoe
342 2653 451 2683 verbo.
467 2654 598 2684 frustra.
616 2662 680 2682 urz
703 2652 736 2683 h.
754 2652 775 2682 l.
798 2656 846 2682 est
870 2653 959 2692 prin-

261 2704 353 2734 ceps:
372 2705 435 2735 quo
448 2704 543 2726 sensu
560 2704 667 2725 arcem
682 2694 758 2732 dici,
774 2694 824 2724 vel
840 2694 959 2725 Lexica

261 2736 414 2769 doceant.

303 2782 344 2813 39
372 2780 521 2819 pradum
551 2778 749 2819 agrumque]
786 2778 958 2818 Quomodo

256 2823 404 2861 prccdam
421 2827 454 2852 et
469 2832 565 2861 quam
587 2821 729 2861 praedam
745 2821 757 2851 ?
803 2821 854 2851 An
873 2830 959 2860 μνω-

262 2865 327 2894 mia
342 2866 357 2894 ‚7
382 2869 419 2895 ut
435 2874 537 2904 genus
553 2869 586 2895 et
609 2863 731 2904 species
749 2863 956 2904 jungantur:

1005 2061 1053 2091 xit
1070 2060 1185 2091 Aldus.
1230 2059 1293 2090 Ms.
1309 2061 1372 2091 Gu.
1384 2061 1589 2100 postulabat.-
1605 2060 1703 2090 male.

1003 2103 1125 2133 Verum
1170 2103 1342 2134 restituere
1384 2103 1550 2141 Muretus,
1586 2102 1704 2133 Lamb-

1002 2145 1173 2176 Gruterus.

1046 2190 1087 2217 40
1109 2191 1147 2217 ut
1165 2185 1254 2227 quos]
1279 2185 1323 2218 Ut
1338 2186 1485 2217 additum
1503 2191 1554 2216 est
1568 2196 1588 2217 a
1605 2185 1701 2217 Faer-

1003 2238 1048 2259 no
1067 2233 1103 2259 et
1125 2229 1208 2270 aliis,
1232 2229 1333 2260 etiam
1358 2229 1486 2259 Graevio
1507 2229 1621 2265 tacite,
1646 2238 1701 2259 ne-

1004 2272 1070 2301 scio
1083 2271 1182 2302 unde.
1208 2271 1285 2302 Non
1303 2276 1382 2312 puto
1397 2271 1625 2301 necessarium.
1647 2270 1702 2300 In—

1003 2313 1109 2353 telligi
1132 2318 1241 2355 potest
1267 2324 1306 2344 ex
1338 2312 1494 2354 superiori
1518 2312 1701 2352 postulato.

1004 2365 1075 2386 rum
1090 2361 1183 2397 parte
1198 2358 1236 2387 si.
1263 2355 1325 2387 Sed
1337 2358 1401 2386 sint
1415 2363 1490 2385 cum
1501 2355 1538 2385 iis
1552 2364 1610 2395 pro
1622 2359 1699 2386 sunt

1002 2398 1085 2428 dedi.

1043 2444 1077 2471 41
1113 2439 1209 2471 cavet
1231 2441 1350 2475 mimis,
1373 2439 1433 2479 aL]
1460 2438 1498 2469 In
1521 2438 1571 2470 ed.
1589 2439 1696 2471 Groev.

1003 2489 1053 2512 est
1066 2483 1164 2513 nimis
1177 2484 1277 2513 aleae.
1307 2482 1363 2513 sed
1385 2491 1493 2512 errore
1510 2491 1695 2522 operarum,

1003 2528 1042 2555 ut
1055 2525 1183 2565 opinor.

1045 2570 1086 2597 42
1107 2568 1147 2603 si,
1165 2567 1244 2607 quid
1260 2567 1395 2607 accepit,
1412 2567 1528 2596 habeat
1549 2566 1604 2605 qui
1622 2574 1697 2596 ven-

1001 2609 1098 2648 didit]
1117 2610 1249 2639 (Iorrexi
1266 2618 1339 2638 curn
1357 2609 1428 2639 aliis
1442 2608 1527 2648 quod
1540 2614 1571 2638 et
1590 2608 1696 2639 habet.

1001 2652 1120 2681 Sensus
1136 2656 1184 2680 cst
1199 2666 1206 2681 z
1233 2653 1272 2688 si,
1289 2652 1343 2690 qui
1366 2650 1525 2687 vendidit,
1541 2650 1560 2680 i.
1577 2659 1606 2680 e·
1628 2650 1697 2680 An-

1000 2695 1124 2729 tonius,
1139 2693 1249 2731 habet,
1263 2693 1349 2732 quod
1362 2693 1500 2732 accepit,
1516 2692 1537 2722 i.
1553 2702 1582 2722 e.
1597 2701 1695 2733 pecu-

1002 2737 1103 2766 niam.
1127 2736 1218 2773 Mox,
1229 2742 1266 2766 ut
1279 2745 1389 2776 supra,
1399 2734 1500 2766 delevi
1510 2735 1696 2765 sestertium

1002 2783 1080 2809 ante
1101 2779 1215 2818 septies
1236 2779 1362 2808 millies.
1394 2778 1506 2808 aberat
1521 2787 1540 2808 a
1562 2776 1638 2806 Vat.
1660 2779 1694 2806 et

1001 2820 1039 2850 L.
1070 2821 1120 2851 De
1140 2821 1277 2861 pecunia
1301 2820 1357 2850 illa
1382 2820 1464 2851 dixit
1487 2819 1520 2849 in
1537 2818 1622 2849 Phil.
1648 2817 1692 2848 11.

1001 2872 1099 2903 quam
1115 2873 1155 2894 ex
1168 2864 1283 2895 aerario
1299 2862 1479 2894 abstulerat
1492 2861 1670 2893 Antonius.
