1785 3185
497 102 849 144 PHILIPPICA
874 102 1119 146 QUINTA.
1427 104 1527 145 1337

99 201 482 264 tamque'praeclari
512 208 684 248 decreto
709 214 850 247 vestro
872 205 1165 252 testiinonium
1188 204 1523 259 sempiternum:
1557 206 1561 209 ’

97 266 337 320 Galliaque,
353 279 449 319 quae
471 277 637 319 semper
660 262 863 318 praesidet
882 271 1011 317 atque
1038 262 1238 316 praesedit
1259 261 1360 302 huic
1390 264 1525 318 impe-

96 323 174 374 rio,
207 322 478 376 libertatique
513 319 746 368 communi,
777 318 930 359 merito
964 331 1145 371 vereque
1178 317 1384 370 laudetur,
1407 319 1524 374 quod

95 393 139 419 se
161 392 340 433 suasque
363 377 470 418 vires
491 391 577 418 non
601 376 789 426 tradidit,
808 375 881 416 sed
903 375 1107 431 opposuit
1127 373 1335 414 Antonio.

158 434 298 490 Atque
329 434 460 476 etiam
495 434 562 475 M.
588 433 750 489 Lepido
773 447 850 488 pro
883 433 975 488 ejus
1007 431 1192 487 egregiis
1214 430 1257 471 in
1291 432 1608 486 rempubli-lal»

99 506 193 533 carn
212 491 372 532 meritis
395 491 680 533 decernendos
697 490 879 531 honores
900 503 1027 545 quam
1049 487 1333 544 amplissimos
1355 502 1521 529 censeo.
1535 504 1585 537 33

100 548 277 604 Semper
298 548 367 589 ille
395 548 600 605 populum
621 547 865 589 Romanum
889 546 1070 588 liberum
1093 545 1243 597 voluit,
1266 546 1656 590 maximum-2202.

101 619 184 660 que
207 606 377 662 signum
396 605 468 647 illo
490 606 558 647 die
574 605 693 646 dedit
709 603 940 645 voluntatis
963 602 1176 658 etjudicii
1199 602 1278 653 sui,
1299 616 1412 651 cum,
1435 601 1526 642 An-

99 662 221 703 tonio
251 663 448 704 diadema
479 662 639 705 Caesari
670 662 933 717 imponente,
957 675 1000 700 se
1031 660 1185 701 avertit
1215 659 1464 715 gemituque
1485 669 1529 700 et

98 719 310 760 moestitia
351 720 594 768 declaravit,
632 727 840 774 quantum
880 718 1059 758 haberet
1099 717 1245 758 odium
1285 716 1526 758 servitutis:

98 790 227 830 quam
247 776 453 832 populum
477 776 721 817 Romanum
742 775 922 816 liberum
945 782 1144 830 cuperet:
1176 788 1304 829 quam
1324 773 1408 823 illa,
1431 788 1528 829 quae

102 833 270 884 tulerat,
295 845 534 888 temporum
563 833 701 888 magis
723 832 990 882 necessitate,
1012 846 1139 886 quam
1156 830 1323 885 judicio
1346 830 1528 871 tulisset.

100 890 278 937 Quanta
299 904 397 930 vero
422 890 453 931 is
479 890 768 931 moderatione
797 904 897 930 usus
920 889 975 928 sit
997 888 1039 928 in
1062 884 1348 943 illo‘tempore
1377 887 1529 928 civita-

99 948 171 997 tis,
203 947 317 1001 quod
351 956 447 1002 post
485 956 666 988 mortem
701 946 883 987 Caesaris
915 954 1193 986 consecutum
1224 953 1303 994 est,
1335 945 1430 1000 quis
1452 959 1529 985 no-
1572 995 1574 998 v

101 1004 235 1044 strfim
266 1003 462 1045 oblivisci
495 1007 665 1060 potest?
723 1003 891 1059 Magna
920 1002 1039 1044 haec:
1077 1003 1147 1043 sed
1171 1001 1221 1042 ad
1244 1001 1408 1056 majora
1431 1016 1530 1057 pro-

101 1070 223 1116 perat
243 1060 394 1101 oratio.
456 1061 574 1108 Quid
603 1061 716 1102 enim
738 1067 783 1114 (o
806 1061 865 1101 dii
899 1059 1158 1100 immortales
1176 1061 1206 1109 !)
1236 1059 1526 1100 admirabilius
1539 1072 1591 1107 39

101 1118 302 1158 omnibus
324 1118 554 1174 gentibus,
575 1119 678 1174 quid
711 1118 901 1174 optatius
926 1116 1085 1172 populo
1115 1117 1314 1157 Romano
1336 1116 1529 1157 accidere

102 1175 259 1229 potuit,
280 1190 423 1230 quam,
445 1190 542 1217 cum
566 1176 726 1217 bellum·
742 1175 868 1217 civile
890 1175 1127 1215 maximum
1149 1183 1272 1224 esset,
1289 1173 1411 1228 cujus
1432 1173 1529 1214 belli

103 1231 268 1272 exitum
287 1247 434 1273 omnes
458 1234 716 1284 timeremus,
738 1235 778 1268 75
793 1231 1001 1288 sapientia
1023 1231 1118 1286 ejus.
1136 1231 1179 1272 id
1202 1232 1345 1286 potius
1367 1231 1532 1271 exstin-

104 1289 208 1344 gui,
235 1304 361 1344 quam
408 1291 534 1331 armis
572 1300 615 1332 et
656 1290 767 1331 ferro
809 1304 897 1330 rem
941 1289 983 1329 in
1025 1288 1254 1329 discrimen
1292 1288 1530 1330 adducere?

105 1346 273 1392 Quodsi
295 1346 441 1387 eadem
463 1347 572 1389 ratio
596 1347 778 1389 Caesaris
801 1346 964 1398 fuisset,
987 1345 1031 1387 in
1054 1345 1129 1386 illo
1147 1354 1271 1386 taetro
1290 1346 1531 1402 miseroque

105 1402 241 1445 bello:
274 1413 322 1444 ut
355 1405 550 1445 omittam
586 1415 764 1461 patrem,
797 1405 903 1445 duos
938 1403 1019 1444 Cn.
1056 1402 1268 1458 Pompeii,
1301 1403 1452 1444 summi
1487 1413 1531 1444 et

105 1459 331 1516 singularis
365 1461 459 1512 viri,
492 1461 601 1503 filios
633 1461 866 1503 incolumes
901 1461 1178 1502 haberemus:
1226 1459 1382 1514 quibus
1414 1469 1529 1501 certe

106 1517 242 1572 pietas
264 1518 304 1551 76
318 1517 455 1559 fraudi
488 1533 579 1575 esse
599 1535 683 1560 non
707 1519 867 1560 debuit.
933 1518 1109 1559 Utinam
1139 1532 1287 1558 omnes
1310 1517 1378 1557 M.
1403 1518 1528 1574 Lepi-

105 1574 184 1615 dus
224 1588 388 1615 servare
421 1576 653 1631 potuisset!
706 1576 919 1617 facturum
954 1575 1087 1616 fuisse
1115 1574 1347 1616 declaravit
1385 1575 1427 1615 in
1462 1590 1530 1626 eo,

106 1631 222 1685 quod
260 1632 426 1686 potuit;
471 1648 569 1673 cum
608 1634 788 1675 Sextum
833 1633 1089 1688 Pompeium
1130 1632 1318 1673 restituit
1349 1632 1531 1683 civitati,

107 1689 345 1729 maximum
375 1699 671 1732 ornamentum
695 1691 956 1745 reipublicae,
978 1689 1258 1730 clarissimum
1281 1704 1534 1730 monumen-

107 1753 200 1785 tum
223 1745 461 1788 clementiae
495 1763 597 1789 suae.
658 1747 813 1788 Gravis
843 1748 914 1788 illa
943 1747 1116 1788 fortuna
1149 1745 1295 1803 populi
1333 1746 1534 1797 Romani,

109 1815 238 1856 grave
266 1802 417 1843 fatum.
478 1804 688 1860 Pompeio
721 1805 835 1846 enim
872 1814 1005 1861 patre,
1038 1805 1151 1859 quod
1186 1803 1354 1859 imperii
1387 1804 1533 1859 populi

111 1858 297 1900 Romani
319 1859 458 1901 lumen
489 1861 585 1913 fuit,
607 1861 837 1912 exstincto,
860 1861 1108 1902 interfectus
1129 1870 1193 1902 est
1215 1861 1347 1916 patris
1370 1861 1534 1902 similli-

108 1929 203 1956 mus
227 1917 352 1958 filius.
412 1918 493 1959 Sed
517 1921 662 1960 omnia
683 1919 789 1960 mihi
813 1919 1009 1960 videntur
1028 1919 1205 1960 deorum
1228 1918 1532 1959 immortalium
1545 1922 1596 1955 40

102 1972 271 2028 judicio
287 1976 475 2030 expiata,
493 1976 594 2017 Sex.
610 1977 818 2032 Pompeio
835 1975 1081 2032 reipublicae
1097 1984 1364 2017 conservato.
1389 1977 1531 2022 Quam
1550 1975 1615 2024 15

109 2031 168 2071 ob
200 2046 370 2073 causam
394 2033 572 2087 justam,
605 2043 733 2088 atque
765 2047 982 2089 magnam,
1005 2041 1049 2073 et
1080 2034 1204 2088 quod-
1229 2032 1535 2088 periculosissi-

110 2102 228 2129 mum
261 2089 385 2130 civile
415 2090 587 2141 bellum,
610 2090 945 2145 maximumque,
974 2090 1242 2131 humanitate
1262 2098 1304 2130 et
1326 2091 1538 2147 sapientia

108 2159 187 2193 sua
209 2144 276 2186 M.
312 2146 496 2203 Lepidus
518 2147 572 2188 ad
601 2161 750 2204 pacem
779 2147 1139 2202 concordiamque
1160 2147 1388 2199 convertit,
1416 2162 1538 2190 sena-

111 2203 423 2251 tusconsultum
444 2204 510 2245 his
539 2206 677 2246 verbis
699 2219 851 2245 censeo
874 2204 1236 2260 perscribendum.
1284 2203 1396 2246 CUM
1420 2220 1445 2246 a
1467 2205 1536 2248 M.

113 2258 290 2315 Lepido,
313 2261 582 2317 imperatore,
613 2262 817 2318 pontifice
839 2262 1044 2313 maximo,
1066 2275 1360 2318 saepenumero
1389 2277 1535 2319 respu-

151 2386 169 2417 7
175 2386 192 2414 5
213 2385 373 2423 sapientia
388 2384 458 2425 ejus
471 2385 623 2424 idpotius
636 2387 801 2425 exstingui
843 2385 1091 2426 praeterfflsere,
1103 2386 1137 2416 in
1151 2396 1214 2425 quo
1227 2395 1293 2417 non
1306 2390 1414 2427 potest
1426 2385 1536 2418 locum

113 2425 186 2464 &c.]
206 2426 306 2456 Valde
322 2432 355 2457 et
370 2426 443 2457 libri
460 2433 493 2457 et
518 2428 575 2458 viri
593 2428 678 2458 (loeti
693 2429 723 2457 in
741 2430 800 2458 hoc
843 2429 960 2458 habere
974 2428 1145 2459 adducere.
1162 2428 1248 2468 quod
1258 2429 1392 2459 verbum
1403 2439 1536 2469 respon-

111 2467 184 2497 loco
194 2468 371 2503 fluctuant‚·
385 2469 455 2499 aliis
466 2471 625 2509 sapientia
641 2472 737 2500 etiam
754 2471 800 2506 id,
843 2470 897 2500 det
908 2481 924 2499 e
934 2471 1098 2501 contrario
1111 2473 1152 2512 τῷ
1160 2472 1309 2509 extingui
1323 2484 1331 2500 .-
1345 2471 1536 2510 legendum-

110 2509 195 2546 aliis,
210 2519 279 2549 sap.
296 2510 408 2552 etjam
424 2512 469 2549 id,
484 2522 553 2551 sap.
576 2511 647 2552 ejus
658 2514 703 2550 id,
720 2515 801 2550 ρι’-εε-
843 2523 904 2551 que
919 2512 1037 2542 adduci
1048 2526 1057 2543 .·
1069 2513 1206 2545 fortasse
1217 2519 1250 2544 et
1267 2523 1324 2553 pro
1339 2524 1409 2544 rem
1424 2514 1534 2552 legen-

112 2551 304 2583 ferentibus.
351 2554 418 2593 Ego
439 2559 474 2584 et
495 2554 564 2595 qjus
577 2560 611 2584 et
632 2557 732 2585 etiam
754 2556 800 2584 vi·
841 2555 919 2585 dum
946 2564 1049 2595 remp.
1095 2556 1147 2587 lta
1168 2555 1258 2585 locus
1285 2557 1332 2585 sic
1353 2556 1534 2586 constitue-

111 2594 233 2624 tiosum
268 2594 503 2635 delendumque
537 2602 629 2637 puto.
687 2598 799 2627 Sermo
840 2601 913 2627 tur:
929 2597 1090 2636 sapientia
1103 2598 1531 2637 idpotiusextingui,quam

111 2635 201 2665 enim
214 2640 264 2666 est
285 2637 323 2667 de
340 2647 456 2676 genere
477 2639 639 2676 universo,
661 2639 698 2669 de
717 2640 800 2680 sapi·
842 2641 945 2670 armis
959 2644 989 2670 et
1000 2640 1099 2680 ferro
1112 2650 1213 2680 remp.
1229 2640 1264 2670 in
1287 2640 1459 2670 discrimen
1474 2642 1533 2670 acl-

112 2678 204 2708 entia
215 2684 250 2708 et
271 2679 314 2709 vi.
358 2680 449 2710 Sicut
468 2681 502 2710 in
523 2681 628 2711 altero
644 2691 709 2711 uon
724 2688 801 2713 sunt
843 2682 928 2712 duci.

112 2729 204 2750 arma
225 2720 352 2760 Lepidi,
376 2721 430 2752 sed
451 2732 543 2753 arina
564 2724 733 2762 universe3
757 2725 802 2755 sic
887 2724 928 2757 76
938 2723 1064 2763 fraudi
1079 2734 1143 2755 esse
1155 2733 1217 2753 non
1241 2722 1344 2762 debet]
1368 2722 1457 2754 Bene
1481 2723 1535 2755 de.-

113 2761 167 2807 hic
189 2761 283 2792 debet
298 2773 365 2793 esse
390 2764 567 2804 sapientia:
591 2769 703 2805 estque
722 2767 803 2796 illud
847 2766 914 2796 huit
928 2777 946 2797 e
960 2766 1036 2797 vat.
1053 2766 1197 2807 reposuit
1217 2765 1374 2801 Graevius,
1389 2775 1484 2804 quem
1499 2773 1534 2797 et

113 2812 184 2842 ejus
202 2814 222 2834 a
236 2804 354 2844 glossa.
398 2806 459 2836 Sed
479 2807 538 2836 viri
561 2807 648 2838 docti
669 2812 802 2838 tantuin
846 2807 948 2839 secuti
969 2818 1092 2841 sumuS.
1137 2809 1291 2839 Ceterum
1315 2811 1422 2844 potest
1444 2808 1534 2839 debet

114 2844 148 2875 in
184 2846 289 2886 primo
319 2848 466 2879 membro
502 2849 636 2890 haesere,
662 2850 802 2882 alterum
847 2850 947 2882 etiam
963 2859 1030 2883 esse
1045 2861 1062 2882 e
1077 2850 1269 2890 compendio
1285 2850 1323 2881 τῖξ
1337 2849 1476 2881 debebat.
