1769 3174
529 151 648 191 PRO
686 152 729 190 P.
772 151 1003 189 SEXTIO.
1415 157 1492 196 977

52 265 162 310 cam,
183 257 298 314 quod
329 256 412 308 ille,
441 271 540 299 cum
570 256 692 312 quasi
723 263 936 310 quaestum
970 252 1143 304 faceret,
1172 254 1344 296 amisit?
1378 255 1492 299 Cum

54 316 240 357 venisset
259 315 311 356 ad
334 323 542 364 senatum,
561 328 651 365 vos,
669 311 858 368 inquam,
874 310 1036 365 equites
1057 310 1259 361 Romani,
1277 321 1321 352 et
1342 326 1489 354 omnes

51 372 170 423 boni,
192 381 309 413 veste
338 380 517 422 mutata,
542 385 632 421 VOS,
655 370 844 424 inquam,
868 383 944 424 pro
974 381 1070 408 meo
1101 367 1243 423 capite
1275 368 1325 408 ad
1359 370 1486 424 pedes

50 427 215 471 lenonis
247 428 522 485 impurissimi
553 426 810 483 projecistis,
831 439 945 475 cum,
965 424 1115 466 vestris
1145 424 1343 479 precibus
1373 441 1397 465 a
1427 425 1486 466 la-

49 493 171 527 trone
193 485 265 527 illo
287 485 534 542 repudiatis,
557 484 620 525 vir
641 481 880 524 incredibili
900 481 998 533 fide,
1017 481 1316 537 magnitudine
1337 482 1484 534 animi,

49 543 305 594 constantia,
326 546 363 573 4¹
382 542 431 583 L.
455 541 657 592 Ninnius,
687 540 740 581 ad
771 546 964 580 senatum
995 539 1048 579 (le
1077 538 1296 594 republica
1326 538 1485 590 retulit,

47 609 302 654 senatusque
324 599 521 655 frequens
545 606 704 640 vestem
736 611 813 652 pro
843 610 939 636 mea
959 596 1094 637 salute
1114 595 1364 636 mutandam
1386 610 1486 636 cen-

47 656 145 699 suit.
206 656 247 698 O
287 656 401 697 diem
440 655 574 706 illum,
598 654 783 709 judices,
819 652 1035 693 funestum
1068 652 1248 703 senatui,
1276 648 1566 708 bonisque12

46 713 268 756 omnibus!
301 713 548 769 reipublicae
572 712 837 753 luctuosum!
870 709 975 750 mihi
999 709 1051 750 ad
1070 709 1354 751 domesticum
1374 718 1545 756 moe-27

47 785 199 822 rorem,
221 771 418 826 gravem!
443 769 495 810 ad
517 769 777 825 posteritatis
800 766 1064 817 memoriam,
1085 766 1339 822 gloriosum!
1367 767 1485 813 Quid

45 827 159 869 enim
178 828 403 883 quisquam
426 835 569 882 potest
589 828 630 856 42
643 840 697 866 ex
718 824 833 866 omni
858 824 1064 864 memoria
1083 838 1247 864 sumere
1268 823 1488 874 illustrius,

45 899 189 940 quam,
219 898 295 940 pro
333 898 417 924 uno
449 883 543 924 cive
573 891 617 923 et
648 883 783 923 bonos
815 895 962 922 omnes
997 881 1165 936 privato
1197 894 1422 932 consensu,
1444 889 1489 922 et

46 941 290 984 universum
313 949 506 981 senatum
540 939 712 995 publico
743 938 923 980 consilio
955 948 1141 978 mutasse
1171 940 1358 979 vestem?
1389 952 1486 993 quae

44 998 217 1054 quidem
251 1007 343 1039 tum
372 996 555 1038 mutatio
582 1011 668 1037 non
690 995 1002 1052 deprecationis
1025 1009 1153 1036 causa
1173 1003 1238 1035 est
1259 994 1388 1046 facta,
1411 996 1484 1036 sed

42 1055 196 1097 luctus.
218 1069 347 1110 quem
376 1055 492 1095 enim
522 1053 864 1109 deprecarentur,
887 1066 986 1093 cum
1018 1066 1165 1092 omnes
1188 1061 1328 1092 essent
1350 1052 1485 1093 sordi·

43 1112 159 1154 dati?
189 1126 373 1167 cumque
394 1111 478 1152 hoc
497 1111 597 1151 satis
619 1120 730 1151 esset
749 1110 876 1166 signi,
899 1123 990 1149 esse
1012 1108 1273 1164 improbum,
1295 1109 1368 1163 qui
1391 1124 1485 1150 mu-

44 1178 133 1211 tata
156 1178 271 1211 veste
292 1184 379 1210 non
401 1170 543 1210 esset?
575 1167 673 1209 Hac
703 1166 942 1208 mutatione
975 1166 1102 1206 vestis
1134 1165 1263 1217 facta,
1286 1175 1407 1207 tanto
1438 1166 1485 1208 in

41 1225 156 1268 luctu
179 1225 382 1276 civitatis,
404 1225 575 1276 omitto,
596 1225 698 1280 quid
721 1224 790 1268 ille
813 1224 1023 1274 tribunus,
1042 1223 1235 1264 omnium
1254 1236 1393 1263 rerum
1416 1222 1482 1264 di-

41 1284 235 1326 vinarum
257 1283 626 1338 humanarumque
649 1281 810 1337 praedo,
833 1279 1007 1323 fecerit:
1040 1280 1112 1335 qui
1135 1280 1281 1321 adesse
1301 1279 1480 1321 nobilis-

40 1341 168 1383 simos
190 1340 495 1390 adolescentes,
517 1339 842 1380 honestissimos
873 1337 1036 1393 equites
1066 1337 1301 1388 Romanos,
1328 1338 1480 1394 depre-

41 1407 203 1440 catores
227 1397 373 1439 salutis
404 1395 719 1452 meaejusserit,
741 1409 898 1450 eosque
929 1409 1154 1450 operarum
1184 1408 1356 1436 suarum
1387 1394 1479 1450 gla-

38 1455 119 1496 diis
148 1465 193 1496 et
230 1454 445 1511 lapidibus
482 1453 718 1507 objecerit3
749 1452 801 1493 de
832 1451 1078 1492 consulibus
1109 1451 1274 1506 loqu0r‚
1294 1465 1475 1506 quorum

40 1512 122 1554 fide
143 1511 384 1567 respublica
413 1510 493 1552 niti
524 1509 687 1551 debuit.
749 1508 1031 1550 Exanimatus
1060 1508 1203 1549 evolat
1232 1522 1287 1548 ex
1310 1508 1538 1560 senatu,28

37 1583 122 1611 non
153 1570 294 1610 minus
324 1568 572 1625 perturbato
597 1567 740 1607 animo
762 1577 891 1621 atque
913 1565 1046 1616 vultu,
1068 1567 1109 1596 43
1122 1579 1251 1620 quam
1272 1565 1306 1605 si
1327 1566 1476 1621 paucis

39 1635 135 1668 ante
167 1626 289 1667 annis
330 1626 372 1666 in
411 1625 670 1666 creditorum
708 1632 969 1664 conventum
1009 1622 1253 1663 incidisset:
1292 1623 1478 1663 advocat

35 1683 313 1725 concionem:
355 1682 487 1723 habet
520 1681 759 1722 orationem
793 1680 920 1721 talem
954 1679 1117 1730 consul,
1150 1678 1319 1734 qualem
1349 1694 1476 1720 num-

33 1754 161 1795 quam
184 1739 372 1782 Catilina
402 1740 540 1780 victor
575 1738 817 1780 habuisset:
852 1736 1003 1778 Errare
1036 1736 1245 1787 homines,
1276 1736 1308 1776 si
1343 1737 1475 1777 etiam

35 1805 125 1839 tum
174 1807 368 1838 senatum
419 1795 579 1851 aliquid
629 1795 674 1836 in
714 1794 934 1850 republica
974 1808 1098 1849 posse
1138 1793 1471 1835 arbitrarentur:

0 1890 1 1894 ,
32 1854 196 1910 equites
229 1869 327 1896 vero
360 1854 580 1894 Romanos
601 1852 776 1894 daturos
797 1851 1068 1892 44illius'diei
1091 1864 1258 1906 poenaS,
1281 1864 1381 1905 quo,
1402 1855 1513 1892 meP·
1528 1850 1561 1882 9.

33 1911 221 1962 consule,
252 1926 351 1953 cuin
379 1910 547 1967 gladiis,
569 1909 613 1950 in
643 1909 756 1951 clivo
785 1908 1034 1964 Capitolino
1067 1907 1273 1949 fuissent:
1299 1900 1514 1948 ,ve11isse³·

33 1976 200 2024 tempus
222 1968 288 2020 iis,
310 1969 383 2024 qui
415 1968 457 2008 in
489 1967 642 2007 timore
672 1965 866 2017 fuissent,
888 1965 1155 2020 (conjuratos
1177 1963 1378 2005 videlicet
1407 1965 1473 2006 di-

33 2026 191 2076 cebat‚)
214 2024 443 2066 ulciscendi
466 2039 523 2065 se.
584 2023 628 2064 Si
661 2023 842 2064 dixisset
872 2022 954 2063 hoc
983 2022 1135 2072 solum,
1157 2021 1275 2063 omni
1307 2021 1471 2078 suppli-

31 2082 98 2124 cio
119 2091 230 2123 esset
249 2083 419 2139 dignus,
443 2095 540 2122 nam
568 2081 705 2121 oratio
736 2081 828 2136 ipsa
858 2079 1043 2120 consulis
1067 2078 1306 2134 perniciosa
1325 2087 1470 2135 potest

34 2139 338 2196 rempublicam
361 2137 631 2180 labefactare.
673 2137 789 2183 Quid
813 2136 976 2187 fecerit,
1000 2136 1155 2176 videte,
1189 2135 1236 2176 L.
1259 2135 1467 2188 Lamiam,

63 2195 118 2248 ui,
139 2211 238 2238 cum
261 2212 328 2238 me
350 2197 490 2252 ipsum
511 2210 588 2251 pro
612 2208 778 2235 summa
799 2193 1103 2244 familiaritate,
1125 2207 1222 2247 quae
1239 2192 1346 2233 mihi
1368 2208 1468 2234 cum

32 2211 177 2305 amre,
199 2269 297 2296 cum
321 2262 440 2310 patre
462 2252 554 2307 ejus
585 2260 690 2302 erat,
713 2251 838 2291 unice
859 2250 1082 2306 diligebat,
1104 2258 1196 2290 tum
1231 2264 1308 2306 pro
1341 2263 1468 2305 repu-

32 2308 142 2352 blica
163 2311 226 2352 vel
248 2322 430 2352 mortem
461 2318 664 2366 oppetere
694 2308 912 2364 cupiebat,
936 2309 981 2349 in
1012 2306 1221 2349 concione
1238 2306 1467 2363 relegavit:

1477 2120 1530 2158 29

69 2436 106 2465 41
125 2435 166 2466 L.
179 2435 339 2476 Ninnius]
357 2436 417 2466 Est
430 2436 469 2472 is,
485 2435 524 2465 de
537 2445 601 2474 quo
617 2435 650 2465 in
662 2435 719 2465 Or.
756 2434 875 2474 paucis
898 2443 931 2464 α.
957 2444 989 2464 α.
1017 2443 1034 2464 e
1060 2437 1140 2463 nota
1162 2433 1320 2473 marginis
1346 2436 1466 2465 natum

31 2475 66 2506 in
77 2478 151 2508 Sen.
164 2489 196 2519 p.
210 2479 291 2510 Red.
307 2484 340 2509 et
354 2479 429 2508 infr.
444 2489 473 2508 c.
489 2480 540 2508 31.
554 2477 649 2517 idque
662 2487 721 2507 no—
765 2476 906 2507 videtur.

32 2526 106 2549 men
133 2519 166 2550 in
194 2521 257 2552 Ms.
279 2522 313 2551 S.
336 2520 479 2552 Victoris
507 2524 568 2552 est.
612 2519 721 2559 Vulgo
805 2522 847 2550 44
869 2519 958 2548 illius
984 2518 1049 2547 dies
1067 2517 1194 2557 poenas]
1221 2517 1304 2548 Dies
1326 2527 1387 2557 pro
1409 2527 1464 2546 ve-

32 2558 224 2594 Mummius.
764 2565 835 2592 tere
850 2561 913 2590 diez·
927 2571 945 2590 e
959 2559 1049 2590 libris
1063 2559 1256 2598 quibusdam
1273 2559 1398 2589 editum
1413 2565 1466 2592 est

71 2605 112 2633 42
133 2613 172 2634 ez·
190 2606 277 2636 omni
299 2606 457 2636 memoria
477 2603 618 2643 sumere]
643 2603 722 2634 Ver·
767 2614 786 2634 a
800 2603 916 2633 Lamb.
929 2603 1026 2632 Grut.
1039 2602 1181 2637 Graevio,
1192 2601 1278 2640 quod
1291 2608 1324 2631 et
1339 2601 1466 2631 Gellius

31 2642 108 2674 bum
122 2655 249 2678 sumere
262 2652 449 2688 suspectum
472 2647 554 2676 mihi
577 2652 646 2677 est:
665 2655 725 2676 nec
768 2646 815 2675 ait
831 2645 874 2676 N.
888 2645 928 2675 A.
945 2644 1006 2680 IX,
1028 2647 1076 2674 14.
1091 2644 1126 2672 in
1141 2644 1204 2673 hoc
1219 2643 1291 2673 loco
1304 2644 1465 2682 scriptum

32 2694 187 2726 umquam
202 2691 247 2720 sic
260 2695 456 2729 usurpatum
471 2689 588 2729 reperi.
769 2698 788 2717 a
802 2687 960 2718 Cicerone
977 2695 1124 2716 narrasse
1146 2685 1333 2716 Caesellium
1350 2685 1468 2714 Gramss

69 2730 109 2759 43
131 2739 229 2768 quam
245 2732 272 2761 si
279 2733 397 2770 paucis
410 2741 441 2761 a.
457 2741 490 2761 a.
505 2732 541 2761 in
562 2741 589 2761 c.
605 2740 631 2760 c.
645 2730 727 2760 inci-
769 2730 946 2759 maticum:
972 2730 1058 2758 sicut
1079 2735 1113 2757 et
1128 2737 1179 2767 ap.
1194 2726 1285 2765 Virg.
1301 2727 1420 2765 Georg.
1437 2726 1467 2762 1,

29 2769 136 2810 disset]
156 2772 219 2802 Hie
233 2773 304 2803 vitii
317 2773 439 2812 aliquid
454 2777 516 2810 est,
530 2772 722 2812 legendum·
767 2773 837 2801 208.
856 2772 922 2801 dies
943 2771 1103 2810 scriptum
1126 2769 1169 2800 sit
1191 2769 1226 2798 in
1248 2769 1337 2798 libris
1361 2768 1466 2801 bonis.

28 2820 102 2850 que,
117 2818 176 2843 aut
189 2824 288 2854 quam
303 2825 377 2845 cum
389 2825 425 2856 p.
441 2825 474 2846 a.
489 2825 521 2846 a.
536 2820 595 2845 aut
606 2817 724 2854 paucis
766 2813 829 2843 Sed
838 2818 876 2842 ut
891 2813 935 2843 ibi
945 2813 1054 2852 potius
1066 2811 1117 2840 die
1129 2810 1314 2849 legitur-‚sic
1327 2809 1379 2840 hic
1389 2819 1469 2849 quo.²

27 2857 102 2884 «mcc
116 2857 210 2886 annis
224 2856 401 2888 delendum
416 2862 478 2893 est,
495 2862 553 2887 aut
567 2866 667 2896 quam
682 2857 722 2891 si,
766 2865 828 2894 que
838 2855 888 2884 die
898 2855 1023 2890 malim,
1034 2854 1060 2882 si
1071 2854 1134 2882 diez·
1144 2852 1261 2882 falsum
1272 2853 1325 2882 sit.
1342 2852 1403 2882 Sed
1415 2850 1471 2882 Ci-ss'

26 2898 63 2924 m
66 2898 182 2936 paucis
193 2908 224 2929 a.
235 2908 267 2929 a.
278 2899 427 2930 Medium
440 2899 581 2930 maxime
593 2898 701 2939 placet
714 2908 724 2935 3
768 2906 841 2926 cero
852 2901 884 2927 et
896 2893 1325 2931 alibidieidicit,qu‹›dethie
1334 2894 1467 2926 servavit

696 2944 817 2982 353
