1785 3185
425 89 764 128 PHILIPPICA
790 87 1168 127 DUODECIMA.
1415 93 1513 131 1409

89 190 347 247 eipiendam,
368 206 442 233 cur
463 206 549 233 non
583 193 809 247 rogamur?
870 190 919 231 In
953 190 1034 232 hac
1062 205 1144 246 ego
1171 190 1386 247 legatione
1418 193 1514 244 sim,

88 259 163 288 aut
185 249 236 289 ad
260 248 301 288 id
324 248 550 289 consilium
580 248 827 296 admiscear,
852 247 892 286 iu
915 261 1015 301 quo,
1035 261 1087 287 ue
1110 247 1142 287 si
1166 248 1401 290 dissensero
1418 250 1514 304 qui-

87 303 182 344 dem
206 319 232 345 a
255 305 420 356 ceteris,
443 305 623 345 sciturus
655 304 836 359 populus
869 302 1088 343 Romanus
1111 304 1192 344 sit?
1253 304 1320 345 Ita
1340 306 1426 356 fiet,
1451 316 1512 356 ut,

86 360 122 401 si
155 361 257 415 quid
286 361 507 401 remissum
539 370 613 401 aut
644 373 891 402 concessum
924 359 992 409 sit,
1017 373 1111 399 meo
1134 374 1299 415 semper
1322 362 1510 416 periculo

84 426 236 472 peccet
264 416 494 468 Antonius,
516 431 613 458 cum
644 418 682 458 ei
715 416 916 472 peccandi
952 424 1136 471 potestas
1159 430 1183 456 a
1213 430 1280 457 me
1306 432 1510 459 concessa

85 473 292 514 videatur.

141 530 306 576 Quodsi
329 530 524 571 habenda
545 545 642 570 cum
669 527 847 570 Antonii
877 528 1101 569 latrocinio
1125 530 1240 584 pacis
1278 529 1386 570 ratio
1409 529 1505 581 fuit,
1521 547 1569 586 17·

84 599 179 626 mea
210 595 350 627 tamen
382 601 561 642 persona
578 587 630 627 ad
654 587 775 626 istam
810 599 956 641 pacem
988 585 1298 627 conciliandam
1332 587 1506 628 minime

85 640 167 684 fuit
197 643 436 698 deligenda.
498 643 591 698 Ego
623 657 853 697 numquam
886 643 1048 698 legatos
1081 643 1312 684 mittendos
1334 645 1505 685 censui:

81 711 164 754 ego
187 709 285 740 ante
302 701 538 755 legatorum
558 699 736 740 reditum
758 713 881 739 ausus
899 714 987 739 sum
1012 699 1166 750 (licere,
1187 699 1341 740 Pacem
1372 700 1507 755 ipsam

83 755 116 795 si
140 756 353 807 afferrent,
371 758 571 811 quoniam
594 757 672 797 sub
695 756 866 796 nominc
890 756 1004 811 pacis
1025 755 1179 796 bellum
1203 756 1366 807 lateret,
1391 760 1430 791 ²9
1445 772 1508 797 re-

81 813 366 868 pudiandam:
409 828 490 869 ego
514 814 709 868 princeps
732 827 955 867 sagorum:
987 827 1070 868 ego
1094 826 1259 868 semper
1289 814 1405 855 illum
1429 814 1507 855 ho-

83 877 191 909 stem
222 869 446 925 appellavi,
477 884 573 910 cum
606 870 676 909 alii
699 869 1009 910 adversarium:
1043 883 1208 925 semper
1230 870 1312 911 hoc
1335 871 1507 923 bellum,

80 939 178 967 cum
202 926 272 966 alii
297 927 542 967 tumultum.
584 940 662 966 nec
692 926 786 966 haec
817 927 860 966 in
893 936 1039 966 senatu
1071 926 1232 968 solum:
1275 927 1421 968 eadem
1454 929 1506 969 ad

81 982 288 1037 populum
312 997 476 1038 semper
493 982 588 1038 egi:
620 997 697 1023 nec
720 982 854 1022 solum
880 983 921 1023 in
943 984 1096 1038 ipsum,
1113 986 1153 1013 30
1167 983 1238 1024 sed
1260 984 1302 1024 in
1325 983 1416 1038 ejus
1439 999 1508 1025 so-

81 1039 171 1079 cios
202 1039 438 1080 facinorum
471 1051 514 1080 et
543 1039 774 1089 ministros,
796 1048 838 1079 et
870 1049 1113 1094 prementes,
1135 1050 1177 1080 et
1208 1055 1295 1091 eos,
1316 1041 1389 1095 qui
1423 1056 1507 1082 una

80 1105 203 1135 sunt:
230 1096 273 1136 in
296 1105 432 1136 totam
453 1096 636 1150 denique
660 1095 725 1136 M.
745 1095 923 1136 Antonii
946 1096 1119 1137 domum
1140 1111 1232 1138 sum
1253 1112 1418 1153 semper
1441 1099 1504 1138 in-

79 1161 240 1193 vectus.
284 1151 449 1208 Itaque,
471 1162 516 1193 ut
538 1153 694 1193 alacres
716 1162 758 1192 et
792 1152 892 1202 laeti,
916 1167 990 1208 spe
1011 1153 1127 1208 pacis
1147 1154 1304 1205 oblata,
1328 1155 1438 1195 inter
1459 1169 1503 1195 se
1517 1171 1564 1205 13

79 1207 200 1264 impii
231 1209 360 1259 cives,
390 1210 510 1263 quasi
544 1210 757 1260 vicissent,
789 1209 1139 1264 gratulabantur:
1175 1214 1212 1241 31
1231 1211 1290 1251 sic
1323 1225 1388 1251 me
1420 1212 1501 1253 ini-

73 1279 208 1319 quum
228 1266 479 1321 ejurabant:
502 1266 636 1306 deme
655 1268 955 1320 querebantur.
977 1266 1230 1308 diffidebant
1251 1268 1379 1308 etiam
1405 1268 1500 1309 Ser-

77 1321 195 1362 vilio.
239 1323 534 1373 meminerant,
576 1323 667 1377 ejus
709 1323 929 1363 sententiis
967 1323 1188 1363 confixum
1230 1323 1468 1365 Antonium
1488 1343 1542 1379 :p.
1559 1341 1631 1370 243.

78 1376 128 1419 L.
153 1378 380 1430 Caesarem,
403 1380 554 1420 fortem
575 1379 745 1434 quidem
771 1379 902 1430 illum,
921 1389 963 1420 et
979 1389 1242 1420 constantem
1262 1391 1498 1423 senatorem
1512 1392 1542 1412 a.

76 1437 335 1477 avunculum
368 1447 532 1478 tamen:
567 1435 787 1486 Calenum,
813 1446 1154 1490 procuratorem:
1190 1437 1405 1489 Pisonem,
1437 1439 1499 1480 fa-

73 1492 308 1534 miliarem:
350 1502 390 1533 te
421 1493 576 1548 ipsum,
610 1493 761 1543 Pansa,
797 1493 1214 1534 vehementissimum
1246 1504 1289 1534 et
1321 1496 1502 1537 fortissi-

77 1563 194 1590 mum
231 1550 464 1599 consulem,
502 1550 663 1590 factum
695 1550 788 1604 jam
826 1559 979 1605 putant
1019 1550 1247 1593 leniorem:
1294 1567 1378 1593 non
1418 1568 1503 1608 quo

73 1605 136 1646 ita
151 1607 220 1658 sit,
242 1616 316 1647 aut
334 1621 423 1647 esse
440 1608 598 1662 possit;
652 1607 722 1647 sed
747 1608 907 1647 mentio
930 1622 954 1647 a
977 1616 1018 1647 te
1040 1607 1153 1648 facta
1175 1609 1306 1663 paciS,
1324 1611 1504 1665 suspici-

72 1676 198 1704 onem
221 1663 363 1704 multis
386 1663 530 1704 attulit
552 1665 789 1704 immutatae
813 1664 1059 1704 voluntatis.
1121 1663 1239 1705 Inter
1263 1666 1335 1706 has
1362 1681 1503 1721 perso-

70 1733 147 1760 nas
167 1734 236 1760 me
266 1720 536 1775 interjectum
568 1721 694 1760 amici
726 1721 903 1761 Antonii
937 1721 1113 1761 moleste
1143 1720 1312 1763 ferunt:
1345 1724 1501 1777 quibus

68 1777 278 1830 gerendus
309 1792 400 1817 mos
429 1787 507 1827 est,
538 1777 739 1832 quoniam
771 1777 899 1818 semol
928 1777 1119 1818 liberales
1149 1793 1239 1819 esse
1269 1781 1498 1834 ecepimus.

71 1832 404 1875 Proficiscantur
435 1834 564 1889 legati
594 1834 768 1890 optimis
798 1835 1041 1875 ominibus:
1075 1835 1146 1876 sed
1170 1836 1195 1875 ii
1223 1836 1544 1891 proficiscan-8

71 1898 153 1939 tur,
173 1890 214 1929 in
238 1891 393 1945 quibus
414 1905 500 1931 non
520 1890 760 1931 offendatur
782 1890 1011 1932 Antonius.
1036 1892 1201 1938 Quodsi
1224 1894 1275 1934 de
1298 1892 1495 1936 Antonio
1512 1914 1558 1950 19

68 1959 154 1986 non
184 1946 400 1998 laboratis,
433 1948 537 1987 1111111
571 1957 699 1998 certe,
725 1958 862 2003 patres
893 1949 1140 2003 conscripti,
1172 1950 1392 1991 consulere
1424 1952 1497 1992 de-

68 2003 193 2044 betis.
236 2005 396 2059 parcite
426 2005 559 2045 oculis
582 2005 729 2045 saltem
762 2005 881 2055 meis,
899 2015 942 2045 et
974 2005 1160 2060 aliquam
1192 2007 1497 2063 veniamjusto

66 2059 204 2100 dolori
226 2061 337 2101 date.
382 2061 498 2108 ‘Quo
530 2061 644 2101 enim
674 2062 875 2117 adspectu
907 2063 1047 2102 videre
1071 2072 1234 2118 potero,
1253 2064 1399 2116 (mitto
1422 2065 1500 2106 ho-

66 2126 175 2157 stem
197 2118 361 2173 patriae,
383 2132 437 2158 ex
461 2133 546 2173 quo
567 2117 671 2158 1111111
704 2119 849 2159 odium
882 2119 924 2159 in
957 2119 1073 2159 illum
1104 2134 1332 2161 commune
1357 2122 1498 2163 vobis-

66 2187 164 2214 cum
186 2176 283 2225 est,)
298 2175 369 2216 sed
391 2178 430 2205 32
441 2174 657 2229 quomodo
680 2175 912 2230 adspiciam
930 2176 1040 2216 mihi
1061 2176 1132 2216 uni
1156 2177 1498 2221 crudelissimum

66 2229 249 2282 hostem,
283 2240 329 2272 ut
362 2231 579 2272 declarant
610 2231 701 2286 ejus
736 2233 789 2273 de
822 2247 888 2273 me
920 2232 1205 2274 acerbissimae
1237 2234 1497 2279 conciones?

104 2387 145 2420 29
167 2385 246 2426 reip.
264 2387 518 2427 repudiandam]
535 2388 617 2428 reip.
635 2388 758 2428 primus
802 2391 840 2419 ut
852 2387 926 2419 libri
941 2398 1003 2420 scr.
1019 2389 1096 2420 fere.
1110 2390 1206 2421 male.

64 2428 187 2460 addidit
200 2440 218 2460 e
235 2430 316 2460 Mss.
330 2430 395 2460 suis
418 2430 585 2460 Gruterus.
602 2436 651 2460 est
673 2435 706 2460 et
724 2431 759 2460 in
843 2433 879 2461 31
897 2431 942 2460 sic
956 2441 1006 2461 me
1020 2433 1096 2471 iniq.
1109 2431 1298 2472 ejurabant]
1317 2431 1425 2464 Guelf.
1437 2433 1500 2463 ini-

62 2469 174 2502 Guelf.
187 2472 221 2502 in
234 2471 306 2502 aliis
322 2472 365 2502 R.
382 2472 427 2502 P.
472 2472 549 2501 Non
566 2478 695 2503 secutus
710 2477 760 2502 est
803 2473 935 2503 micum.
959 2473 1039 2504 item
1067 2474 1110 2505 H.
1125 2475 1180 2513 qui
1207 2481 1241 2504 et
1261 2475 1428 2505 evitabant
1442 2475 1499 2505 ha-

54 2512 194 2543 *Gruter-i
205 2513 389 2553 exemplum
404 2514 571 2544 Graevius:
589 2516 643 2553 qui
658 2519 760 2544 teme·
803 2515 868 2544 bet.
895 2524 991 2544 sensu
1014 2515 1099 2545 idem
1121 2521 1171 2546 est
1185 2527 1192 2546 ε
1218 2516 1273 2546 sed
1286 2516 1434 2554 iniquum
1448 2522 1499 2547 est

62 2563 96 2584 re
108 2565 125 2584 e
136 2555 248 2594 primis
258 2555 360 2585 literis
373 2556 460 2586 verbi
470 2557 633 2594 sequentis
646 2563 758 2587 ortum
800 2557 966 2595 proprium
986 2557 1020 2586 in
1044 2557 1104 2588 hac
1125 2558 1278 2588 formula.
1322 2557 1468 2588 Graevius
1480 2569 1499 2589 e

61 2600 170 2635 putat.
215 2598 248 2627 Si
269 2601 353 2627 esset
374 2607 396 2627 a
417 2598 594 2638 republica,
611 2607 676 2627 non
694 2597 757 2628 dis·
799 2598 876 2628 Vat.
893 2608 967 2628 cum
981 2599 1105 2630 Faerno
1114 2599 1295 2641 ejerabanss
1306 2599 1346 2629 ad
1358 2600 1498 2630 formam

64 2637 223 2676 pliceret:
256 2639 430 2679 repudiare
451 2649 474 2669 a
497 2649 564 2678 rep.
590 2639 759 2679 eleganter
796 2639 961 2680 pejerare.

57 2684 109 2715 est
120 2681 272 2719 repellere
285 2691 306 2711 a
316 2690 382 2720 rep.
396 2691 425 2711 v,
439 2681 529 2712 Clav.
545 2681 590 2711 Ut
601 2691 687 2711 nunc
697 2686 759 2716 est,
845 2685 884 2711 32
907 2683 1058 2721 quomodo
1079 2683 1184 2723 adsp]
1211 2682 1367 2719 Faernus,
1384 2682 1501 2722 opinor

61 2727 96 2757 et
112 2721 179 2761 ipse
194 2721 369 2752 delendum
384 2727 465 2762 puto
478 2735 487 2753 ι
511 2727 608 2762 atque
624 2724 672 2753 ita
687 2723 758 2754 feci.
803 2733 821 2753 e
835 2723 910 2753 Vat.
927 2723 1049 2754 addidit
1071 2726 1127 2755 sed
1140 2737 1149 2754 .·
1170 2724 1255 2763 quod
1278 2730 1327 2755 est
1349 2730 1423 2764 post
1446 2735 1500 2764 pa-

76 2783 80 2787 *
103 2765 144 2792 30
166 2764 222 2792 sed
231 2764 267 2793 in
280 2763 350 2805 ejus
358 2765 453 2794 socios
451 2763 526 2804 fac.
541 2769 572 2794 et
581 2765 758 2803 ministros]
805 2765 971 2795 renthesin
987 2766 1120 2798 solenne
1142 2767 1290 2805 verbum,
1310 2767 1345 2796 in
1367 2766 1500 2806 vulgat·

61 2803 143 2835 Edd.
155 2815 201 2845 pr.
213 2806 308 2837 Grut.
317 2810 351 2836 et
359 2806 415 2837 alii
425 2806 586 2840 omittunt
596 2805 762 2847 copulam,
805 2806 901 2836 debet
917 2807 1069 2847 intelligi.

802 2854 927 2888 4113
