1785 3185
183 576 232 617 17

200 1013 233 1067 7

117 1143 148 1175 p.
167 1135 235 1167 187.

206 1185 235 1206 a.

188 1308 234 1343 18

192 2031 239 2066 19

235 122 333 158 1308
811 118 1058 158 ORATIO

233 220 459 278 locupletis
481 220 654 277 quidem
676 221 1044 272 certe‚Bambalio
1062 221 1236 278 quidam
1255 228 1388 278 pater,
1400 219 1532 262 horno
1547 214 1663 262 nullo

234 293 427 320 numer0.
437 278 543 320 nihil
554 278 626 319 illo
635 280 908 330 contemtius,
919 280 992 335 qui
1004 288 1177 336 propter
1190 279 1477 321 haesitantiam
1490 278 1666 334 linguae,

238 344 540 392 stuporemque
560 335 716 386 cordis,
738 350 978 392 cognomen
999 351 1053 378 ex
1075 336 1336 378 contumelia
1358 336 1549 376 traxerit.
1608 334 1669 375 At

239 407 343 433 avus
369 393 539 434 nobilis.
598 392 837 434 Tuditanus
858 407 1012 449 nempe
1034 393 1117 444 ille,
1139 397 1179 424 25
1194 393 1261 434 ille
1284 394 1354 448 qui
1379 407 1476 434 cum
1497 391 1606 448 palla
1623 399 1668 431 et

239 449 463 491 cothurnis
485 463 636 491 numos
659 449 818 504 populo
841 449 893 490 de
917 449 1084 491 Rostris
1106 463 1306 513 spargere
1330 450 1508 491 solebat.
1568 447 1670 488 Vel-

240 506 325 547 lem
350 506 460 548 lianc
490 506 827 548 contemtionem
856 507 1051 562 pecuniae
1073 521 1159 548 suis
1191 506 1451 561 reliquisset:
1483 506 1525 536 26
1540 504 1671 546 habc-

243 564 342 604 retis
375 563 642 605 nobilitatem
675 563 842 617 generis
872 562 1117 618 gloriosam.
1175 564 1214 596 2²7
1230 563 1316 610 Qui
1340 573 1482 604 autem
1513 575 1671 604 conve-

242 621 321 672 nit,
343 623 382 651 ‘²8
397 629 444 662 ut
467 620 545 661 tibi
577 618 754 660 Aricina
784 629 907 659 natus
938 620 1140 676 ignobilis
1172 620 1378 671 videatur,
1400 634 1499 661 cum
1530 628 1574 659 tu
1598 633 1670 659 eo—

241 678 339 719 dem
368 687 561 718 materno
598 689 753 731 genere
787 675 920 717 soleas
943 676 1144 732 gloriari?
1190 691 1286 732 quae
1322 691 1447 732 porro
1484 676 1671 717 amentia

241 745 321 785 cst,
343 748 440 775 eum
463 734 603 775 dicere
624 732 784 788 aliquid
813 732 866 773 de
887 748 1071 774 uxorum
1101 733 1387 789 ignobilitate,
1409 732 1532 788 cujus
1553 742 1672 788 pater

243 791 534 833 Numitoriam
568 789 875 845 Fregellanam,
909 790 1138 846 proditoris
1170 789 1315 841 filiam,
1343 790 1541 831 habuerit
1563 803 1671 830 uxo-—

244 860 357 889 rem:
391 848 480 903 ipsc
501 862 554 888 ex
586 846 772 887 libertini
796 845 882 887 filia
912 848 1146 903 susceperit
1167 846 1346 888 liberos?
1378 847 1459 887 Sed
1483 847 1564 887 hoc
1585 845 1671 887 cla-

245 905 400 946 rissimi
423 904 495 945 viri
519 903 717 954 viderint,
740 903 787 943 L.
806 903 1061 960 Phillippus‚
1085 905 1156 959 qui
1182 904 1310 945 habet
1325 903 1545 944 Aricinam
1566 917 1673 944 uxo-

247 976 350 1012 rem,
374 961 426 1002 C.
451 959 697 1010 Marcellus,
719 959 792 1014 qui
825 959 1013 1003 Aricinae
1047 960 1199 1002 liliam:
1248 976 1354 1016 quos
1377 965 1416 994 29
1429 970 1546 1001 ccrto
1581 961 1670 1001 scio

249 1018 481 1074 dignitatis,
517 1017 778 1072 optimarum
820 1016 1086 1058 faeminarum
1138 1033 1222 1059 non
1265 1018 1492 1073 poenitere.
1553 1017 1673 1058 Idem

248 1077 377 1117 etiam
412 1075 454 1121 Q.
488 1073 758 1124 Ciceronem,
788 1072 929 1115 fratris
959 1075 1043 1115 mei
1077 1074 1227 1126 filium,
1249 1074 1478 1130 compellat
1505 1075 1673 1116 edicto:

248 1148 327 1174 nec
369 1131 499 1172 sentit
535 1145 696 1182 amens,
729 1131 1143 1173 commendationem
1178 1146 1268 1172 esse
1302 1131 1675 1187 compellationem

249 1203 382 1231 suam.
443 1188 561 1235 Quid
591 1188 705 1228 enim
736 1188 929 1229 accidere
959 1187 1059 1230 huic
1090 1188 1346 1230 adolescenti
1381 1189 1523 1244 potuit
1554 1199 1676 1244 opta-

248 1248 347 1298 tius,
368 1260 497 1301 quam
529 1248 570 1276 30
583 1246 787 1300 cognosci
822 1246 876 1286 ab
910 1245 1172 1296 hominibus,
1195 1244 1378 1286 Caesaris
1399 1245 1675 1300 consiliorum

247 1318 338 1345 esse
357 1303 536 1352 socium,
558 1301 739 1343 Antonii
774 1301 926 1343 furoris
950 1302 1200 1345 inimicum?
1231 1302 1291 1343 At
1311 1303 1440 1343 etiam
1464 1302 1674 1359 gladiator

246 1376 373 1402 ausus
393 1369 457 1401 est
486 1359 684 1409 scribere,
705 1358 822 1400 hunc
851 1359 904 1400 de
922 1360 1053 1416 patris
1075 1370 1118 1401 et
1133 1360 1273 1417 patrui
1296 1358 1528 1416 parricidio
1557 1360 1678 1415 cogi-

247 1429 370 1459 tasse.
399 1417 438 1458 O
453 1416 746 1458 admirabilem
768 1417 1093 1472 impudentiam,
1112 1417 1349 1468 audaciam,
1365 1418 1673 1460 temeritatem!

246 1477 290 1517 in
306 1490 403 1516 eum
418 1474 729 1515 adolescentem
747 1476 782 1503 3¹
801 1474 883 1515 hoc
902 1475 1085 1516 scribere
1099 1475 1267 1524 audere,
1283 1487 1407 1529 quem
1423 1489 1519 1531 ego,
1533 1484 1576 1516 et
1596 1474 1681 1516 fra-

246 1544 311 1574 ter
340 1546 474 1581 meus,
497 1542 672 1587 propter
703 1530 796 1586 ejus
828 1531 1116 1582 suavissimos,
1145 1541 1272 1587 atque
1304 1531 1492 1586 optimos
1525 1547 1678 1582 mores,

247 1588 734 1646 praestantissimumque
756 1587 991 1643 ingenium,
1014 1589 1208 1630 certatim
1231 1602 1436 1641 amamus,
1458 1590 1679 1631 omnibus-

247 1661 331 1702 que
361 1646 492 1695 horis,
525 1644 675 1695 oculis,
706 1645 894 1696 auribus,
925 1646 1154 1702 complexu
1198 1648 1417 1688 tenemus?
1468 1646 1580 1688 Nam
1613 1661 1680 1687 me

249 1704 408 1745 eisdem
440 1702 608 1754 edictis,
643 1701 794 1753 nescit,
815 1702 944 1743 laedat
964 1717 1016 1743 an
1050 1703 1205 1744 laudet.
1237 1717 1334 1744 cum
1368 1703 1481 1745 idem
1516 1703 1680 1760 suppli-

248 1763 363 1802 cium
388 1761 575 1801 minatur
606 1759 783 1815 optimis
816 1760 999 1810 civibus,
1021 1759 1135 1814 quod
1157 1774 1239 1816 ego
1261 1760 1313 1800 de
1343 1760 1679 1802 sceleratissimis

249 1818 487 1868 sumserim,
511 1816 682 1857 laudare
703 1816 884 1868 videtur,
914 1817 1033 1872 quasi
1058 1817 1213 1858 imitari
1244 1816 1370 1859 velit:
1405 1833 1503 1858 cum
1536 1827 1680 1859 autem

249 1876 362 1916 illam
381 1873 655 1931 pulcherrimi
677 1872 779 1915 facti
800 1874 1046 1915 memoriam
1072 1873 1243 1915 refricat
1257 1890 1276 1915 ιΔ
1290 1883 1381 1915 tum
1403 1890 1428 1915 a
1450 1875 1513 1916 sui
1533 1874 1681 1916 simili-

250 1934 329 1974 bus
354 1932 559 1973 invidiam
582 1930 769 1986 aliquam
791 1927 833 1971 in
857 1945 925 1972 me
942 1933 1202 1973 commoveri
1228 1939 1363 1986 putat.

310 1990 393 2031 Sed
423 1989 514 2044 ipse
544 1987 648 2043 quid
678 1986 815 2030 fecit?
847 1987 958 2030 Cum
991 1997 1056 2029 tot
1086 1989 1226 2030 edicta
1257 1988 1562 2044 proposuisset,
1592 1988 1682 2030 edi-

292 2138 331 2165 25
368 2137 422 2165 ille
450 2136 504 2175 qui
531 2144 606 2164 cum
628 2134 682 2174 p.]
727 2133 842 2165 Addidi
873 2145 950 2165 cum

992 2135 1120 2165 Graevio
1143 2133 1225 2165 edidi
1278 2134 1342 2165 uod
1358 2133 1506 2164 meliores
1529 2133 1609 2165 Mss.
1624 2134 1683 2165 ha-

251 2177 378 2207 Graevio
394 2179 459 2213 ille,
476 2176 562 2215 quod
587 2178 621 2207 in
637 2177 736 2216 ipsius
753 2182 786 2207 et
813 2176 949 2208 Ferrarii
1232 2158 1239 2171 ⁵
1255 2146 1275 2174 q

992 2177 1070 2207 bent
1086 2178 1185 2208 etiam
1209 2177 1348 2207 totidem
1363 2176 1466 2207 literis
1487 2176 1597 2208 Guels.
1613 2177 1683 2213 alii,

252 2218 332 2249 Mss.
357 2220 430 2248 fuit.
447 2219 545 2249 habet
570 2224 603 2248 et
626 2219 689 2249 Gu.
715 2219 752 2249 P.
778 2218 949 2250 Manutius

252 2261 341 2291 dedit
360 2261 556 2297 Tuditanus,
569 2270 683 2300 nempe
695 2263 765 2298 ille,
780 2262 847 2301 qui.

294 2303 335 2334 26
372 2304 496 2334 hahetis
518 2303 604 2342 nob]
645 2303 740 2334 Hanc
772 2302 947 2335 lectionem

251 2345 300 2375 sic
325 2346 502 2385 accipiunt,
526 2350 564 2375 ut
589 2346 622 2375 in
644 2344 706 2376 hoc
735 2347 778 2376 sit
804 2345 951 2376 clausula

254 2393 422 2426 argument
433 2388 453 2424 i,
469 2397 532 2425 qua
546 2392 579 2417 et
603 2387 680 2417 alibi
698 2388 806 2419 utitur
821 2388 947 2418 Cicero.

255 2428 419 2459 Ferrarius
436 2434 546 2459 autem
564 2429 709 2459 malebat
724 2431 901 2459 habereris.-
917 2435 950 2459 et

255 2471 300 2501 sic
315 2476 364 2501 est
387 2472 420 2501 in
437 2471 516 2501 Mss.
531 2472 595 2500 Gu.
611 2471 648 2502 L.
673 2471 718 2502 H.
742 2471 813 2502 edd.
836 2481 886 2512 pr.
903 2472 950 2502 id-

254 2524 316 2552 que
340 2514 457 2554 rceepi.
471 2516 521 2543 est
535 2513 623 2543 enim
647 2513 821 2545 manifeste
839 2523 950 2545 conse-

254 2565 355 2595 quens
371 2555 476 2585 illius:
501 2556 613 2585 vellem
630 2555 691 2585 ἀρ.

298 2600 337 2632 27
361 2598 429 2638 Qui
445 2602 555 2628 aulem
578 2595 698 2635 evenit]
735 2596 787 2627 Sic
811 2597 889 2629 Mss.
906 2599 951 2628 At

256 2639 420 2670 Ferrarius
433 2649 488 2680 per
501 2640 724 2677 coniecturam
740 2638 829 2670 dedit
842 2650 951 2670 conve-

254 2683 317 2717 nit,
334 2682 427 2718 bene,
443 2686 480 2711 ut
502 2686 605 2721 puto:
632 2680 728 2719 idque
748 2682 851 2712 secuti
874 2687 952 2713 sunt

256 2723 413 2761 Fa'e'rnus,
443 2724 478 2754 P.
506 2724 638 2754 Manut.
666 2722 784 2754 Lamb.
813 2733 892 2755 nam
920 2724 953 2754 id

255 2766 390 2796 verbum
416 2766 603 2805 legitimum
620 2765 717 2795 estin
739 2764 798 2796 tali
822 2772 953 2797 senten-

252 2807 310 2837 tia.
326 2818 355 2837 v.
372 2808 454 2838 Phil.
472 2807 550 2844 VII,
566 2810 597 2838 9.

295 2852 334 2881 28
362 2855 399 2880 ut
416 2851 442 2881 is
456 2851 514 2881 tim·
529 2850 668 2882 Aricina
682 2850 796 2891 naeus]
814 2850 866 2882 Sic
879 2860 954 2882 cum

992 2220 1071 2249 item
1088 2218 1161 2250 edd.
1175 2229 1223 2259 pr.
1240 2223 1277 2249 ut
1293 2220 1350 2249 tibi
1364 2216 1461 2249 dulia
1473 2223 1584 2255 natus,
1598 2218 1684 2258 quod

992 2270 1025 2292 et
1041 2264 1193 2298 servavit,
1215 2261 1276 2292 etsi
1299 2271 1365 2291 non
1386 2261 1546 2300 probavit,
1563 2261 1682 2291 Grute-

992 2314 1055 2334 rus.
1069 2305 1127 2334 tibi
1139 2304 1265 2334 omittit
1283 2301 1357 2334 ΑΜ.
1374 2303 1408 2333 P.
1424 2302 1518 2334 Man.
1534 2303 1683 2344 apposita

991 2346 1062 2376 loco
1077 2344 1153 2376 huic
1166 2345 1309 2376 stellula.

1034 2390 1074 2422 29
1097 2392 1181 2418 certo
1203 2387 1279 2427 scio]
1314 2387 1366 2418 Sic
1380 2387 1443 2417 Ms.
1467 2386 1560 2417 Leid.
1584 2392 1683 2417 recte.

993 2430 1091 2466 vulgo
1106 2434 1200 2460 certe.

1035 2474 1075 2502 30
1097 2471 1241 2511 cog-nosci
1257 2471 1298 2501 ab
1313 2470 1506 2509 hominibus]
1533 2468 1560 2500 E
1575 2470 1682 2501 Vatic.

992 2513 1265 2553 edidere-quidam
1280 2514 1424 2543 omnibns
1434 2525 1442 2541 :
1464 2521 1544 2551 quos
1557 2518 1686 2543 secutus

992 2559 1043 2585 ost
1057 2555 1214 2586 Graevius.
1232 2564 1297 2585 non
1316 2555 1399 2585 male
1412 2554 1541 2594 quidem
1554 2565 1561 2585 :
1583 2553 1640 2585 sed
1652 2559 1687 2585 et

995 2597 1164 2636 vulgatum
1178 2598 1301 2627 bonum
1318 2601 1378 2628 est.

1036 2642 1071 2670 31
1099 2642 1164 2670 hcet:
1189 2639 1340 2678 scribere]
1365 2639 1430 2669 Alii
1451 2641 1526 2670 hoc.-
1547 2636 1633 2677 quod
1653 2642 1688 2668 et

996 2681 1030 2711 in
1058 2681 1122 2712 Ms.
1138 2683 1200 2713 Gu.
1230 2682 1344 2721 reperi.
1370 2681 1463 2721 idque
1487 2681 1613 2711 melius.
1640 2680 1687 2710 sie

994 2728 1028 2754 et
1050 2723 1088 2754 L.
1107 2725 1148 2755 H.
1174 2724 1234 2755 Est
1252 2723 1339 2754 enirn
1363 2733 1465 2754 unum
1491 2723 1614 2753 crimen
1635 2720 1687 2752 vei

994 2765 1218 2840 ιιᾶᾳὲςὶἰίρῖιιῐη.
1268 2765 1320 2797 Sic
1349 2770 1383 2798 et
1411 2766 1558 2797 Graevius
1587 2764 1686 2796 tacite

995 2818 1013 2839 e
1037 2818 1045 2839 1
1070 2819 1079 2840 ι
1100 2831 1108 2840 .
