1785 3185
423 132 771 179 PHILIPPICA
798 130 1089 175 SECUNDA.
1371 141 1474 181 1272

50 243 345 289 confecissem.
404 243 677 296 Quamquam
720 240 754 281 si
796 240 978 280 interfici
1023 239 1238 280 Caesarem
1273 240 1474 293 voluisse,

51 301 212 344 crimen
246 309 326 351 est,
361 299 473 350 vide,
504 312 666 353 quaeso,
708 297 887 348 Antoni,
921 296 1022 351 quid
1059 296 1135 335 tibi
1172 296 1362 339 futurum
1402 299 1472 350 sit,

50 371 178 414 quem
209 366 252 398 et
282 356 486 398 Narbone
508 355 592 396 hoc
617 354 842 396 eonsilium
868 368 966 394 cum
992 352 1044 393 C.
1063 351 1279 393 Trebonio
1310 357 1473 410 cepisse

51 413 323 456 notissimum
343 422 423 464 est,
448 420 491 453 et
512 413 568 453 ob
589 411 681 467 ejus
705 410 870 453 consilii
894 410 1157 460 societatem,
1182 424 1280 450 cum
1311 411 1474 452 interfi-

53 480 219 515 ceretur
241 470 401 521 Caesar,
423 478 513 510 tum
545 478 586 510 te
617 483 641 509 a
666 467 882 510 Trebonio
905 467 1088 508 vidimus
1112 467 1315 507 sevocari.
1378 467 1472 524 Ego

53 537 196 570 autem
217 527 334 581 (vide
354 540 483 582 quam
502 535 641 567 tecum
665 540 789 582 agam
812 539 898 566 non
921 523 1112 574 inimice)
1134 523 1247 579 quod
1273 525 1379 565 bene
1402 540 1475 566 co-

55 584 203 641 gitasti
225 584 467 640 aliquandO,
490 583 642 624 laudo:
685 582 799 637 quod
826 596 912 622 non
938 581 1150 632 indicasti,
1181 581 1338 635 gratias
1365 596 1472 637 ago:

53 642 169 696 quod
193 656 279 683 non
301 639 455 692 fecisti,
478 641 670 696 ignosco.
702 639 851 680 Virum
871 653 935 679 res
952 638 1022 678 illa
1042 639 1275 692 quaerebat.
1308 638 1538 684 Quodsi35

56 709 98 740 te
129 698 172 739 in
197 698 413 754 judicium
444 699 538 753 quis
568 697 767 747 adducat,
797 704 1057 751 usurpetque
1080 694 1182 735 illud
1205 694 1474 747 Cassianum,

63 769 144 797 CUI
172 769 306 797 BONO
332 768 533 797 FUERIT:
565 753 677 804 vide,
701 767 863 808 quaeso,
892 767 947 793 ne
967 751 1144 792 haereas.
1206 751 1482 807 Quamquam

58 812 164 854 illud
185 812 356 868 quidem
380 812 475 863 fuit,
501 819 548 851 ut
569 820 614 852 tu
636 810 824 861 dicebas,
853 809 1053 851 omnibus
1074 809 1202 859 bono,
1231 809 1303 863 qui
1327 810 1483 851 servire

61 869 292 911 nolebant:
335 869 412 910 tibi
440 880 580 909 tamen
603 867 834 924 praecipue,
860 867 933 922 qui
958 880 1043 906 non
1068 866 1197 906 modo
1226 881 1312 907 non
1337 867 1482 918 servis,

59 926 133 968 sed
154 927 283 967 etiam
303 940 479 981 regnas:
509 925 584 980 qui
606 926 796 966 maximo
817 934 858 965 te
881 939 964 965 aere
985 923 1124 964 alieno
1146 923 1195 964 ad
1217 923 1352 964 aedem
1373 923 1482 979 Opis

59 981 274 1024 liberasti:
315 982 388 1038 qui
410 986 451 1017 79
468 996 543 1038 per
574 981 741 1023 easdem
773 981 938 1022 tabulas
969 979 1322 1021 innumerabilem
1353 996 1484 1036 pecu-

57 1041 175 1082 niam
196 1038 436 1095 dissipasti:
465 1039 517 1080 ad
538 1053 666 1095 quem
687 1053 710 1079 e
731 1038 861 1079 domo
885 1037 1068 1078 Caesaris
1087 1046 1176 1078 tam
1192 1038 1326 1079 multa
1344 1038 1485 1079 delata

61 1107 184 1138 sunt:
225 1096 349 1152 cujus
369 1096 537 1147 domus,
565 1095 932 1151 quaestuosissima
951 1103 1016 1136 est
1036 1094 1239 1135 falsorum
1266 1109 1485 1136 commen-

62 1154 267 1195 tariorum
285 1162 329 1195 et
345 1152 731 1210 chirographorum
748 1152 944 1193 officina:
977 1166 1192 1207 agrorum,
1212 1152 1484 1208 oppidorum,
1497 1166 1530 1197 b.

59 1211 396 1262 immunitatum,
409 1210 685 1267 vectigalium
699 1209 1048 1265 flagitiosissimae
1063 1209 1281 1250 nundinae.
1314 1209 1484 1251 Etenim
1498 1226 1549 1261 35

63 1282 161 1323 quae
182 1282 247 1309 res
268 1267 449 1324 egestati
469 1277 514 1308 et
534 1267 608 1308 aeri
635 1266 772 1307 alieno
796 1275 885 1317 tuo,
907 1276 1062 1321 praeter
1083 1275 1264 1306 mortem
1289 1266 1487 1318 Caesaris,

62 1325 288 1366 subvenire
304 1325 537 1381 potuisset?
560 1323 719 1365 Nescio
733 1323 835 1379 quid
848 1323 1129 1364 conturbatus
1145 1323 1249 1363 mihi
1269 1338 1359 1364 esse
1373 1324 1491 1366 vide-

61 1382 134 1423 ris.
194 1381 418 1436 Numquid
440 1382 660 1432 subtimes,
682 1395 735 1421 ne
756 1380 808 1421 ad
837 1389 879 1421 te
901 1379 984 1421 hoc
1005 1380 1167 1420 crimen
1194 1381 1405 1435 pertinere
1427 1382 1493 1422 vi-

63 1439 242 1481 deatur?
284 1437 440 1480 Libero
470 1447 512 1479 te
543 1447 686 1480 metu:
719 1451 846 1479 nemo
875 1438 1020 1478 credet
1047 1451 1273 1492 umquam:
1309 1452 1395 1479 non
1428 1447 1494 1479 est

65 1506 189 1537 tuum
218 1495 271 1537 de
295 1495 515 1552 republica
545 1496 654 1536 bene
685 1495 861 1537 mereri:
901 1494 1032 1534 habet
1062 1494 1183 1534 istius
1215 1494 1491 1549 pulcherrimi

66 1552 170 1594 facti
201 1552 456 1594 clarissimos
479 1553 591 1593 viros
622 1551 861 1608 respublica
890 1561 1110 1592 auctores:
1154 1565 1236 1606 ego
1259 1562 1300 1592 te
1322 1561 1491 1593 tantum

63 1610 251 1666 gaudere
268 1609 390 1651 dico:
414 1609 565 1651 fecisse
585 1623 672 1650 non
692 1623 841 1664 arguo.
885 1608 1106 1663 Respondi
1126 1608 1327 1649 maximis
1348 1610 1494 1650 crimi-

70 1667 218 1709 nibus:
249 1681 364 1708 nunc
383 1666 514 1708 etiam
535 1666 706 1721 reliquis
729 1665 1071 1722 respondendum
1092 1675 1171 1706 est.

124 1723 277 1765 Castra
295 1723 404 1765 mihi
426 1723 639 1779 Pompeii,
662 1733 791 1778 atque
812 1722 915 1764 illud
931 1736 1065 1763 omne
1085 1731 1253 1778 tempus
1276 1722 1491 1778 objecisti.
1511 1722 1595 1772 15„

69 1795 156 1836 quo
183 1780 356 1836 quidem
378 1790 570 1838 tempore
592 1780 641 1831 si,
665 1790 713 1821 ut
742 1780 850 1831 dixi,
875 1794 1015 1820 meum
1039 1779 1280 1830 consilium,
1308 1781 1493 1821 auctori·
1505 1794 1558 1832 37

69 1847 220 1893 tasque
241 1838 465 1883 valuisset:
497 1847 544 1879 tu
566 1836 696 1878 hodie
717 1851 878 1893 egeres,
905 1851 982 1877 nos
1013 1836 1135 1877 liberi
1167 1850 1380 1889 essemus3
1410 1852 1497 1878 res-

69 1895 244 1951 publica
273 1909 360 1936 non
389 1903 457 1936 tot
483 1895 613 1936 duces
634 1903 678 1935 et
698 1895 912 1935 exercitus
935 1894 1159 1935 amisisset.
1193 1893 1348 1934 Fateor
1368 1895 1499 1946 enim,

68 1965 153 2003 me,
183 1966 282 1993 cum
311 1966 376 2003 ea,
403 1965 501 2008 quae
531 1951 793 2001 acciderunt,
826 1951 1093 2006 providerem
1124 1950 1282 2000 futura,
1314 1961 1434 1992 tanta
1455 1952 1501 1992 in

69 2009 281 2050 moestitia
301 2007 446 2061 fuisse,
473 2017 635 2064 quanta
653 2009 784 2050 ceteri
807 2008 961 2063 optimi
990 2008 1119 2058 cives,
1153 2008 1187 2048 si
1216 2007 1328 2048 idem
1355 2010 1501 2064 provi-

68 2066 246 2116 dissent,
284 2065 478 2107 fuissent.
526 2064 754 2117 Dolebam,
803 2064 1016 2115 dolebam,
1067 2075 1208 2120 patres
1250 2065 1500 2122 conscripti,

70 2122 379 2179 rempublicam
436 2122 587 2163 vestris
639 2121 857 2177 quondam
911 2122 1102 2177 meisque
1156 2121 1346 2163 consiliis
1397 2137 1501 2164 con-

73 2189 299 2231 servatam,
330 2179 447 2221 brevi
478 2189 670 2235 tempore
697 2193 789 2220 esse
819 2179 1066 2234 perituram.
1098 2192 1235 2234 neque
1256 2193 1356 2219 vero
1385 2193 1503 2221 eram

75 2246 162 2279 tam
193 2237 392 2278 indoctus
425 2237 684 2292 ignarusque
710 2250 865 2287 rerum,
898 2246 946 2277 ut
972 2235 1190 2292 frangerer
1222 2236 1367 2277 animo
1403 2251 1504 2292 pro-

75 2303 169 2350 pter
203 2295 304 2335 vitae
337 2293 634 2350 cupiditatem,
665 2307 761 2349 quae
795 2307 865 2333 me
896 2307 1072 2334 manens
1101 2292 1334 2334 conficeret
1367 2308 1503 2350 ango-

71 2351 204 2402 ribus,
222 2354 262 2382 80
275 2351 464 2402 dimissa,
486 2350 693 2391 molestiis
711 2351 912 2391 omnibus
935 2350 1148 2391 liberaret.
1181 2349 1274 2390 illos
1290 2364 1372 2406 ego
1393 2366 1504 2407 prae-

77 2407 360 2449 stantissimos
382 2408 511 2459 viros,
539 2406 702 2448 lumina
730 2407 994 2463 reipublicae,
1024 2407 1165 2448 vivere
1194 2406 1407 2459 volebam,
1439 2418 1506 2448 tot

75 2464 334 2516 consulares,
357 2474 423 2506 tot
449 2465 688 2521 praetorios,
711 2473 777 2505 tot
809 2464 1132 2505 honestissimos
1158 2473 1388 2516 senatores,
1413 2479 1505 2505 om-

78 2535 176 2563 nem
209 2533 417 2578 praeterea
448 2522 596 2565 florem
628 2521 866 2563 nobilitatis
901 2536 952 2563 ac
975 2515 1237 2578 juventutiS,
1268 2531 1360 2562 tum
1392 2521 1507 2577 opti-

78 2644 179 2676 etiam
199 2645 381 2676 Antonium
403 2649 438 2676 et
461 2646 542 2677 alios
570 2645 773 2676 Caesm-Ianos
812 2645 902 2686 pasti
915 2644 999 2676 edidi
1015 2655 1073 2686 pro
1088 2646 1294 2686 dissipanisti.

80 2687 280 2723 occidissem.
324 2687 414 2718 Idem
442 2688 506 2719 alia
531 2688 637 2728 figura
662 2688 776 2718 scribit
860 2691 902 2719 80
928 2687 1280 2727 dimissa—liberaret]
1313 2687 1366 2717 Sic
1389 2696 1449 2726 pro
1471 2689 1510 2717 li-

81 2727 267 2759 Trebonio:
289 2730 421 2760 utinam
435 2731 712 2761 mea—invitasses.-
725 2732 776 2761 ηε·-
819 2730 958 2760 ber-asset
971 2730 1179 2762 scribendum
1203 2739 1283 2766 esse,
1300 2739 1366 2759 non
1384 2736 1432 2759 est
1448 2730 1510 2760 dif-

83 2771 133 2800 Ιιίί
159 2771 375 2810 reliquiarum
407 2774 587 2804 mansisset.
619 2772 660 2803 ad
699 2772 773 2804 Div.
816 2772 901 2803 fieile
927 2772 1111 2804 intellectu.
1135 2782 1211 2802 nam
1237 2771 1392 2812 praecedit
1414 2773 1510 2812 confi-

83 2811 129 2849 Χ,
143 2813 196 2843 98.
817 2818 913 2845 ceret.
958 2814 1003 2845 Et
1024 2815 1070 2845 sic
1092 2814 1208 2844 habuit
1223 2814 1287 2844 Ms.
1301 2813 1407 2844 Vatic.
1426 2814 1511 2844 unde

128 2856 169 2888 79
191 2863 254 2894 per
271 2855 400 2886 eaedem
420 2855 564 2896 tabulas]
595 2865 642 2887 sc.
664 2866 776 2887 eorm·
818 2856 979 2893 Graevius,
1012 2857 1105 2889 Man.
1135 2855 1251 2888 Lamb.
1287 2856 1345 2887 Gr.
1372 2855 1511 2887 edidere,

84 2900 169 2936 ptas,
197 2897 332 2929 mutatis
359 2898 557 2929 nominibus.
588 2907 665 2930 mox
686 2899 776 2930 dista·-
819 2898 873 2929 Sic
886 2904 920 2931 et
934 2897 974 2929 L.
