1785 3185
487 132 839 175 PHILIPPICA
864 132 1108 175 QUINTA.
1420 135 1518 170 1335

89 247 243 299 praeter
274 238 475 291 Galliam,
497 247 602 281 tota.
663 238 773 285 Quae
797 237 832 277 si
853 244 979 277 erunt
1008 235 1148 276 facta:
1178 235 1326 291 opinio
1350 235 1455 292 ipsa,
1476 238 1581 276 et3⁴z

89 296 203 338 fama
225 306 375 338 vestrae
408 296 646 337 severitatis
678 296 832 335 obruet
867 292 1059 334 scelerati
1094 291 1342 347 gladiatoris
1375 307 1522 334 amen-

91 353 209 394 tiam.
249 353 402 394 sentiet
435 353 516 393 sibi
550 353 706 394 bellum
741 365 839 392 cum
873 348 1093 405 republica
1125 362 1215 388 esse
1249 359 1521 404 susceptum:

89 409 333 465 experietur
363 410 668 452 consentientis
703 418 873 449 senatus
908 420 1060 448 nervos
1093 415 1221 460 atque
1256 405 1378 445 vires.
1424 421 1523 447 nam

90 481 205 508 nunc
225 467 398 521 quidem
432 467 618 522 partium
651 465 973 508 contentionem
1005 476 1095 503 esse
1127 462 1313 502 dictitat.
1345 476 1524 515 quarum

90 524 305 580 partium?
346 525 466 565 alteri
501 525 603 565 vieti
638 533 750 573 sunt,
773 522 893 564 alteri
924 529 1022 562 sunt
1043 534 1066 560 e
1089 519 1238 560 mediis
1263 517 1314 559 C.
1340 517 1524 560 Caesaris

123 581 300 621 artibus.
331 582 412 622 nisi
437 581 546 622 forte
568 581 750 623 Caesaris
771 589 910 636 partes
932 594 957 618 a
979 577 1119 618 Pansa
1140 585 1182 616 et
1203 575 1352 617 Hirtio
1371 591 1526 617 consu-

109 636 217 687 ibus,
240 647 284 678 et
305 654 330 679 a
350 638 439 679 filio
470 638 521 679 C.
546 638 727 680 Caesaris
751 636 992 692 oppugnari
1027 643 1241 690 putamuS.
1303 632 1404 674 Hoc
1428 647 1528 675 vero

92 693 250 735 bellum
274 709 358 736 non
381 707 445 736 est
476 710 529 736 ex
553 695 816 736 dissensione
839 693 1038 748 partium,
1063 691 1134 732 sed
1167 705 1221 732 ex
1257 690 1420 731 nefaria
1452 705 1528 746 spe

91 751 478 809 perditissimorum
511 753 671 794 civium
701 751 964 792 excitatum:
1007 749 1163 804 quibus
1189 748 1301 789 bona
1321 747 1529 788 fortunae-

94 823 179 863 que
206 819 362 850 nostrae
383 819 541 850 notatae
572 819 684 859 sunt,
703 818 746 848 et
772 808 864 862 jam
898 808 933 840 67
951 806 1003 847 ad
1036 806 1245 861 cujusque
1277 806 1527 861 opinionem

95 866 352 907 distributae.
423 867 527 922 Legi
563 865 788 921 epistolam
830 863 1026 913 Antonii,
1063 877 1192 918 quam
1224 862 1277 903 ad
1313 863 1588 918 quendamSS

95 924 415 978 septemvirum,
437 924 664 979 capitalem
688 922 920 971 hominem,
943 920 1152 976 collegam
1176 934 1314 969 suum,
1339 919 1526 961 miserat.

97 993 219 1031 qun>
245 993 601 1031 CONCUPISCAS,
624 993 683 1020 Tu
716 992 944 1020 vaRis:
979 991 1113 1030 Quor)
1140 990 1569 1026 CONCUP1VERIS,p.
1585 986 1661 1015 201.

98 1050 255 1078 CERTE
281 1051 512 1079 liABEnrs.
573 1039 612 1069 68
628 1037 709 1088 En,
732 1037 784 1078 ad
822 1050 949 1091 quem
989 1035 1152 1091 legatos
1172 1035 1393 1075 mittamus
1415 1047 1423 1072 :
1457 1035 1569 1076 cuia·

96 1093 254 1134 bellum
294 1109 508 1136 moremur
545 1093 722 1136 inferre:
769 1094 841 1149 qui
882 1107 933 1133 ne
955 1093 995 1126 69
1009 1092 1111 1133 sorti
1139 1091 1311 1146 quidem
1335 1090 1528 1132 fortunas

96 1160 262 1192 nostras
284 1151 494 1202 destituit,
517 1152 588 1193 sed
611 1151 779 1193 libidini
798 1150 1006 1206 cujusque
1029 1163 1105 1189 nos
1124 1149 1183 1189 ita
1205 1148 1387 1200 addixit,
1410 1159 1458 1190 ut
1479 1164 1531 1190 ne

98 1208 180 1248 sibi
202 1208 374 1263 quidem
405 1209 639 1265 quidquam
672 1209 903 1264 integrum,
925 1206 1040 1262 quod
1074 1220 1159 1247 non
1189 1205 1316 1247 alicui
1352 1207 1533 1261 promis-

99 1279 192 1306 sum
208 1266 302 1321 jam
335 1266 403 1317 sit,
426 1265 657 1321 reliquerit.
699 1281 796 1308 cum
827 1265 925 1314 hoc,
960 1273 1101 1320 patres
1134 1263 1384 1319 conscripti,
1407 1264 1533 1315 bello,

101 1321 213 1363 bello
237 1323 424 1378 inquam,
447 1323 750 1364 decertandum
772 1332 850 1374 est,
872 1322 1000 1377 idque
1019 1320 1262 1362 confestim.
1293 1320 1533 1376 legatorum

101 1380 277 1420 tarditas
299 1381 563 1436 repudianda
591 1390 668 1422 est.
730 1380 1021 1436 Quapropter,
1042 1393 1096 1419 ne
1125 1377 1260 1418 multa
1280 1378 1405 1418 nobis
1428 1391 1533 1433 quo·
1545 1387 1597 1421 34

105 1435 210 1477 tidie
248 1437 515 1479 decernenda
553 1438 661 1480 sint:
709 1437 956 1480 consulibus
999 1444 1135 1477 totam
1172 1435 1535 1492 Torempublicam

103 1494 433 1549 permittendam
465 1510 633 1546 censeo,
656 1495 807 1551 hisque
837 1493 1211 1543 committendum,
1233 1501 1281 1533 ut
1304 1493 1537 1548 rempubli-

103 1565 199 1592 cam
237 1551 484 1603 defendant,
507 1553 861 1609 provideantque,
893 1566 946 1592 ne
981 1550 1086 1607 quid
1128 1548 1369 1605 respublica
1409 1550 1540 1591 detri-

104 1609 238 1650 menti
259 1609 467 1665 accipiat:
500 1625 752 1666 censeoque,
775 1618 822 1651 ut
851 1609 916 1660 iis,
950 1609 1022 1664 qui
1056 1608 1099 1648 in
1133 1607 1326 1648 exercitu
1358 1607 1540 1648 Antonii

105 1676 220 1717 sunt,
243 1681 296 1707 ne
321 1667 376 1707 sit
398 1681 449 1707 ea
472 1682 536 1708 res
561 1668 715 1721 fraudi,
739 1668 773 1708 si
797 1675 897 1708 ante
921 1665 1136 1708 Kalendas
1160 1664 1285 1706 Febr.
1307 1665 1362 1706 ab
1384 1679 1434 1706 eo
1456 1665 1543 1706 dis-

105 1723 324 1764 cesserint.
359 1719 362 1723 ’
386 1723 499 1765 Haec
518 1725 550 1765 si
574 1725 839 1776 censueritis,
859 1732 1000 1780 patres
1022 1722 1272 1778 conscripti,
1292 1722 1412 1762 brevi
1435 1732 1543 1762 tem-

108 1793 210 1835 pore
241 1779 481 1822 libertatem
515 1783 663 1839 populi
699 1782 903 1833 Romani,
935 1780 1322 1834 auctoritatemque
1360 1788 1542 1820 vestram

106 1838 428 1893 recuperabitis.
461 1839 526 1880 sin
547 1849 691 1881 autem
726 1839 863 1880 lenius
896 1838 1058 1894 agetis:
1102 1846 1247 1878 tamen
1282 1836 1445 1887 eadem,
1467 1835 1541 1877 sed

109 1893 290 1936 fortasse
311 1896 442 1936 serius
464 1897 717 1938 decernetis.
776 1899 814 1931 71
833 1895 900 1937 De
931 1894 1150 1952 republica
1181 1893 1297 1949 quod
1327 1894 1546 1945 retulistis,

109 1951 214 1992 satis
233 1951 470 1994 decrevisse
493 1954 652 1996 videor.

111 2081 160 2111 lia
180 2084 260 2112 tota.
305 2082 386 2115 Edd.
403 2094 451 2124 pr.
467 2083 589 2114 babent
604 2088 748 2124 proeter:
771 2084 805 2114 in

891 2083 932 2117 69
958 2083 1038 2113 sorti
1047 2081 1212 2122 fortunas
1232 2085 1362 2112 nostras
1382 2080 1544 2121 destituit]

112 2123 178 2154 fine
193 2128 294 2155 totum
308 2135 417 2157 errore
439 2126 645 2157 librariorum
667 2126 707 2156 ad
728 2126 808 2157 Gal-

851 2125 932 2155 Haec
959 2135 1034 2155 vera
1058 2124 1170 2161 lectio,
1197 2133 1295 2164 quam
1316 2128 1429 2154 tamen
1457 2133 1498 2154 ne
1523 2124 1546 2154 ii

113 2165 195 2205 liam
218 2167 439 2198 referentium.
456 2168 597 2199 alterum
620 2176 670 2199 est
692 2179 709 2198 e
728 2178 806 2199 con-

106 2208 251 2247 jectura,
271 2219 338 2240 non
360 2222 378 2241 e
401 2210 501 2241 libris.
547 2210 586 2241 In
610 2210 718 2241 Gallia
739 2220 807 2241 non

112 2254 244 2290 poterat
273 2250 417 2283 delectus
445 2253 569 2290 haberi,
593 2253 679 2293 quod
708 2254 742 2284 in
770 2263 809 2284 ea

116 2292 240 2323 bellum
254 2298 349 2325 esset.

156 2334 196 2369 67
219 2336 265 2366 ad
284 2334 439 2377 cujusque
457 2338 636 2378 opinionem
657 2337 812 2368 distribu-

114 2377 171 2416 ιω]
191 2377 381 2417 Opinionem
395 2388 472 2409 sane
487 2389 554 2409 non
573 2380 691 2420 placet.
736 2379 813 2410 Ele-

117 2423 235 2459 ganter
257 2421 293 2451 P.
316 2420 488 2451 Manutius
510 2423 692 2462 corrigebat
713 2423 812 2461 optio-

114 2471 209 2492 nem:
234 2471 363 2503 nempe,
394 2467 430 2493 ut
451 2463 585 2503 quisque
605 2465 678 2502 jam
704 2463 811 2504 optio-

118 2503 344 2542 nem-fecerit,
366 2506 459 2546 eique
486 2507 616 2547 optanti
640 2507 811 2537 attributa·

117 2545 272 2577 fortunae.

160 2588 201 2619 68
217 2587 275 2620 En
288 2589 334 2619 ad
344 2590 667 2630 quem—mittamus]
685 2591 738 2621 Sic
755 2601 814 2631 pro

120 2629 211 2661 Hem
236 2630 410 2671 legendum
437 2633 563 2672 putavi,
588 2637 622 2663 et
643 2633 689 2663 sic
711 2633 816 2673 reperi

122 2671 308 2704 Ferrarium
334 2673 368 2704 in
392 2674 482 2705 libris
506 2675 699 2713 quibusdam
725 2685 817 2714 repe-

121 2713 212 2746 risse.
258 2715 303 2745 Et
323 2715 386 2746 hoc
409 2717 551 2756 praetuli.
574 2719 646 2747 hem
670 2717 818 2757 postulat

121 2757 286 2788 mittimus
298 2757 348 2788 vel
363 2759 538 2789 mittemus.
571 2759 615 2789 Et
628 2759 699 2789 haec
713 2759 820 2790 forma

120 2802 157 2828 et
176 2798 254 2830 alibi
269 2804 319 2830 est
341 2800 426 2840 apud
449 2800 655 2837 Ciceronem,
670 2804 711 2830 ut
723 2801 818 2832 Verr.

123 2839 152 2876 1,
166 2843 218 2875 37.
262 2841 333 2878 En,
350 2843 403 2873 cm*
425 2847 495 2873 tuos
509 2844 622 2874 liberos
635 2844 820 2875 committas

121 2883 182 2914 fite.
197 2883 278 2915 item
294 2884 372 2916 alibi
385 2886 458 2916 hem
471 2890 505 2918 et
519 2895 559 2917 en
575 2885 722 2918 confusa.

849 2167 979 2206 quidem
994 2170 1081 2197 recte
1093 2166 1312 2206 explicarunt,
1325 2166 1379 2205 qui
1395 2165 1547 2196 defende·

851 2214 952 2240 runt:
977 2209 1062 2239 unde
1084 2208 1153 2246 alii,
1176 2209 1211 2239 in
1236 2207 1286 2238 his
1310 2208 1471 2245 Graevius,
1494 2209 1548 2238 de-

849 2252 985 2282 stinavit
1013 2251 1253 2292 praetulerunt:
1285 2250 1383 2281 male.
1411 2260 1442 2281 v.
1473 2250 1550 2282 Cla-

852 2304 925 2324 vem
943 2294 975 2324 in
991 2293 1025 2324 h.
1042 2304 1073 2323 v.

896 2339 936 2371 70
957 2345 1059 2376 remp.
1089 2335 1369 2375 committendam]
1401 2335 1549 2366 Graevius

854 2388 928 2409 cum
951 2379 1080 2409 faerno
1102 2377 1237 2417 aliisque
1259 2389 1277 2407 e
1298 2377 1375 2408 Vat.
1391 2386 1549 2408 commen-

853 2421 999 2452 dandam
1034 2419 1146 2451 edidit.
1198 2420 1344 2450 Verbum
1380 2420 1549 2460 proprium

854 2463 888 2493 in
903 2463 964 2493 hac
979 2473 1013 2494 re
1028 2466 1079 2493 est
1096 2463 1300 2501 permittere,
1317 2471 1383 2492 non
1406 2463 1454 2492 ita
1467 2470 1551 2491 com·

854 2507 984 2536 mittere
1007 2509 1065 2536 aut
1087 2504 1327 2535 commendare.
1372 2504 1457 2534 Puto
1481 2512 1554 2543 per-

857 2551 988 2578 mutata
1016 2557 1084 2577 esse
1114 2546 1223 2583 verba,
1253 2545 1550 2583 scribendumque:

857 2590 1040 2620 consulibus
1053 2594 1155 2620 totam
1168 2598 1272 2628 remp.
1283 2587 1554 2628 permittendam.

859 2634 969 2672 hisque
990 2631 1269 2665 committendum,
1292 2634 1330 2660 ut
1352 2631 1411 2659 &m
1432 2638 1476 2659 sc.
1500 2639 1555 2659 eo·-

859 2684 932 2705 rum
963 2673 1050 2704 fidei.
1093 2673 1171 2704 Non
1201 2671 1346 2703 dubitavi
1374 2671 1420 2701 sie
1449 2671 1554 2703 edere.

860 2716 1073 2748 Constructio
1095 2716 1307 2750 committere,
1321 2717 1373 2750 ut,
1388 2717 1437 2742 est
1454 2714 1555 2745 etiam

861 2759 896 2788 in
910 2757 1095 2789 Miloniana
1108 2768 1138 2788 c.
1151 2760 1204 2791 70.
1228 2757 1383 2789 Ceterum
1397 2765 1558 2786 commen-

860 2801 936 2831 dari
950 2804 985 2830 et
1001 2800 1202 2831 committere
1224 2799 1258 2828 in
1280 2798 1361 2829 Mss.
1378 2798 1558 2837 permutari

860 2842 1042 2879 interdum,
1054 2842 1125 2872 aliis
1135 2842 1208 2881 jam
1224 2844 1393 2871 notatum.

896 2887 933 2919 71
952 2883 1006 2917 De
1020 2893 1086 2924 rep.
1102 2884 1186 2924 quod
1199 2880 1370 2923 retulistis]
1390 2882 1463 2914 Hoc
1476 2891 1559 2924 με·
