1785 3185
453 110 798 154 PHILIPPICA
824 109 1114 152 SECUNDA.
1402 111 1501 153 1293

77 232 178 278 tege
210 217 435 269 Deiotaro,
464 216 626 273 populo
660 215 859 257 Romano
900 215 1177 266 amicissime,
1204 214 1423 258 decretum
1456 217 1500 258 in

73 277 139 319 Ca
171 275 293 317 itolio
333 274 485 315 fixum.
523 287 610 328 quo
642 273 864 329 proposito
904 286 1032 313 nemo
1073 281 1178 322 erat,
1209 273 1282 328 qui
1320 274 1365 314 in
1403 274 1499 330 ipso

74 334 130 376 do
148 346 221 375 ore
241 333 374 378 risum
395 339 540 386 posset
561 330 795 371 continere.
856 329 966 376 Quis
995 329 1110 370 enim
1131 328 1333 382 cuiquam
1355 331 1498 371 inimi·
1508 336 1559 374 94

71 390 180 442 cior,
191 403 320 444 quam
336 385 543 429 Deiotaro
558 386 732 428 Caesar?
751 400 873 441 aeque
885 397 1013 441 atque
1029 385 1130 426 huic
1143 385 1298 437 ordini,
1314 396 1359 426 ut
1372 395 1502 442 eque-

71 446 164 498 stri,
196 455 245 486 ut
274 444 633 494 Massiliensibus,
671 452 720 484 ut
754 443 968 494 omnibus,
1001 442 1156 498 quibus
1192 442 1499 497 rempublicam

71 502 217 560 populi
242 501 427 543 Romani
444 515 586 542 caram
604 515 695 541 esse
713 500 938 541 sentiebat.
962 503 1002 534 78
1017 499 1059 540 Is
1080 499 1227 555 igitur,
1246 514 1270 539 a
1285 513 1371 554 quo
1386 500 1502 551 vivo,

70 574 151 602 nec
180 573 383 615 praesens,
413 572 493 599 nec
522 558 673 599 absens
698 557 931 612 quidquam
963 557 1075 612 aequi
1109 555 1210 598 boni
1239 555 1502 611 impetravit,

73 616 188 674 apud
209 625 426 658 mortuum
448 614 587 656 factus
608 624 672 655 est
693 615 921 670 gratiosus.
974 612 1264 669 Compellarat
1284 612 1501 668 hospitem

69 687 273 730 praesens,
296 680 581 728 computarat,
604 672 828 728 pecuniam
850 671 1094 727 imperarat,
1115 673 1155 704 79
1169 670 1213 710 in
1234 669 1326 725 ejus
1351 679 1502 711 tetras-

69 730 214 772 chiam
255 745 310 771 ex
354 729 520 771 Graecis
557 728 788 770 comitibus
824 728 909 768 suis
948 727 1202 768 collocarat:
1249 726 1500 768 Armeniam

74 787 308 829 abstulerat
345 802 370 828 a
411 795 559 827 senatu
596 785 755 826 datam.
817 784 929 825 Haec
962 785 1081 824 vivus
1111 783 1285 838 eripuit,
1316 784 1501 825 reddidit

74 856 285 886 mortuus.
334 843 395 884 At
416 843 572 897 quibus
594 842 762 883 verbis?
793 842 922 882 modo
945 855 1114 896 aequum
1139 841 1221 881 sibi
1239 841 1388 892 videri,
1411 855 1500 881 mo·
1513 848 1562 886 95

72 901 130 943 (10
158 916 246 943 non
276 899 486 955 iniquum.
517 898 625 939 mira
655 899 881 939 verborum
912 897 1172 954 complexio.
1204 908 1248 939 at
1280 897 1349 938 ille
1379 911 1506 938 num·-

74 972 205 1014 quam
245 960 486 1012 80(semper
521 956 636 996 enim
669 956 835 996 absenti
870 955 973 996 affui
1014 954 1241 1005 Deiotaro)
1273 956 1506 1010 quicquam

75 1015 173 1066 sibi,
203 1015 319 1070 quod
351 1028 428 1054 nos
463 1027 540 1069 pro
570 1012 642 1053 illo
676 1012 1001 1068 postularemus,
1025 1026 1196 1067 aequum
1217 1012 1331 1052 dixit
1353 1012 1504 1053 videri.

77 1070 335 1128 Syngrapha
357 1070 456 1112 H-S
478 1070 639 1111 centies
662 1084 737 1125 per
764 1069 944 1125 legatOS,
967 1069 1081 1111 viros
1107 1070 1254 1119 bonos,
1284 1069 1357 1110 sed
1388 1069 1506 1109 timi-

73 1129 152 1170 dos
180 1137 225 1170 et
258 1128 495 1184 imperitOS,
526 1127 670 1167 81sine
701 1135 860 1178 nostra,
889 1127 980 1167 sine
1003 1126 1261 1181 reliquorum
1283 1125 1504 1182 hospitum

74 1185 187 1242 regis
209 1185 434 1235 sententia,
457 1183 572 1225 facta
593 1184 636 1224 in
660 1197 888 1239 gynaeceo:
920 1198 1006 1238 quo
1037 1184 1079 1223 in
1103 1183 1198 1224 loco
1220 1183 1416 1239 plurimae
1438 1197 1502 1224 res

76 1243 261 1293 veniere,
299 1252 343 1283 et
373 1252 575 1282 veneunt.
610 1256 695 1295 qua
726 1255 780 1281 ex
813 1240 1060 1296 syngrapha
1091 1240 1194 1295 quid
1227 1240 1283 1280 sis
1316 1250 1504 1292 acturus,

77 1300 284 1341 meditere
312 1313 480 1341 censeo.
543 1297 639 1338 Rex
672 1298 786 1339 enim
817 1298 908 1354 ipse
938 1313 1013 1338 sua
1035 1306 1203 1353 sponte,
1231 1296 1357 1338 nullis
1386 1312 1506 1338 com-

75 1356 297 1404 mentariis
328 1355 526 1407 Caesaris,
559 1355 685 1396 simul
712 1365 840 1410 atque
862 1355 1027 1396 audivit
1047 1355 1139 1409 ejus
1168 1355 1404 1405 interitum,
1427 1369 1504 1395 suo

77 1413 226 1455 Biarte
259 1428 324 1454 res
363 1428 458 1454 suas
497 1412 777 1468 recuperavit.
839 1412 1013 1453 Sciebat
1049 1412 1180 1452 horno
1212 1413 1395 1468 sapiens,
1429 1411 1567 1467 juso&

80 1484 248 1527 semper
263 1471 348 1512 hoc
367 1469 510 1520 fuisse,
534 1481 594 1519 ut,
616 1484 712 1524 quae
735 1469 903 1524 tyranni
925 1469 1194 1524 eripuissent,
1225 1483 1291 1520 ea,
1313 1469 1506 1526 tyrannis

77 1527 331 1578 interfectis,
362 1527 408 1577 ii,
439 1527 594 1582 quibus
625 1536 771 1582 erepta
801 1535 960 1577 essent,-
990 1535 1302 1582 recuperarent.
1364 1525 1506 1566 Nemo

75 1584 560 1642 igiturjureconsultus‚
583 1598 636 1625 ne
659 1584 738 1624 iste
759 1584 947 1638 quidem,
969 1584 1042 1638 qui
1065 1586 1104 1614 32
1120 1583 1198 1623 tibi
1222 1582 1294 1623 uni
1309 1582 1508 1637 estjure-

75 1642 312 1692 consultus,
345 1655 420 1697 per
453 1655 581 1696 quem
612 1641 706 1681 haec
738 1642 845 1696 agis,
879 1655 933 1681 ex
970 1641 1051 1681 ista
1084 1639 1330 1696 syngrapha
1361 1639 1507 1681 deberi

75 1699 183 1741 dicit
204 1713 281 1754 pro
303 1698 355 1739 iis
377 1698 517 1749 rebus,
535 1713 632 1753 quae
654 1708 775 1738 erant
796 1708 895 1738 ante
917 1698 1207 1754 syngrapham
1227 1706 1506 1752 recuparatae.

74 1770 164 1798 non
185 1756 299 1797 enim
316 1771 341 1796 a
359 1765 400 1795 te
422 1755 546 1796 emit:
571 1755 643 1795 sed
663 1755 794 1810 prius,
816 1769 944 1810 quam
968 1765 1013 1795 tu
1037 1769 1157 1795 suum
1182 1754 1263 1794 sibi
1288 1754 1506 1804 venderes,

76 1812 170 1870 ipse
189 1812 394 1870 possedit.
455 1812 531 1853 Ille
555 1813 617 1852 vir
639 1812 746 1853 fuit:
779 1827 854 1853 nos
877 1813 1051 1867 quidem
1082 1811 1400 1862 contemnendi,
1431 1811 1505 1866 qui

77 1879 296 1911 auctorem
324 1869 506 1920 odimus,
528 1879 626 1910 acta
645 1868 929 1910 defendimus.
968 1869 1084 1916 Quid
1108 1884 1190 1925 ego
1212 1869 1264 1909 de
1285 1882 1504 1909 commen·
1517 1867 1588 1917 38

77 1927 196 1968 tariis
213 1926 407 1977 infinitis,
426 1926 529 1980 quid
548 1926 601 1967 de
618 1926 998 1968 innumerabilibus
1017 1925 1316 1982 chirographis
1330 1925 1478 1980 loquar
1492 1928 1505 1967 ?
1518 1941 1568 1979 97

75 1998 261 2039 quorum
279 1982 408 2024 etiam
425 1983 662 2024 imitatores
681 1993 794 2033 sunt,
813 1984 885 2039 qui
905 1997 969 2035 ea,
983 1992 1200 2038 tamquam
1220 1982 1508 2038 gladiatorum

77 2040 260 2091 libellos,
299 2039 440 2096 palam
471 2040 708 2082 venditent.
768 2040 922 2096 Itaque
957 2040 1065 2081 tanti
1103 2041 1243 2081 acervi
1279 2053 1507 2080 numorum

78 2098 194 2155 apud
215 2098 347 2139 istum
369 2106 689 2149 construuntur,
719 2107 768 2139 ut
788 2098 882 2153 jam
905 2096 1217 2153 appendantur,
1248 2111 1334 2138 non
1363 2110 1512 2138 nume-

121 2213 162 2245 '78
185 2210 221 2242 Is
243 2210 364 2250 igitur,
378 2211 486 2251 aquo]
514 2210 578 2243 Hic
593 2212 711 2242 vitium
726 2211 776 2242 in·

79 2258 142 2284 est.
175 2262 255 2283 nam
285 2254 488 2284 constructio
527 2263 595 2284 non
635 2259 775 2285 constat.

818 2211 883 2243 alia
898 2210 1048 2251 exempla
1061 2209 1181 2241 similia
1196 2220 1216 2241 a
1227 2208 1319 2240 nobis
1332 2209 1511 2241 observata.

818 2253 1058 2292 Intelligendus
1074 2255 1185 2283 autem
1200 2252 1413 2283 Mithridates
1429 2252 1514 2283 Per-

81 2295 230 2326 Graevius
252 2305 270 2326 e
297 2295 363 2327 ΜΞ.
387 2295 466 2326 Vat.
489 2300 623 2327 auctore
650 2296 776 2326 Faerno
816 2305 989 2335 gamenus.
1011 2294 1051 2325 de
1079 2305 1113 2325 re
1141 2294 1206 2325 vid.
1239 2291 1330 2325 Hirt.
1356 2295 1398 2325 Β.
1422 2294 1515 2325 Alex.

79 2336 204 2368 edidit:
244 2338 371 2377 ligitur,
409 2348 430 2368 a
459 2339 691 2378 quo—absens
719 2348 778 2369 rex

80 2378 263 2412 Deiotarus
286 2380 345 2411 διο.
390 2380 452 2410 Sed
473 2390 515 2411 ne
540 2381 586 2411 sic
609 2390 706 2412 sanus
730 2381 778 2411 lo-

82 2430 151 2452 cuS.
193 2421 336 2453 Deberet
360 2431 430 2452 esse
453 2422 568 2453 deinde
590 2423 681 2463 apud
702 2433 777 2454 eum

81 2466 262 2494 mor-tuum.
322 2463 460 2495 Videtur
497 2464 694 2504 legendum:
744 2465 780 2496 Is

83 2505 203 2544 igitur,
217 2507 274 2546 qui
293 2514 316 2536 a
334 2507 407 2536 vivo
422 2507 482 2538 διε.
525 2506 580 2537 Ita
599 2508 711 2538 omnia
723 2507 780 2538 be-

85 2555 127 2578 ne
141 2553 309 2578 constant.
351 2548 433 2579 Mox
452 2551 535 2589 oequi
556 2550 627 2580 boni
639 2550 710 2580 sine
725 2559 779 2580 co-

81 2588 163 2630 pula
175 2593 227 2620 est
245 2599 265 2620 e
291 2589 439 2620 formulis
447 2591 660 2631 judiciorum,
675 2601 778 2632 quan-

84 2635 159 2662 tum
172 2631 295 2672 aquius
316 2633 441 2662 melius.
485 2633 583 2664 Forte
595 2639 632 2664 et
644 2644 702 2674 pro
716 2635 779 2664 im-

80 2675 228 2713 petravit
253 2673 429 2713 leg-endum
458 2675 666 2715 impetrarat.
701 2685 780 2707 nam

85 2714 151 2747 hoc
164 2720 296 2756 tempus
309 2720 360 2746 est
373 2720 407 2746 et
422 2717 456 2746 in
470 2726 557 2757 seqq.

129 2760 171 2791 79
191 2757 228 2787 in
239 2757 310 2798 ejus
327 2760 556 2800 tetrarchiam]
583 2759 610 2790 E
625 2760 689 2791 Ms.
704 2759 781 2790 Vat.

87 2798 233 2839 vestig-iis
258 2799 383 2830 editum
409 2806 459 2830 est
482 2802 518 2831 in
543 2812 571 2833 e.
600 2802 782 2833 tetrarchia

87 2848 194 2872 unum
225 2843 283 2872 διο.
336 2841 399 2872 Sed
427 2852 532 2873 unum
556 2845 666 2875 abesse
693 2854 782 2875 com-

90 2882 185 2914 mode
199 2887 309 2923 potest
326 2891 360 2914 et
383 2884 537 2925 intelligi.
581 2887 728 2926 suntque
747 2890 782 2916 et

150 2938 268 2968 vo1..
294 2939 350 2968 11.
373 2940 414 2968 P.
440 2940 495 2969 11.

819 2342 902 2369 extr.
934 2337 1020 2367 Eum
1036 2336 1205 2367 dominum
1221 2336 1300 2367 fecit
1313 2336 1513 2368 tetrarchiae.

821 2381 874 2411 Sic
887 2381 1041 2410 collocare
1056 2388 1165 2410 rursus
1181 2389 1212 2410 c.
1229 2381 1280 2412 39.

863 2425 904 2454 80
924 2431 1050 2463 semper
1070 2419 1158 2462 qffiui
1183 2420 1276 2461 Delu]
1304 2421 1325 2450 i.
1344 2423 1415 2460 ejus
1441 2430 1515 2451 cau·

821 2474 890 2494 sam
909 2465 962 2503 egi
989 2463 1076 2505 apud
1103 2463 1264 2494 Caesarem
1286 2463 1422 2494 absente
1448 2463 1515 2493 De·

821 2507 940 2537 iotaro.

863 2551 900 2579 81
925 2549 993 2579 sine
1009 2547 1113 2586 Serta]
1140 2547 1233 2578 Sexti
1245 2550 1295 2576 est
1309 2557 1327 2576 e
1346 2548 1517 2585 conjectu·

823 2600 859 2621 ra
882 2591 1026 2631 speciosa
1052 2589 1204 2625 Ferrarii,
1229 2599 1269 2619 ex
1294 2599 1346 2628 ep.
1373 2589 1415 2619 ad
1441 2590 1514 2619 Att.

821 2632 883 2663 Sed
914 2638 973 2663 nos
1001 2630 1207 2672 praetulimus
1235 2630 1411 2671 lectionem
1450 2630 1513 2660 Ms.

821 2675 898 2705 Vat.
913 2676 982 2705 sine
996 2678 1118 2710 nostra,
1139 2680 1177 2703 ut
1199 2674 1232 2702 et
1257 2672 1403 2702 Graevius
1428 2672 1516 2702 fecit.

824 2717 905 2747 Edd.
926 2727 973 2757 pr.
989 2717 1058 2746 sine
1072 2725 1144 2745 sua.

866 2762 905 2790 82
928 2759 986 2789 tibi
1005 2759 1125 2788 wziest
1137 2755 1260 2795 JCaeus]
1292 2754 1402 2786 intell.
1429 2754 1516 2786 Sext.

823 2801 989 2837 Clodium,
1005 2800 1045 2830 de
1068 2809 1132 2838 quo
1154 2807 1263 2838 supra.
1307 2797 1398 2830 Infra
1422 2799 1519 2829 vecu-

822 2843 954 2882 galibus
966 2842 1056 2876 abest
1071 2841 1161 2874 Leid.
1179 2840 1222 2872 H.
1238 2840 1332 2872 bene.

766 2934 845 2970 41»
