1812 3147
393 108 501 146 PRO
539 108 698 146 DOMO
724 109 826 147 SUA
851 108 925 147 AD
951 109 1156 147 PONTIF,
1421 114 1497 150 845

67 219 134 253 tus
156 211 451 267 improborum
473 226 524 253 ac
542 211 842 253 sceleratorum
855 212 1015 253 civium
1031 210 1230 267 praesidio
1249 212 1423 264 nudare,
1441 229 1496 255 an

66 268 197 310 etiam
215 268 392 310 deorum
414 269 720 310 immortalium
742 269 948 325 religione
963 282 1126 310 armare
1147 267 1320 310 malitis.
1380 271 1497 312 Nam

67 325 101 366 si
120 325 191 367 illa
211 325 326 366 labes
348 341 398 368 ac
420 327 594 367 flamma
614 326 878 382 reipublicae‚
901 340 1024 367 suum
1042 325 1160 366 illum
1180 326 1430 380 pestiferum
1453 337 1496 368 et

59 380 277 424 funestum
315 384 598 434 tribunatum,
635 397 763 439 quem
794 383 998 438 aequitate
1028 381 1216 423 humana
1252 384 1360 424 tueri
1406 399 1494 426 non

0 488 1 495 ἵ
61 448 220 496 potest,
241 439 388 481 divina
416 441 623 497 religione
654 440 916 482 defenderit:
949 440 1043 482 aliae
1068 440 1336 487 caeremoniae
1368 442 1494 482 nobis

0 498 1 543 Ῑ
63 496 202 548 erunt,
224 496 295 537 alii
325 498 538 538 antistites
573 498 751 539 deorum
790 497 1112 547 immortalium,
1134 495 1205 537 alii
1239 497 1493 553 interpretes

0 598 1 601 Ἴ
61 552 317 610 religionum
340 555 597 610 requirendi.
620 555 684 596 sin
711 564 853 596 autem
888 564 1026 596 vestra
1046 554 1304 595 auctoritate
1325 555 1493 610 sapien-

0 611 2 666 ζ
62 610 220 666 tiaque,
243 612 485 668 pontifices,
507 627 570 663 ea,
592 627 689 668 quae
712 612 855 653 furore
875 612 1170 668 improborum
1190 611 1232 651 in
1255 612 1491 668 republica,

63 667 117 709 ab
149 668 242 709 aliis
271 683 489 725 oppressa,
518 670 573 711 ab
606 670 698 710 aliis
733 670 914 720 deserta,
936 670 989 710 ab
1023 668 1115 709 aliis
1153 669 1336 723 prodita,
1371 680 1492 725 gesta

63 733 176 776 sunt,
197 727 555 769 4rescinduntur:
587 728 669 768 erit
689 741 832 777 causa,
854 741 930 768 cur
960 725 1186 767 consilium
1211 726 1423 781 majorum
1446 727 1491 768 in

61 782 332 838 amplissimis
367 785 467 825 viris
496 784 557 825 ad'
577 784 813 825 sacerdotia
845 783 1097 839 deligendiS,
1124 782 1224 838 jure
1253 798 1303 824 ac
1335 784 1489 825 merito

59 838 231 881 laudare
263 841 489 896 possimus.
549 841 648 892 Sed,
673 841 878 897 quoniam
913 841 984 881 ille
1015 840 1204 890 demens,
1235 841 1268 880 si
1302 854 1366 892 ea,
1389 846 1522 896 quae3

59 911 141 953 ego
163 911 239 953 per
259 896 337 938 hos
359 898 448 940 dies
471 899 515 940 in
544 909 693 940 senatu
723 898 776 939 de
796 897 1016 954 republica
1046 897 1171 948 sensi,
1191 898 1488 953 vituperasset,

59 954 242 1010 aliquem
266 969 309 995 se
327 956 491 996 aditum
513 957 565 997 ad
587 970 708 997 aures
731 966 890 997 vestras
911 969 1002 995 esse
1023 954 1271 995 habiturum
1290 955 1459 1011 putavit
1475 972 1484 997 :
1498 971 1528 1003 b.

56 1013 77 1042 ⁵
99 1011 297 1057 omittam
329 1013 522 1054 ordinem
561 1013 728 1056 dicendi
773 1027 940 1054 meum:
986 1012 1254 1068 respondebo
1298 1012 1487 1053 hominis

57 1066 207 1110 furiosi
237 1083 324 1110 non
356 1071 557 1121 orationi,
590 1085 675 1126 qua
695 1069 764 1110 ille
786 1070 848 1110 uti
880 1085 967 1111 non
999 1077 1156 1124 potest,
1179 1069 1248 1110 sed
1271 1070 1487 1122 convicio,

56 1124 78 1156 ⁶
97 1126 165 1182 cuj
175 1141 220 1167 us
261 1128 615 1170 exercitationem
659 1141 759 1169 cum
800 1126 1059 1168 intolerabili
1101 1126 1353 1182 petulantia,
1394 1137 1486 1169 tum

55 1182 184 1224 etiam
201 1183 403 1225 diuturna
423 1185 680 1241 impunitate
701 1184 901 1225 munivit.

113 1240 180 1282 Ac
201 1241 387 1298 primum
407 1242 510 1289 illud
528 1257 553 1283 a
576 1252 631 1293 te,
653 1242 830 1283 homine
852 1255 1008 1282 vesano
1028 1255 1077 1282 ac
1100 1239 1277 1292 furioso,
1300 1241 1484 1298 requiro,
1499 1243 1529 1290 2

55 1311 153 1352 quae
176 1307 218 1340 te
240 1307 359 1340 tanta
379 1314 513 1356 poena
539 1310 708 1341 tuorum
731 1298 935 1340 scelerum
970 1298 1321 1353 flagitiorumque
1341 1308 1485 1351 vexet,

58 1363 107 1395 ut
128 1354 206 1396 hos
236 1355 339 1397 tales
377 1357 503 1407 viros,
522 1357 595 1412 qui
630 1368 715 1397 non
746 1356 884 1397 solum
907 1355 1096 1397 consiliis
1128 1356 1228 1406 suis,
1252 1356 1325 1397 sed
1354 1357 1485 1398 etiam

57 1413 200 1467 specie
232 1412 324 1468 ipsa
356 1414 612 1470 dignitatem
638 1414 886 1470 reipublicae
924 1412 1151 1464 sustinent,
1181 1413 1297 1467 quod
1327 1427 1409 1470 ego
1441 1415 1486 1455 in

57 1470 271 1511 sententia
299 1470 481 1512 dicenda
511 1471 690 1517 salutem
709 1471 884 1519 ‚civium
912 1485 1010 1511 cum
1044 1469 1207 1510 honore
1242 1469 1323 1511 Cn.
1355 1471 1486 1512 Pom-

55 1527 142 1581 peii
164 1526 480 1582 conjunxerim,
502 1528 608 1569 mihi
639 1542 730 1569 esse
754 1527 899 1578 iratos,
921 1536 964 1568 et
995 1526 1110 1567 aliud
1138 1527 1191 1567 de
1212 1542 1379 1569 sumina
1401 1528 1486 1570 hoc

56 1592 250 1640 tempore
270 1585 477 1641 religione
510 1599 721 1636 sensuros,
744 1600 794 1626 ac
822 1599 889 1626 me
921 1585 1098 1625 absente
1118 1585 1341 1636 senserint,
1371 1586 1484 1626 arbi-

54 1648 178 1681 trere.
230 1644 248 1675 7
264 1640 400 1683 Fuisti
440 1652 502 1693 tu,
535 1643 690 1698 inquit,
723 1642 838 1698 apud
879 1641 1106 1698 pontifices
1145 1642 1360 1697 superior:
1410 1642 1518 1684 sed4

45 1696 155 1752 jam,
176 1699 378 1753 quoniam
401 1714 443 1741 te
463 1699 517 1741 ad
539 1699 747 1756 populum
768 1699 1006 1750 contulisti,
1020 1699 1076 1739 sis
1097 1698 1290 1750 inferior,
1311 1714 1484 1741 necesse

52 1765 130 1795 est.
170 1754 293 1796 Itane
316 1760 441 1799 vero?
472 1757 588 1812 quod
611 1758 654 1798 in
681 1757 882 1813 imperita
911 1755 1188 1797 multitudine
1210 1766 1276 1797 est
1297 1757 1484 1798 vitiosis-

55 1811 225 1863 simum,
239 1814 420 1855 varietas
446 1824 488 1855 et
511 1814 814 1865 inconstantia,
836 1825 879 1854 et
899 1815 1063 1864 crebra,
1086 1822 1306 1869 tamquam
1322 1823 1484 1870 tempe-

54 1878 228 1920 statum,
242 1871 314 1911 sic
340 1872 662 1923 sententiarum,
687 1871 986 1923 commutatio,
1005 1870 1090 1911 hoc
1114 1879 1159 1911 tu
1176 1871 1230 1911 ad
1248 1871 1326 1911 hos
1345 1881 1482 1912 trans-

49 1924 174 1976 feras,
197 1941 304 1982 quos
325 1929 379 1969 ab
405 1929 696 1970 inconstantia
728 1929 932 1985 gravitaS,
955 1943 980 1969 a
1010 1927 1241 1969 libidinosa
1271 1929 1484 1969 sententia

49 1992 215 2024 certum
248 1993 291 2025 et
319 1985 543 2027 definitum
559 1986 633 2041 jus
665 1986 936 2041 religionum,
958 1994 1147 2026 vetustas
1170 1985 1481 2041 exemplorum,

47 2041 279 2082 auctoritas
301 2041 538 2084 litterarum
559 2053 1022 2098 monumentorumque
1045 2043 1262 2084 deterret?
1294 2041 1416 2083 Tune
1437 2057 1480 2083 es

50 2096 132 2149 ille,
154 2097 309 2153 inquit,
341 2114 427 2155 quo
459 2110 629 2141 senatus
650 2115 793 2141 carere
824 2115 908 2141 non
934 2099 1103 2156 potuit?
1133 2113 1262 2154 quem
1284 2100 1386 2140 boni
1418 2099 1482 2140 lu-

51 2156 235 2198 xerunt?
267 2171 393 2212 quem
415 2158 658 2214 respublica
677 2157 961 2200 desideravit?
993 2172 1079 2213 quo
1111 2157 1326 2208 restituto,
1360 2171 1481 2198 sena-

87 2292 109 2322 4
128 2291 372 2332 rescindunmr]
396 2293 625 2333 Pantagathus
639 2293 740 2323 corri-

49 2333 145 2372 gebat
156 2335 399 2365 rescindentur:
421 2335 534 2366 malim
555 2336 740 2366 rescindan-

48 2379 124 2405 tur.-
144 2376 317 2417 respondet
334 2378 425 2408 enim
447 2380 489 2419 τῷ
503 2377 683 2419 defenderit
705 2378 740 2408 in

45 2417 322 2450 antecedentibus».

87 2461 106 2490 5
127 2461 276 2492 omittam
288 2462 433 2492 ordinem
455 2463 487 2493 α’.
503 2461 626 2501 meum]
651 2462 741 2492 Grae-

41 2500 112 2532 vius
133 2502 234 2534 tacite
255 2503 379 2534 addidit
402 2514 477 2542 non,
505 2504 593 2543 quod
614 2509 648 2535 et
670 2504 734 2534 Ms.

44 2542 228 2575 Gu.habet.
267 2545 432 2577 Neutrum
447 2546 607 2586 intelligo.
650 2546 738 2586 Quid

45 2589 95 2615 aet
107 2585 182 2616 ordo
194 2587 319 2618 dicendi
335 2589 448 2620 meus?
469 2589 609 2620 Videtur
630 2588 736 2619 dicere

43 2626 139 2664 velle,
154 2636 188 2658 se
202 2629 406 2661 deserturum
429 2632 587 2662 usitatam
602 2630 662 2660 sibi
686 2641 736 2662 ra-

43 2669 169 2700 tionem
178 2669 317 2707 dicendi,
331 2681 405 2711 quae
416 2678 512 2710 esset,
526 2682 594 2704 non
603 2682 736 2713 respon-

29 2709 121 2741 'dere
141 2711 333 2749 maledictis,
358 2714 413 2744 sed
433 2715 541 2752 rebus,
562 2724 737 2754 argumen-

46 2752 110 2790 tis3
133 2753 217 2792 quod
231 2755 362 2786 Clodius
386 2756 434 2787 nil
453 2762 572 2797 praeter
591 2758 738 2788 convicia

43 2794 229 2834 protulerit.
270 2790 322 2828 An
337 2798 418 2829 fuit:
443 2800 592 2830 omittam
608 2809 738 2831 consue·

104 2850 277 2879 voL.11.
303 2853 343 2882 P.
360 2854 414 2882 11.

783 2292 931 2323 tudinem
945 2292 1072 2322 dicendi
1086 2301 1204 2322 meam.

825 2335 844 2365 6
880 2333 974 2375 eujus
998 2333 1476 2374 exercitationem—munivit]

785 2377 857 2408 Hoc
873 2386 941 2407 non
953 2376 1122 2416 intelligo:
1148 2386 1207 2406 nec
1230 2376 1338 2416 placet
1359 2378 1480 2407 exerci-

783 2420 916 2451 tationis
936 2419 1084 2455 verbum,
1099 2418 1186 2457 quod
1208 2427 1275 2448 non
1297 2418 1379 2448 bene
1402 2428 1479 2448 con-

783 2463 874 2492 venit
888 2461 947 2498 rei,
961 2465 995 2492 et
1013 2465 1062 2491 est
1083 2461 1180 2490 nimis
1196 2460 1269 2490 lene
1283 2470 1341 2500 pro
1358 2471 1392 2491 re
1406 2461 1478 2492 tali.

779 2504 827 2534 Et
852 2504 986 2534 verbum
1009 2503 1178 2533 muniendi
1202 2502 1300 2544 plane
1324 2508 1374 2533 est
1401 2503 1479 2533 alie·

779 2555 872 2577 num.
1201 2548 1206 2553 ’

821 2592 839 2623 7
864 2586 970 2620 Fuisti
994 2587 1044 2627 tu]
1071 2585 1308 2618 Hotomannus
1331 2587 1477 2619 malebat

778 2634 869 2661 tum.-
892 2635 993 2666 recte,
1009 2635 1048 2660 ut
1058 2629 1196 2668 opinor;
1220 2630 1373 2669 quoniam
1386 2634 1418 2660 te
1431 2629 1478 2659 ad

771 2673 933 2713 populum
954 2672 1131 2708 contulisti,
1154 2672 1300 2711 pertinet
1327 2671 1368 2701 ad
1402 2680 1476 2701 sen-

778 2715 919 2745 tentiam
935 2713 1115 2753 Ciceronis,
1130 2713 1169 2744 de
1191 2713 1406 2744 frumentaria
1420 2723 1476 2743 cu-

779 2757 907 2787 ratione
921 2756 1079 2796 Pompeio
1105 2755 1303 2791 mandanda,
1320 2755 1405 2794 quod
1420 2765 1480 2796 po·

778 2797 877 2838 pulus
893 2797 1034 2829 volebat.

776 2846 853 2883 ΒΚ
