1785 3185
300 116 399 150 1180
896 111 1143 152 ORATIO

305 227 521 277 timemus,
553 225 626 267 sed
661 232 769 277 tuaS,
793 225 873 268 Cn.
899 226 1096 283 Pompei,
1125 232 1188 275 (te
1220 228 1333 270 enim
1364 226 1458 284 jam
1493 228 1659 286 appello
1692 243 1743 271 ea

305 298 426 335 voce,
455 292 504 324 ut
534 297 601 324 me
631 284 776 324 audire
807 285 977 339 possis)
1000 294 1108 335 tuas,
1132 295 1239 337 tuas,
1262 287 1451 341 inquam,
1477 287 1741 342 suspiciones

306 340 684 396 perhorrescimus,
755 340 800 381 Si
834 341 1046 383 Milonem
1078 342 1216 393 times,
1247 342 1281 383 si
1316 343 1434 384 hune
1465 343 1518 384 de
1551 353 1624 385 tua
1654 344 1743 384 vita

306 397 468 439 nefarie
501 407 575 439 aut
607 411 720 438 nunc
749 399 954 453 cogitare,
986 410 1059 438 aut
1093 399 1289 440 molitum
1322 399 1550 455 aliquando
1581 400 1737 455 aliquid

307 463 457 509 putas:
506 455 539 495 si
583 454 720 495 Italiae
762 455 963 503 delectus,
1007 463 1055 495 ut
1097 456 1288 497 nonnulli
1323 458 1634 511 conquisitores
1678 457 1739 497 tui

261 512 294 544 b·
308 512 523 562 dictitant,
546 511 578 551 si
612 510 706 552 haec
736 526 866 561 arma,
889 511 922 551 si
945 509 1205 566 Capitolinae
1234 512 1447 563 cohortes,
1470 514 1502 553 si
1526 514 1739 562 exeubiae,

306 570 340 609 si
364 568 536 624 vigiliae,
561 568 593 607 si
616 567 777 607 delecta
796 568 1017 620 juventus,
1040 582 1135 622 quae
1158 578 1281 609 tuum
1303 584 1457 624 corpus
1479 570 1740 624 domumque

303 626 506 675 custodit,
535 634 685 665 eontra
728 624 906 664 Milonis
945 624 1152 679 impetum
1188 637 1350 666 armata
1387 636 1465 675 est,
1499 636 1626 680 atque
1670 626 1739 667 illa

302 684 447 724 omnia
469 683 510 722 in
536 682 650 721 huuc
670 695 798 721 uuum
823 681 1031 731 instituta,
1055 689 1215 736 parata,
1239 682 1404 722 intenta
1426 692 1548 723 sunt:
1583 697 1738 738 magna

301 740 346 780 in
368 740 450 780 hoc
472 749 586 780 certe
618 738 694 787 vis,
726 749 769 778 et
797 737 1058 778 incredibilis
1090 738 1271 789 animus,
1302 748 1346 779 et
1382 753 1466 779 non
1499 739 1623 779 unius
1659 740 1736 780 viri

301 797 412 837 vires
449 806 575 849 atque
606 809 708 849 opes
739 794 995 844 indicantur,
1025 795 1058 835 si
1092 795 1265 849 quidem
1300 796 1341 836 in
1384 795 1496 835 hune
1534 810 1663 836 unum
1695 806 1739 836 et

303 852 681 909 praestantissimus
703 851 790 891 dux
814 850 987 901 electus,
1009 862 1052 891 et
1082 862 1172 892 tota
1206 852 1444 908 respublica
1474 862 1637 893 armata
1657 862 1736 893 est.

242 914 292 948 68
306 910 389 951 Sed
408 910 502 964 quis
531 923 616 949 non
649 908 864 962 intelligit,
882 922 1029 948 omnes
1061 909 1139 948 tibi
1169 909 1413 965 reipublieae
1439 919 1577 964 partes
1600 923 1735 965 aegras

303 976 348 1008 et
375 966 581 1015 labantes,
613 974 660 1005 ut
692 979 760 1004 eas
796 965 859 1004 his
892 964 1019 1004 armis
1054 979 1220 1006 sanares
1256 975 1299 1006 et
1332 966 1620 1016 confirmares,
1647 980 1738 1006 esse

300 1024 578 1065 commissas?
613 1021 778 1067 Quodsi
814 1021 971 1062 Miloni
1013 1022 1130 1062 loeus
1167 1023 1290 1064 datus
1331 1033 1465 1073 esset3
1515 1024 1737 1079 probasset

300 1081 496 1136 profecto
539 1079 617 1119 tibi
662 1078 758 1133 ipsi,
800 1079 1012 1119 neminem
1066 1093 1268 1134 umquam
1310 1079 1529 1120 homiuem
1570 1079 1735 1120 homini

299 1138 506 1178 cariorem
528 1135 672 1185 fuisse,
692 1150 819 1189 quam
851 1146 891 1176 te
922 1136 1028 1177 sibi:
1061 1135 1221 1176 nullum
1257 1151 1300 1177 se
1332 1151 1533 1191 umquam
1569 1137 1736 1192 pericu-

298 1194 389 1236 lum
412 1208 487 1249 pro
511 1202 584 1234 tua
604 1192 815 1248 dignitate
834 1192 1017 1248 fugisse:
1050 1207 1148 1233 eum
1172 1193 1240 1234 illa
1259 1195 1349 1248 ipsa
1369 1194 1599 1234 taeterrima
1615 1203 1735 1249 peste

299 1251 535 1307 saepissime
558 1264 633 1305 pro
658 1259 731 1290 tua
752 1249 887 1305 gloria
918 1249 1216 1290 contendisse:
1250 1251 1514 1291 tribunatum
1537 1265 1659 1291 suum
1682 1250 1733 1290 ad

299 1308 479 1349 salutem
503 1321 654 1359 meam,
679 1321 774 1361 quse
807 1306 886 1347 tibi
909 1307 1127 1347 carissima
1150 1306 1315 1357 fuisset,
1337 1307 1524 1348 consiliis
1549 1307 1632 1348 tuis
1655 1322 1734 1363 gu-

297 1366 549 1407 bernatum:
583 1379 626 1404 se.
648 1379 672 1404 a
694 1373 735 1403 te
757 1373 906 1419 postea
928 1363 1150 1404 defensum
1181 1365 1225 1404 in
1258 1364 1446 1419 periculo
1469 1364 1636 1419 capitis,
1659 1364 1734 1404 ad-

291 1423 439 1478 jutum
469 1423 512 1463 in
546 1421 756 1477 petitione
793 1431 1017 1476 praeturae:
1051 1421 1158 1462 duos
1190 1435 1233 1461 se
1263 1421 1421 1462 habere
1442 1435 1607 1477 semper
1628 1421 1734 1462 ami—

295 1480 490 1520 cissimos
521 1492 723 1534 sperasse,
748 1487 788 1518 te
822 1489 894 1518 tuo
928 1477 1154 1528 beneficio,
1175 1492 1244 1518 ine
1277 1493 1372 1519 suo.
1432 1478 1543 1525 Quae
1578 1478 1612 1518 si
1646 1492 1731 1518 non

296 1538 521 1592 probaret:
554 1536 587 1575 si
613 1535 689 1576 tibi
722 1535 781 1575 ita
810 1536 979 1590 penitus
1010 1535 1250 1576 inhaesisset
1283 1536 1364 1576 ista
1386 1536 1588 1591 suspicio,
1611 1534 1729 1576 nullo

294 1603 345 1635 ut
365 1593 485 1634 evelli
510 1592 639 1633 modo
662 1601 829 1648 posset:
862 1592 895 1632 si
931 1592 1114 1647 (lenique
1138 1591 1264 1633 Italia
1295 1607 1320 1634 a
1349 1593 1531 1642 delectu,
1554 1592 1654 1632 urbs
1678 1593 1731 1632 ab

295 1652 438 1701 armis,
461 1651 550 1690 sine
576 1649 754 1690 Milonis
776 1649 895 1690 clade
923 1663 1153 1704 numquam
1187 1659 1297 1690 esset
1327 1650 1630 1704 conquietura:
1663 1663 1730 1688 11ae

295 1709 376 1749 iste
397 1707 509 1749 haud
530 1707 730 1747 dubitans
752 1706 945 1747 cessisset
964 1706 1115 1762 patria,
1131 1706 1181 1756 is,
1195 1706 1268 1761 qui
1289 1707 1348 1746 ita
1369 1717 1494 1747 natus
1515 1715 1593 1756 est,
1609 1714 1650 1745 et
1671 1705 1731 1745 ita

296 1764 544 1814 consuevit3
576 1774 631 1814 te,
656 1763 834 1818 Magne,
851 1772 994 1804 tamen
1017 1763 1442 1818 antestaretur,quod
1465 1777 1578 1803 nunc
1599 1762 1726 1802 etiam

214 1804 417 1864 26facit.
487 1821 611 1871 Vide,
635 1835 762 1874 quam
797 1821 851 1860 sit
885 1820 999 1861 varia
1031 1820 1131 1861 vitae
1173 1820 1572 1874 commutabilisque
1605 1819 1729 1868 ratio,

235 1883 426 1935 69quam
466 1893 577 1934 vaga
618 1876 899 1932 volubilisque
941 1876 1127 1927 fortuna,
1164 1886 1337 1931 quant-<e
1377 1877 1645 1917 infidelitates
1686 1875 1727 1915 in

295 1937 459 1985 amieis,
481 1949 610 1990 quam
631 1934 683 1974 ad
708 1945 874 1989 tempus
896 1943 1008 1991 aptae
1031 1934 1336 1985 simulationes,
1358 1944 1529 1988 quautae
1554 1933 1595 1973 in
1620 1933 1730 1988 peri-

294 1994 400 2035 culis
441 1993 556 2048 fugae
594 1991 905 2047 proximorum,
946 2001 1116 2046 quantae
1162 1991 1427 2032 timiditates.
1500 1989 1606 2040 Erit,
1648 1989 1730 2029 erit

294 2051 397 2092 illud
423 2050 615 2106 profecto
639 2058 820 2103 tempus,
841 2059 885 2089 et
907 2049 1122 2089 illucescet
1147 2047 1377 2102 aliquando
1410 2046 1478 2087 ille
1500 2047 1603 2096 dies,
1626 2060 1724 2086 eum

294 2117 357 2159 tu,
380 2106 648 2155 salutaribus,
673 2117 721 2146 ut
757 2106 1043 2160 sperosrebus
1076 2104 1172 2156 tuis,
1196 2105 1268 2146 sed
1303 2104 1481 2145 fortasse
1511 2113 1629 2143 motu
1653 2102 1727 2142 ali-

294 2179 381 2219 quo
397 2163 691 2206 communium
711 2171 954 2217 temporum
973 2162 1224 2213 immutatis,
1238 2162 1330 2217 (qui
1345 2175 1471 2216 quam
1491 2161 1640 2200 erebro
1658 2174 1727 2200 ae-

294 2222 424 2272 cidat,
446 2219 613 2276 experti
645 2220 848 2260 debemus
880 2220 1021 2270 seire,)
1044 2228 1087 2259 et
1109 2219 1355 2259 amicissimi
1383 2217 1727 2265 benivolentiam,

161 2300 195 2329 p.
216 2287 338 2321 115.et
360 2276 599 2334 gravissimi
631 2276 818 2317 hominis
851 2276 994 2326 fidem,
1017 2285 1060 2316 et
1093 2277 1217 2316 unius
1250 2285 1347 2332 post
1379 2274 1571 2314 homines
1603 2282 1725 2313 natos

252 2343 282 2364 ἃ·
296 2335 517 2377 fortissimi
541 2333 618 2375 viri
646 2333 987 2387 magnitudinem
1010 2333 1142 2373 animi
1164 2333 1388 2373 desideres.
1451 2331 1725 2385 Quamquam

230 2380 387 2448 7⁰quis
423 2392 505 2432 hoe
535 2390 692 2439 eredat,
719 2389 802 2430 Cn.
826 2390 1097 2445 Pompeium,
1121 2389 1232 2444 juris
1265 2388 1441 2444 publici,
1476 2389 1605 2427 moris
1636 2401 1724 2426 ma-

283 2450 448 2506 jorum,
477 2449 533 2489 rei
568 2447 751 2501 denique
786 2447 967 2501 publicae
999 2446 1318 2502 peritissimum,
1351 2459 1448 2485 eum
1483 2454 1652 2484 senatus
1685 2444 1723 2483 ei
1783 2444 1785 2491 ζ

290 2506 567 2552 commiserit,
602 2515 648 2544 ut
688 2503 864 2554 videret,
909 2503 982 2543 NE
1029 2516 1149 2554 oum
1196 2515 1505 2544 RESPL‘BmCA
1552 2514 1723 2542 niiTm-
1781 2545 1784 2554 Α

292 2577 454 2606 ΜΕΝΤῙ
488 2574 736 2603 CAPERET:
772 2574 855 2614 quo
889 2574 971 2600 uno
1006 2559 1213 2600 versiculo
1244 2560 1345 2599 satis
1376 2558 1524 2599 armati
1559 2572 1723 2612 semper
1780 2562 1783 2592 ἶ

288 2621 482 2664 consules
517 2619 702 2667 fuerunt,
725 2617 854 2657 etiam
885 2616 1008 2657 nullis
1039 2617 1165 2657 armis
1200 2616 1333 2656 datis:
1370 2616 1482 2655 bunc
1515 2615 1721 2662 exercitu,

285 2680 402 2721 hunc
434 2676 601 2718 delectu
635 2673 984 2728 dato‚judiciu1n
1013 2682 1361 2729 exspectaturum
1396 2672 1525 2711 fuisse
1557 2673 1597 2711 iu
1631 2672 1722 2725 ejus

283 2735 473 2779 consiliis
505 2731 788 2782 vindicandis,
811 2734 850 2765 93
864 2731 935 2785 qui
971 2730 1035 2772 vel
1064 2731 1231 2786 judicia
1262 2731 1351 2785 ipsa
1386 2729 1577 2769 tolleret?
1610 2728 1721 2767 Satis
1778 2741 1780 2747 ’

302 2864 343 2897 93
360 2862 415 2901 qui
424 2857 556 2900 veljud.
568 2858 651 2898 ipsa]
664 2856 726 2888 ΜΞ,
739 2856 894 2896 ap.Crut.
907 2857 959 2895 qni
977 2854 1044 2895 cij.
1059 2856 1078 2886 i.
1095 2860 1114 2885 t.
1129 2855 1213 2893 quod
1231 2855 1347 2885 rectius
1364 2853 1694 2884 vide!›aturGrutcro.
