1769 3174
210 121 309 155 1064
803 116 1052 156 ORATIO

143 219 349 274 67aliqua
377 234 451 276 spe
482 219 776 261 delectationis
808 231 1027 278 exspecto.
1090 221 1319 279 Praegestit
1347 222 1513 264 animus
1537 221 1632 278 jam

207 277 364 328 videre,
399 277 581 332 primum
613 277 749 318 lautos
776 277 971 333 juvenes,
1005 279 1190 320 mulieris
1226 280 1359 320 beatae
1394 295 1443 321 ac
1475 279 1632 321 nobilis

206 332 462 375 familiares:
494 334 646 375 deinde
679 334 809 376 fortes
843 335 971 386 viros,
1003 336 1058 376 ab
1092 336 1360 392 imperatrice
1390 337 1432 378 in
1467 336 1633 378 insidiis

89 406 123 438 p.
141 397 191 426 52.
203 402 331 445 atque
354 391 396 432 in
425 391 624 447 praesidio
656 392 900 433 balnearum
931 393 1091 433 locatos
1113 408 1121 432 :
1153 407 1206 433 ex
1230 394 1384 448 quibus
1407 394 1633 448 requiram,

159 447 388 501 ³·quonam
423 449 552 489 modo
588 448 802 499 latuerint,
836 460 909 490 aut
944 449 1031 490 ubi.
1066 449 1263 490 alveusne
1302 450 1383 499 ille,
1416 465 1468 491 an
1498 464 1632 505 equus

198 503 410 559 Trojanus
449 505 592 556 fuerit,
624 505 697 560 qui
736 513 800 546 tot
842 505 1026 546 invictos
1063 506 1190 556 viros,
1230 506 1434 547 muliebre
1475 506 1630 547 bellum

198 571 393 617 gerentes
429 562 571 603 tulerit
604 577 652 602 ac
686 562 855 602 texerit.
917 562 1026 602 Illud
1052 575 1151 602 vero
1181 563 1435 618 respondere
1461 577 1632 619 cogam,

198 633 275 659 cur
313 629 377 659 tot
413 619 489 659 viri
526 634 575 659 ac
608 617 726 668 tales,
762 618 875 659 hunc
907 627 951 659 et
983 633 1130 669 unum,
1162 628 1205 659 et
1239 630 1322 659 tam
1354 620 1631 671 imbecillum,

199 690 326 730 quam
351 676 518 725 videtis,
541 689 626 715 non
658 684 732 715 aut
762 683 943 716 stantem
975 674 1391 731 comprehenderint,
1411 685 1486 716 aut
1516 676 1635 732 fugi-

199 741 342 773 entem
366 732 584 773 consecuti
609 732 706 772 sint.
729 733 800 787 qui
824 746 867 773 se
889 747 1121 787 numquam
1144 732 1353 788 profecto,
1376 733 1409 772 si
1434 733 1561 774 istum
1584 733 1629 774 in

197 788 340 830 locum
374 788 670 845 processerint,
692 788 999 844 explicabunt:
1031 804 1158 845 quam
1183 789 1325 830 volent
1346 789 1389 830 in
1419 790 1630 831 conviviis

197 845 342 895 faceti,
364 847 545 896 dicaces,
577 860 899 900 nonnumquam
929 846 1058 887 etiam
1089 846 1140 887 ad
1173 847 1319 887 vinum
1350 846 1494 887 diserti
1528 847 1630 888 sint.

196 903 280 943 alia
313 903 391 944 fori
416 904 477 944 vis
509 916 586 955 est,
613 903 694 943 alia
727 903 928 945 triclinii:
960 903 1042 944 alia
1072 903 1367 944 subselliorum
1398 904 1521 955 ratio,
1545 903 1629 945 alia

195 959 434 1001 lectorum:
473 975 563 1007 ,non
606 960 718 1000 idem
751 959 951 1015 judicum
991 970 1409 1015 comessatorumque
1450 975 1631 1017 conspe-

195 1027 311 1059 ctus:
334 1017 408 1058 lux
426 1017 609 1072 denique
631 1016 758 1072 longe
779 1017 862 1058 alia
881 1026 945 1058 est
966 1018 1078 1068 solis,
1099 1027 1141 1058 et
1162 1016 1429 1072 lychnorum.
1462 1017 1627 1064 Quam-

195 1075 345 1116 obrem
367 1074 636 1114 excutiemus
659 1088 805 1115 omnes
834 1074 1011 1116 istorum
1042 1074 1228 1125 delicias,
1251 1089 1397 1115 omnes
1429 1074 1627 1131 ineptiaS,

196 1131 230 1171 si
269 1131 517 1187 prodierint.
550 1131 637 1181 sed,
676 1131 710 1172 si
747 1145 816 1171 me
852 1131 1042 1182 audiant,
1081 1140 1238 1172 navent
1276 1131 1401 1172 aliam
1436 1146 1626 1188 operam,

194 1187 321 1229 aliam
352 1188 498 1228 ineant
528 1190 726 1244 gratiam,
754 1189 797 1229 in
829 1187 920 1228 aliis
952 1203 995 1229 se
1025 1189 1148 1230 rebus
1180 1196 1420 1230 ostentent:
1455 1189 1629 1244 vigeant

195 1245 310 1301 apud
352 1245 478 1285 istam
519 1245 739 1286 mulierem
783 1250 1031 1286 venustate:
1077 1245 1350 1286 dominentur
1391 1246 1626 1288 sumtibus:

195 1302 402 1352 haereant,
418 1302 609 1357 jaceant,
632 1303 896 1345 deserviant:
928 1303 1057 1359 capiti
1084 1317 1181 1344 vero
1204 1302 1443 1343 innocentis
1469 1310 1513 1342 et
1541 1302 1628 1343 for-

199 1359 315 1400 tunis
340 1368 529 1415 pareant.

117 1419 188 1474 29
256 1416 317 1457 At
348 1425 447 1457 sunt
479 1415 588 1457 servi
622 1415 696 1467 illi,
728 1416 834 1457 96de
865 1425 1148 1471 cognatorum
1175 1415 1387 1457 sententia
1415 1415 1629 1457 nobilissi-

137 1490 187 1524 68
200 1488 382 1524 morum,
412 1483 455 1514 et
483 1473 814 1514 clarissimorum
846 1472 1083 1523 hominum,
1114 1473 1378 1514 manumissi.
1437 1471 1629 1514 Tandem

198 1530 359 1585 aliquid
393 1531 649 1581 invenimus,
683 1531 798 1585 quod
830 1530 912 1571 ista
947 1530 1110 1581 mulier,
1149 1530 1200 1570 de
1240 1544 1409 1571 suorum
1452 1530 1628 1587 propin-

194 1602 392 1642 quorum,
433 1587 761 1628 fortissimorum
798 1587 998 1638 virorum,
1033 1588 1242 1628 sententia
1273 1596 1400 1642 atque
1439 1587 1625 1629 auctori·

193 1654 297 1696 tate,
331 1644 482 1685 fecisse
514 1645 695 1685 dicatur.
756 1644 840 1685 Sed
873 1644 980 1685 scire
1006 1644 1149 1699 cupio,
1182 1645 1282 1700 quid
1315 1644 1470 1684 habeat
1499 1658 1627 1700 argu-

192 1702 327 1743 menti
359 1702 441 1742 ista
471 1701 772 1743 manumissio:
807 1702 848 1742 in
871 1715 955 1756 qua
975 1711 1048 1742 aut
1070 1701 1231 1742 crimen
1253 1713 1316 1742 est
1340 1700 1483 1742 Coelio
1505 1716 1624 1756 quae·

193 1759 338 1809 situm,
361 1762 401 1792 97
415 1767 490 1800 aut
519 1759 700 1814 quaestio
732 1759 964 1809 sublevata,
987 1767 1060 1799 aut
1090 1758 1321 1799 multarum
1350 1773 1489 1799 rerum
1519 1773 1624 1799 con-

194 1816 293 1858 sciis
316 1815 446 1856 servis
468 1831 566 1857 cum
587 1831 714 1857 causa
736 1816 960 1871 praemium
984 1815 1258 1871 persolutum.
1292 1814 1351 1856 At
1375 1815 1627 1872 propinquis

192 1873 370 1929 placuit.
404 1887 480 1915 cur
512 1888 597 1914 non
640 1872 838 1930 placeret,
870 1887 968 1914 cum
1003 1887 1090 1914 rem
1124 1883 1214 1913 tute
1247 1873 1299 1914 ad
1332 1887 1404 1913 cos
1443 1887 1528 1913 non
1568 1873 1623 1913 ab

194 1930 286 1971 aliis
322 1930 399 1971 tibi
434 1930 618 1981 allatam,
647 1930 719 1971 sed
751 1945 775 1971 a
809 1939 850 1971 te
883 1931 975 1986 ipsa
1007 1938 1286 1986 compertam,
1316 1929 1480 1970 deferre
1511 1929 1627 1970 dice-

133 2009 182 2043 59
196 1990 293 2029 res?
326 1987 414 2028 Hic
439 1988 567 2028 etiam
593 1988 808 2038 miramur,
833 1988 865 2027 si
898 1987 1011 2028 illam
1043 1987 1388 2028 commenticiam
1421 1986 1627 2043 pyxidem

154 2045 525 2088 b.obscoenissima
546 2045 600 2085 sit
622 2044 765 2085 fabula
786 2047 1041 2086 consecuta?
1074 2044 1179 2085 nihil
1201 2054 1278 2094 est,
1299 2044 1414 2099 quod
1447 2045 1490 2084 in
1513 2042 1627 2097 ejus-

195 2102 311 2142 modi
349 2101 567 2142 mulierem
604 2117 690 2142 non
723 2102 872 2143 cadere
908 2101 1114 2142 videatur.
1173 2100 1335 2142 Audita
1366 2111 1409 2142 et
1441 2099 1625 2157 percele-

196 2159 317 2199 brata
339 2160 605 2200 sermonibus
628 2173 692 2200 res
714 2170 791 2200 est.
854 2158 1082 2215 Percipitis
1112 2158 1279 2209 animis,
1303 2158 1487 2213 judices,
1510 2156 1626 2212 jam-

193 2215 369 2266 dudum,
403 2216 506 2270 quid
540 2215 682 2267 velim,
716 2216 781 2257 vel
819 2216 976 2272 potius,
1010 2215 1112 2271 quid
1150 2215 1282 2256 nolim
1315 2215 1469 2255 dicere.
1508 2213 1623 2268 quod

192 2272 359 2313 etiamsi
391 2281 455 2313 est
484 2272 661 2323 factum,
684 2283 798 2314 certe
827 2289 850 2314 a
883 2272 1026 2314 Coelio
1057 2287 1142 2313 non
1173 2281 1237 2313 est
1268 2271 1443 2313 factum.
1507 2269 1625 2317 Quid

194 2331 309 2371 enim
339 2330 576 2371 attinebat?
607 2334 646 2363 98
659 2340 724 2371 est
753 2330 868 2371 enim
898 2331 952 2371 ab
976 2329 1117 2385 aliquo
1142 2328 1319 2370 fortasse
1341 2328 1624 2378 adolescente,

234 2481 277 2514 96
309 2482 347 2511 de
373 2485 585 2520 cog-natorum
613 2480 785 2520 sententia]
820 2480 885 2521 Qui
928 2488 1051 2510 omnes.
1068 2485 1102 2510 at
1123 2478 1199 2518 quid
1221 2483 1270 2509 est
1292 2479 1459 2509 sublevare
1480 2478 1624 2517 quoeseio-

193 2523 263 2554 scil.
278 2533 385 2554 servos
400 2523 457 2554 illa
472 2533 504 2553 re
519 2524 652 2554 meritos
667 2533 734 2553 esse
755 2523 882 2553 liberta·
928 2532 998 2551 nem
1013 2522 1028 2551 ι’
1044 2531 1100 2561 per
1114 2521 1313 2552 latinitatem
1327 2526 1376 2551 est
1391 2520 1553 2559 adjuvare,
1567 2523 1625 2549 aut

193 2570 262 2595 tem
278 2566 471 2605 judicarint,
490 2570 586 2604 atque
609 2565 688 2596 adeo
712 2566 888 2595 manumis-

193 2607 293 2637 sionis
315 2611 463 2638 auctores
489 2607 631 2637 fuerint:
659 2608 728 2637 sine
751 2617 888 2646 quorum

194 2650 391 2680 auctoritate
407 2650 524 2680 mulier
540 2659 605 2680 non
629 2654 758 2691 poterat
774 2659 889 2679 manu-

194 2692 337 2722 mittere.
384 2693 462 2722 Mox
485 2701 542 2732 pro
566 2693 728 2728 videatur,
749 2691 834 2731 quod
856 2697 889 2722 et

191 2732 243 2763 ed.
260 2734 313 2764 W.
329 2734 438 2771 habet,
454 2739 565 2773 estque
588 2745 607 2765 a
629 2735 770 2764 Grutero
795 2732 887 2763 indu-

191 2780 297 2813 ctum,
312 2775 383 2807 edd.
403 2776 517 2817 priinae
531 2775 605 2806 aliae
625 2777 756 2807 dicatur
770 2788 779 2805 .-
802 2775 887 2814 quod

191 2816 239 2847 illi
255 2819 398 2857 praetuli,
415 2818 581 2858 magisque
596 2819 759 2849 consentit
777 2818 831 2847 rei.

231 2863 272 2893 97
294 2865 355 2891 auc
379 2861 507 2902 quoestio
529 2860 712 2902 sublevata]
737 2860 790 2893 Sic
813 2859 888 2891 libri

931 2563 1035 2594 simile
1050 2563 1138 2602 quid.
1154 2569 1187 2593 at
1203 2572 1314 2593 sensus
1329 2568 1362 2593 et
1385 2572 1433 2593 res
1457 2562 1626 2601 requirunt

931 2607 1076 2637 rublum,-
1094 2605 1303 2635 manumissio
1317 2605 1404 2635 sacta
1414 2610 1476 2641 est,
1489 2610 1527 2634 ut
1539 2612 1627 2642 quae-

931 2649 994 2678 stio
1010 2647 1048 2677 de
1063 2649 1160 2677 seriis
1175 2647 1285 2677 haberi
1301 2656 1366 2677 non
1384 2652 1503 2687 posset.
1536 2644 1628 2675 Vidit

932 2695 966 2720 et
981 2689 1171 2720 Lambinus

971 2735 1011 2764 98
1035 2735 1079 2761 est
1102 2733 1187 2761 emm
1210 2731 1250 2760 ab
1273 2730 1321 2769 ω]
1348 2730 1450 2761 Enim
1475 2733 1525 2759 est
1549 2738 1626 2769 spu·

932 2774 1015 2803 rium
1031 2785 1039 2804 z
1065 2783 1123 2803 nec
1139 2773 1190 2803 hic
1206 2773 1289 2803 ratio
1307 2772 1463 2803 redditur.
1499 2771 1560 2801 Sed
1576 2776 1627 2801 to-

930 2821 983 2846 tus
1010 2815 1100 2846 locus
1127 2824 1193 2844 non
1217 2815 1298 2845 bene
1324 2813 1479 2851 cohaeret,
1501 2814 1555 2853 qui
1579 2813 1625 2842 sic

930 2856 1177 2889 constituendus
1203 2856 1347 2889 videtur:
1374 2860 1459 2888 certe
1483 2865 1506 2886 α
1536 2855 1629 2888 Coelio
