<?xml version="1.0" encoding="UTF-8"?>
<!DOCTYPE html PUBLIC "-//W3C//DTD XHTML 1.0 Transitional//EN"
    "http://www.w3.org/TR/xhtml1/DTD/xhtml1-transitional.dtd">
<html xmlns="http://www.w3.org/1999/xhtml" xml:lang="en" lang="en">
 <head>
  <title>
</title>
<meta http-equiv="Content-Type" content="text/html;charset=utf-8" />
  <meta name='ocr-system' content='tesseract 3.04.00' />
  <meta name='ocr-capabilities' content='ocr_page ocr_carea ocr_par ocr_line ocrx_word'/>
</head>
<body>
  <div class='ocr_page' id='page_1' title='image "./p2operaomnia02ciceuoft_0263.png"; bbox 0 0 1769 3174; ppageno 0'>
   <div class='ocr_carea' id='block_1_1' title="bbox 541 163 1482 208">
    <p class='ocr_par' dir='ltr' id='par_1_1' title="bbox 541 163 1482 208">
     <span class='ocr_line' id='line_1_1' title="bbox 541 163 1482 208; baseline 0.002 -6"><span class='ocrx_word' id='word_1_1' title='bbox 541 163 659 202; x_wconf 88' lang='lat' dir='ltr'><strong>PRO</strong></span> <span class='ocrx_word' id='word_1_2' title='bbox 689 163 731 201; x_wconf 88' lang='lat' dir='ltr'><strong>P.</strong></span> <span class='ocrx_word' id='word_1_3' title='bbox 760 163 991 202; x_wconf 89' lang='lat' dir='ltr'><strong>SEXTIO.</strong></span> <span class='ocrx_word' id='word_1_4' title='bbox 1407 169 1482 208; x_wconf 83' lang='lat'><strong>979</strong></span> 
     </span>
    </p>
   </div>
   <div class='ocr_carea' id='block_1_2' title="bbox 45 265 1593 2096">
    <p class='ocr_par' dir='ltr' id='par_1_2' title="bbox 45 265 1593 2096">
     <span class='ocr_line' id='line_1_2' title="bbox 50 265 1484 325; baseline -0.001 -14"><span class='ocrx_word' id='word_1_5' title='bbox 50 268 91 311; x_wconf 83' lang='lat' dir='ltr'><strong>la</strong></span> <span class='ocrx_word' id='word_1_6' title='bbox 110 267 294 320; x_wconf 81' lang='lat' dir='ltr'><strong>colonia,</strong></span> <span class='ocrx_word' id='word_1_7' title='bbox 321 267 438 311; x_wconf 89' lang='lat' dir='ltr'><strong>nulla</strong></span> <span class='ocrx_word' id='word_1_8' title='bbox 467 266 738 325; x_wconf 66' lang='lat' dir='ltr'><strong>praefectura,</strong></span> <span class='ocrx_word' id='word_1_9' title='bbox 761 265 877 307; x_wconf 85' lang='lat' dir='ltr'><strong>nulla</strong></span> <span class='ocrx_word' id='word_1_10' title='bbox 899 265 1054 307; x_wconf 84' lang='lat' dir='ltr'><strong>Romae</strong></span> <span class='ocrx_word' id='word_1_11' title='bbox 1088 266 1269 308; x_wconf 88' lang='lat' dir='ltr'><strong>societas</strong></span> <span class='ocrx_word' id='word_1_12' title='bbox 1293 268 1484 324; x_wconf 82' lang='lat' dir='ltr'><strong>vectiga-</strong></span> 
     </span>
     <span class='ocr_line' id='line_1_3' title="bbox 52 322 1484 381; baseline -0.001 -14"><span class='ocrx_word' id='word_1_13' title='bbox 52 325 171 378; x_wconf 86' lang='lat' dir='ltr'>lium,</span> <span class='ocrx_word' id='word_1_14' title='bbox 193 325 357 367; x_wconf 90' lang='lat' dir='ltr'><strong>nullum</strong></span> <span class='ocrx_word' id='word_1_15' title='bbox 379 324 624 381; x_wconf 86' lang='lat' dir='ltr'>collegium,</span> <span class='ocrx_word' id='word_1_16' title='bbox 646 332 720 364; x_wconf 88' lang='lat' dir='ltr'><strong>aut</strong></span> <span class='ocrx_word' id='word_1_17' title='bbox 741 322 989 374; x_wconf 84' lang='lat' dir='ltr'><strong>concilium,</strong></span> <span class='ocrx_word' id='word_1_18' title='bbox 1012 331 1086 364; x_wconf 89' lang='lat' dir='ltr'><strong>aut</strong></span> <span class='ocrx_word' id='word_1_19' title='bbox 1108 324 1285 364; x_wconf 90' lang='lat' dir='ltr'><strong>omnino</strong></span> <span class='ocrx_word' id='word_1_20' title='bbox 1309 324 1484 379; x_wconf 85' lang='lat' dir='ltr'>aliquod</span> 
     </span>
     <span class='ocr_line' id='line_1_4' title="bbox 51 379 1485 436; baseline -0.002 -12"><span class='ocrx_word' id='word_1_21' title='bbox 51 397 280 424; x_wconf 88' lang='lat' dir='ltr'><strong>commune</strong></span> <span class='ocrx_word' id='word_1_22' title='bbox 306 382 548 432; x_wconf 89' lang='lat' dir='ltr'><strong>consilium,</strong></span> <span class='ocrx_word' id='word_1_23' title='bbox 570 381 685 436; x_wconf 89' lang='lat' dir='ltr'><strong>quod</strong></span> <span class='ocrx_word' id='word_1_24' title='bbox 717 390 807 421; x_wconf 89' lang='lat' dir='ltr'><strong>tum</strong></span> <span class='ocrx_word' id='word_1_25' title='bbox 830 395 917 421; x_wconf 89' lang='lat' dir='ltr'><strong>non</strong></span> <span class='ocrx_word' id='word_1_26' title='bbox 948 379 1381 421; x_wconf 85' lang='lat' dir='ltr'><strong>honorificentissime</strong></span> <span class='ocrx_word' id='word_1_27' title='bbox 1411 381 1485 421; x_wconf 91' lang='lat' dir='ltr'><strong>de-</strong></span> 
     </span>
     <span class='ocr_line' id='line_1_5' title="bbox 50 437 1484 481; baseline -0.002 0"><span class='ocrx_word' id='word_1_28' title='bbox 50 440 254 481; x_wconf 87' lang='lat' dir='ltr'><strong>crevisset</strong></span> <span class='ocrx_word' id='word_1_29' title='bbox 274 440 326 481; x_wconf 92' lang='lat' dir='ltr'><strong>de</strong></span> <span class='ocrx_word' id='word_1_30' title='bbox 358 454 453 480; x_wconf 90' lang='lat' dir='ltr'><strong>mea</strong></span> <span class='ocrx_word' id='word_1_31' title='bbox 483 439 644 479; x_wconf 86' lang='lat' dir='ltr'><strong>salute:</strong></span> <span class='ocrx_word' id='word_1_32' title='bbox 677 452 775 479; x_wconf 88' lang='lat' dir='ltr'><strong>cum</strong></span> <span class='ocrx_word' id='word_1_33' title='bbox 807 438 951 478; x_wconf 90' lang='lat' dir='ltr'><strong>subito</strong></span> <span class='ocrx_word' id='word_1_34' title='bbox 973 437 1150 478; x_wconf 86' lang='lat' dir='ltr'><strong>edicunt</strong></span> <span class='ocrx_word' id='word_1_35' title='bbox 1169 437 1305 478; x_wconf 78' lang='lat' dir='ltr'><strong>46duo</strong></span> <span class='ocrx_word' id='word_1_36' title='bbox 1329 452 1484 478; x_wconf 89' lang='lat' dir='ltr'><strong>consu-</strong></span> 
     </span>
     <span class='ocr_line' id='line_1_6' title="bbox 49 494 1485 548; baseline -0.003 -10"><span class='ocrx_word' id='word_1_37' title='bbox 49 495 124 548; x_wconf 89' lang='lat' dir='ltr'>les,</span> <span class='ocrx_word' id='word_1_38' title='bbox 147 506 195 538; x_wconf 91' lang='lat' dir='ltr'><strong>ut</strong></span> <span class='ocrx_word' id='word_1_39' title='bbox 224 497 276 537; x_wconf 85' lang='lat' dir='ltr'><strong>ad</strong></span> <span class='ocrx_word' id='word_1_40' title='bbox 302 511 424 537; x_wconf 88' lang='lat' dir='ltr'><strong>suum</strong></span> <span class='ocrx_word' id='word_1_41' title='bbox 450 496 652 537; x_wconf 87' lang='lat' dir='ltr'><strong>vestitum</strong></span> <span class='ocrx_word' id='word_1_42' title='bbox 684 503 899 535; x_wconf 85' lang='lat' dir='ltr'>senatores</span> <span class='ocrx_word' id='word_1_43' title='bbox 933 494 1133 535; x_wconf 83' lang='lat' dir='ltr'><strong>redirent.</strong></span> <span class='ocrx_word' id='word_1_44' title='bbox 1191 496 1231 528; x_wconf 80' lang='grc'><strong>47</strong></span> <span class='ocrx_word' id='word_1_45' title='bbox 1248 494 1358 540; x_wconf 85' lang='lat' dir='ltr'><strong>Quis</strong></span> <span class='ocrx_word' id='word_1_46' title='bbox 1390 509 1485 535; x_wconf 90' lang='lat' dir='ltr'><strong>um-</strong></span> 
     </span>
     <span class='ocr_line' id='line_1_7' title="bbox 49 550 1484 608; baseline -0.003 -14"><span class='ocrx_word' id='word_1_47' title='bbox 49 567 177 608; x_wconf 89' lang='lat' dir='ltr'><strong>quam</strong></span> <span class='ocrx_word' id='word_1_48' title='bbox 200 553 348 594; x_wconf 91' lang='lat' dir='ltr'><strong>consul</strong></span> <span class='ocrx_word' id='word_1_49' title='bbox 371 563 566 595; x_wconf 85' lang='lat' dir='ltr'><strong>senatum</strong></span> <span class='ocrx_word' id='word_1_50' title='bbox 588 552 722 608; x_wconf 87' lang='lat' dir='ltr'><strong>ipsius</strong></span> <span class='ocrx_word' id='word_1_51' title='bbox 746 552 926 592; x_wconf 84' lang='lat' dir='ltr'><strong>decretis</strong></span> <span class='ocrx_word' id='word_1_52' title='bbox 951 565 1096 607; x_wconf 87' lang='lat' dir='ltr'><strong>parere</strong></span> <span class='ocrx_word' id='word_1_53' title='bbox 1119 550 1366 607; x_wconf 87' lang='lat' dir='ltr'><strong>prohibuit?</strong></span> <span class='ocrx_word' id='word_1_54' title='bbox 1388 551 1484 606; x_wconf 87' lang='lat' dir='ltr'><strong>quis</strong></span> 
     </span>
     <span class='ocr_line' id='line_1_8' title="bbox 50 607 1486 666; baseline -0.001 -16"><span class='ocrx_word' id='word_1_55' title='bbox 50 619 257 666; x_wconf 86' lang='lat' dir='ltr'><strong>tyrannus</strong></span> <span class='ocrx_word' id='word_1_56' title='bbox 299 611 474 651; x_wconf 90' lang='lat' dir='ltr'><strong>miseros</strong></span> <span class='ocrx_word' id='word_1_57' title='bbox 517 610 662 665; x_wconf 83' lang='lat' dir='ltr'><strong>lugere</strong></span> <span class='ocrx_word' id='word_1_58' title='bbox 695 609 860 650; x_wconf 86' lang='lat' dir='ltr'><strong>vetuit?</strong></span> <span class='ocrx_word' id='word_1_59' title='bbox 913 607 1128 650; x_wconf 82' lang='lat' dir='ltr'><strong>Parumne</strong></span> <span class='ocrx_word' id='word_1_60' title='bbox 1165 616 1245 659; x_wconf 92' lang='lat' dir='ltr'><strong>est,</strong></span> <span class='ocrx_word' id='word_1_61' title='bbox 1280 607 1397 658; x_wconf 93' lang='lat' dir='ltr'><strong>Piso,</strong></span> <span class='ocrx_word' id='word_1_62' title='bbox 1437 616 1486 648; x_wconf 91' lang='lat' dir='ltr'><strong>ut</strong></span> 
     </span>
     <span class='ocr_line' id='line_1_9' title="bbox 49 664 1486 721; baseline -0.002 -13"><span class='ocrx_word' id='word_1_63' title='bbox 49 667 246 708; x_wconf 90' lang='lat' dir='ltr'><strong>omittam</strong></span> <span class='ocrx_word' id='word_1_64' title='bbox 281 667 533 718; x_wconf 86' lang='lat' dir='ltr'><strong>Gabinium,</strong></span> <span class='ocrx_word' id='word_1_65' title='bbox 565 670 606 697; x_wconf 72' lang='lat'><strong>43</strong></span> <span class='ocrx_word' id='word_1_66' title='bbox 620 665 735 721; x_wconf 93' lang='lat' dir='ltr'><strong>quod</strong></span> <span class='ocrx_word' id='word_1_67' title='bbox 769 675 936 706; x_wconf 87' lang='lat' dir='ltr'><strong>tantum</strong></span> <span class='ocrx_word' id='word_1_68' title='bbox 970 666 1165 706; x_wconf 88' lang='lat' dir='ltr'><strong>homines</strong></span> <span class='ocrx_word' id='word_1_69' title='bbox 1198 664 1404 715; x_wconf 83' lang='lat' dir='ltr'><strong>fefellisti,</strong></span> <span class='ocrx_word' id='word_1_70' title='bbox 1436 675 1486 707; x_wconf 89' lang='lat' dir='ltr'><strong>ut</strong></span> 
     </span>
     <span class='ocr_line' id='line_1_10' title="bbox 47 722 1485 780; baseline -0.001 -16"><span class='ocrx_word' id='word_1_71' title='bbox 47 723 286 779; x_wconf 85' lang='lat' dir='ltr'><strong>negligeres</strong></span> <span class='ocrx_word' id='word_1_72' title='bbox 320 725 620 766; x_wconf 87' lang='lat' dir='ltr'><strong>auctoritatem</strong></span> <span class='ocrx_word' id='word_1_73' title='bbox 652 724 851 764; x_wconf 85' lang='lat' dir='ltr'><strong>senatus?</strong></span> <span class='ocrx_word' id='word_1_74' title='bbox 889 722 1043 780; x_wconf 85' lang='lat' dir='ltr'><strong>optimi</strong></span> <span class='ocrx_word' id='word_1_75' title='bbox 1073 722 1282 777; x_wconf 86' lang='lat' dir='ltr'><strong>cujusque</strong></span> <span class='ocrx_word' id='word_1_76' title='bbox 1304 722 1485 764; x_wconf 84' lang='lat' dir='ltr'><strong>consilia</strong></span> 
     </span>
     <span class='ocr_line' id='line_1_11' title="bbox 45 779 1481 836; baseline -0.001 -14"><span class='ocrx_word' id='word_1_77' title='bbox 45 790 341 822; x_wconf 86' lang='lat' dir='ltr'><strong>contemneres</strong></span> <span class='ocrx_word' id='word_1_78' title='bbox 360 784 373 823; x_wconf 84' lang='lat'><em>?</em></span> <span class='ocrx_word' id='word_1_79' title='bbox 423 780 732 836; x_wconf 84' lang='lat' dir='ltr'><strong>rempublicam</strong></span> <span class='ocrx_word' id='word_1_80' title='bbox 783 781 1009 836; x_wconf 87' lang='lat' dir='ltr'><strong>proderes?</strong></span> <span class='ocrx_word' id='word_1_81' title='bbox 1060 779 1282 821; x_wconf 88' lang='lat' dir='ltr'><strong>consulare</strong></span> <span class='ocrx_word' id='word_1_82' title='bbox 1324 793 1481 820; x_wconf 91' lang='lat' dir='ltr'><strong>nomen</strong></span> 
     </span>
     <span class='ocr_line' id='line_1_12' title="bbox 48 836 1593 894; baseline -0.002 -16"><span class='ocrx_word' id='word_1_83' title='bbox 48 837 288 894; x_wconf 84' lang='lat' dir='ltr'><strong>affligeres?</strong></span> <span class='ocrx_word' id='word_1_84' title='bbox 319 839 504 879; x_wconf 85' lang='lat' dir='ltr'><strong>etiamne</strong></span> <span class='ocrx_word' id='word_1_85' title='bbox 521 837 738 878; x_wconf 69' lang='lat' dir='ltr'><strong>49edicere</strong></span> <span class='ocrx_word' id='word_1_86' title='bbox 768 837 969 889; x_wconf 85' lang='lat' dir='ltr'><strong>audebas,</strong></span> <span class='ocrx_word' id='word_1_87' title='bbox 994 852 1046 879; x_wconf 91' lang='lat' dir='ltr'><strong>ne</strong></span> <span class='ocrx_word' id='word_1_88' title='bbox 1078 845 1311 878; x_wconf 87' lang='lat' dir='ltr'><strong>moererent</strong></span> <span class='ocrx_word' id='word_1_89' title='bbox 1339 836 1481 878; x_wconf 87' lang='lat' dir='ltr'><strong>homi·</strong></span> <span class='ocrx_word' id='word_1_90' title='bbox 1493 844 1524 875; x_wconf 79' lang='lat' dir='ltr'><strong>P·</strong></span> <span class='ocrx_word' id='word_1_91' title='bbox 1545 837 1593 866; x_wconf 80' lang='lat'><strong>10,</strong></span> 
     </span>
     <span class='ocr_line' id='line_1_13' title="bbox 45 890 1523 951; baseline 0.001 -17"><span class='ocrx_word' id='word_1_92' title='bbox 45 907 121 935; x_wconf 88' lang='lat' dir='ltr'><strong>nes</strong></span> <span class='ocrx_word' id='word_1_93' title='bbox 153 908 306 945; x_wconf 87' lang='lat' dir='ltr'><strong>meam,</strong></span> <span class='ocrx_word' id='word_1_94' title='bbox 331 910 466 945; x_wconf 89' lang='lat' dir='ltr'><strong>suam,</strong></span> <span class='ocrx_word' id='word_1_95' title='bbox 499 894 746 951; x_wconf 89' lang='lat' dir='ltr'><strong>reipublicae</strong></span> <span class='ocrx_word' id='word_1_96' title='bbox 779 894 1095 936; x_wconf 79' lang='lat' dir='ltr'><strong>calamitatem?</strong></span> <span class='ocrx_word' id='word_1_97' title='bbox 1126 907 1180 935; x_wconf 91' lang='lat' dir='ltr'><strong>ne</strong></span> <span class='ocrx_word' id='word_1_98' title='bbox 1209 893 1324 934; x_wconf 89' lang='lat' dir='ltr'><strong>hunc</strong></span> <span class='ocrx_word' id='word_1_99' title='bbox 1356 890 1523 935; x_wconf 66' lang='lat' dir='ltr'><strong>suuma&#39;</strong></span> 
     </span>
     <span class='ocr_line' id='line_1_14' title="bbox 46 949 1480 1008; baseline 0.001 -17"><span class='ocrx_word' id='word_1_100' title='bbox 46 949 238 992; x_wconf 89' lang='lat' dir='ltr'><strong>dolorem</strong></span> <span class='ocrx_word' id='word_1_101' title='bbox 261 962 377 993; x_wconf 90' lang='lat' dir='ltr'><strong>veste</strong></span> <span class='ocrx_word' id='word_1_102' title='bbox 398 952 718 1008; x_wconf 83' lang='lat' dir='ltr'><strong>significarent?</strong></span> <span class='ocrx_word' id='word_1_103' title='bbox 751 952 851 992; x_wconf 81' lang='lat' dir='ltr'><strong>Sive</strong></span> <span class='ocrx_word' id='word_1_104' title='bbox 881 952 951 993; x_wconf 89' lang='lat' dir='ltr'><strong>illa</strong></span> <span class='ocrx_word' id='word_1_105' title='bbox 975 953 1102 994; x_wconf 87' lang='lat' dir='ltr'><strong>vestis</strong></span> <span class='ocrx_word' id='word_1_106' title='bbox 1133 951 1318 993; x_wconf 80' lang='lat' dir='ltr'><strong>mutatio</strong></span> <span class='ocrx_word' id='word_1_107' title='bbox 1340 951 1392 992; x_wconf 85' lang='lat' dir='ltr'><strong>ad</strong></span> <span class='ocrx_word' id='word_1_108' title='bbox 1416 951 1480 992; x_wconf 90' lang='lat' dir='ltr'><strong>lu-</strong></span> 
     </span>
     <span class='ocr_line' id='line_1_15' title="bbox 46 1008 1481 1065; baseline 0.001 -16"><span class='ocrx_word' id='word_1_109' title='bbox 46 1016 164 1049; x_wconf 87' lang='lat' dir='ltr'><strong>ctum</strong></span> <span class='ocrx_word' id='word_1_110' title='bbox 187 1009 392 1064; x_wconf 87' lang='lat' dir='ltr'><strong>ipsorum,</strong></span> <span class='ocrx_word' id='word_1_111' title='bbox 413 1010 501 1049; x_wconf 82' lang='lat' dir='ltr'><strong>sive</strong></span> <span class='ocrx_word' id='word_1_112' title='bbox 523 1009 573 1050; x_wconf 91' lang='lat' dir='ltr'><strong>ad</strong></span> <span class='ocrx_word' id='word_1_113' title='bbox 597 1009 912 1065; x_wconf 81' lang='lat' dir='ltr'><strong>deprecandum</strong></span> <span class='ocrx_word' id='word_1_114' title='bbox 935 1010 1127 1061; x_wconf 72' lang='lat' dir='ltr'><strong>valebat,</strong></span> <span class='ocrx_word' id='word_1_115' title='bbox 1157 1008 1252 1064; x_wconf 87' lang='lat' dir='ltr'><strong>quis</strong></span> <span class='ocrx_word' id='word_1_116' title='bbox 1277 1023 1481 1064; x_wconf 84' lang='lat' dir='ltr'><strong>umquam</strong></span> 
     </span>
     <span class='ocr_line' id='line_1_16' title="bbox 49 1066 1483 1122; baseline 0 -16"><span class='ocrx_word' id='word_1_117' title='bbox 49 1073 137 1107; x_wconf 86' lang='lat' dir='ltr'><strong>tam</strong></span> <span class='ocrx_word' id='word_1_118' title='bbox 158 1066 340 1107; x_wconf 87' lang='lat' dir='ltr'><strong>crudelis</strong></span> <span class='ocrx_word' id='word_1_119' title='bbox 365 1066 462 1116; x_wconf 87' lang='lat' dir='ltr'><strong>fuit,</strong></span> <span class='ocrx_word' id='word_1_120' title='bbox 484 1067 556 1121; x_wconf 91' lang='lat' dir='ltr'><strong>qui</strong></span> <span class='ocrx_word' id='word_1_121' title='bbox 591 1066 838 1122; x_wconf 85' lang='lat' dir='ltr'><strong>prohiberet</strong></span> <span class='ocrx_word' id='word_1_122' title='bbox 859 1081 1119 1122; x_wconf 84' lang='lat' dir='ltr'><strong>quemquam</strong></span> <span class='ocrx_word' id='word_1_123' title='bbox 1150 1075 1224 1106; x_wconf 88' lang='lat' dir='ltr'><strong>aut</strong></span> <span class='ocrx_word' id='word_1_124' title='bbox 1255 1066 1336 1106; x_wconf 84' lang='lat' dir='ltr'><strong>sibi</strong></span> <span class='ocrx_word' id='word_1_125' title='bbox 1369 1080 1483 1106; x_wconf 78' lang='lat' dir='ltr'><strong>moe-</strong></span> 
     </span>
     <span class='ocr_line' id='line_1_17' title="bbox 47 1122 1543 1180; baseline -0.002 -17"><span class='ocrx_word' id='word_1_126' title='bbox 47 1135 152 1174; x_wconf 86' lang='lat' dir='ltr'><strong>rere,</strong></span> <span class='ocrx_word' id='word_1_127' title='bbox 174 1132 250 1163; x_wconf 86' lang='lat' dir='ltr'><strong>aut</strong></span> <span class='ocrx_word' id='word_1_128' title='bbox 270 1124 422 1164; x_wconf 85' lang='lat' dir='ltr'><strong>ceteris</strong></span> <span class='ocrx_word' id='word_1_129' title='bbox 454 1123 725 1179; x_wconf 82' lang='lat' dir='ltr'><strong>supplicare?</strong></span> <span class='ocrx_word' id='word_1_130' title='bbox 758 1123 904 1170; x_wconf 84' lang='lat' dir='ltr'><strong>Quid?</strong></span> <span class='ocrx_word' id='word_1_131' title='bbox 936 1139 1011 1165; x_wconf 89' lang='lat' dir='ltr'><strong>sua</strong></span> <span class='ocrx_word' id='word_1_132' title='bbox 1033 1132 1186 1180; x_wconf 89' lang='lat' dir='ltr'><strong>sponte</strong></span> <span class='ocrx_word' id='word_1_133' title='bbox 1218 1122 1413 1164; x_wconf 85' lang='lat' dir='ltr'><strong>homines</strong></span> <span class='ocrx_word' id='word_1_134' title='bbox 1438 1123 1543 1163; x_wconf 67' lang='lat' dir='ltr'><strong>&#39;1113ss</strong></span> 
     </span>
     <span class='ocr_line' id='line_1_18' title="bbox 47 1180 1483 1236; baseline 0.001 -16"><span class='ocrx_word' id='word_1_135' title='bbox 47 1180 283 1221; x_wconf 86' lang='lat' dir='ltr'><strong>amicorum</strong></span> <span class='ocrx_word' id='word_1_136' title='bbox 307 1180 506 1236; x_wconf 87' lang='lat' dir='ltr'><strong>periculis</strong></span> <span class='ocrx_word' id='word_1_137' title='bbox 540 1181 740 1221; x_wconf 83' lang='lat' dir='ltr'><strong>vestitum</strong></span> <span class='ocrx_word' id='word_1_138' title='bbox 773 1190 937 1222; x_wconf 81' lang='lat' dir='ltr'><strong>mutare</strong></span> <span class='ocrx_word' id='word_1_139' title='bbox 969 1196 1054 1222; x_wconf 90' lang='lat' dir='ltr'><strong>non</strong></span> <span class='ocrx_word' id='word_1_140' title='bbox 1086 1180 1253 1222; x_wconf 85' lang='lat' dir='ltr'><strong>solent?</strong></span> <span class='ocrx_word' id='word_1_141' title='bbox 1286 1183 1325 1211; x_wconf 81' lang='lat'><strong>50</strong></span> <span class='ocrx_word' id='word_1_142' title='bbox 1340 1195 1416 1236; x_wconf 88' lang='lat' dir='ltr'><strong>pro</strong></span> <span class='ocrx_word' id='word_1_143' title='bbox 1440 1189 1483 1221; x_wconf 91' lang='lat' dir='ltr'><strong>te</strong></span> 
     </span>
     <span class='ocr_line' id='line_1_19' title="bbox 47 1232 1482 1294; baseline 0 -16"><span class='ocrx_word' id='word_1_144' title='bbox 47 1235 157 1293; x_wconf 86' lang='lat' dir='ltr'><strong>ipso,</strong></span> <span class='ocrx_word' id='word_1_145' title='bbox 178 1235 294 1288; x_wconf 91' lang='lat' dir='ltr'><strong>Piso,</strong></span> <span class='ocrx_word' id='word_1_146' title='bbox 313 1251 496 1278; x_wconf 83' lang='lat' dir='ltr'><strong>nemone</strong></span> <span class='ocrx_word' id='word_1_147' title='bbox 516 1232 726 1280; x_wconf 74' lang='lat' dir='ltr'><strong>mutavit?</strong></span> <span class='ocrx_word' id='word_1_148' title='bbox 756 1251 809 1278; x_wconf 88' lang='lat' dir='ltr'><strong>ne</strong></span> <span class='ocrx_word' id='word_1_149' title='bbox 833 1238 902 1278; x_wconf 86' lang='lat' dir='ltr'><strong>isti</strong></span> <span class='ocrx_word' id='word_1_150' title='bbox 926 1238 1115 1294; x_wconf 88' lang='lat' dir='ltr'><strong>quidem,</strong></span> <span class='ocrx_word' id='word_1_151' title='bbox 1138 1241 1171 1268; x_wconf 82' lang='lat'><strong>51</strong></span> <span class='ocrx_word' id='word_1_152' title='bbox 1191 1251 1297 1292; x_wconf 89' lang='lat' dir='ltr'><strong>quos</strong></span> <span class='ocrx_word' id='word_1_153' title='bbox 1316 1237 1482 1293; x_wconf 87' lang='lat' dir='ltr'><strong>legatos</strong></span> 
     </span>
     <span class='ocr_line' id='line_1_20' title="bbox 48 1294 1484 1350; baseline 0.001 -16"><span class='ocrx_word' id='word_1_154' title='bbox 48 1307 135 1335; x_wconf 89' lang='lat' dir='ltr'><strong>non</strong></span> <span class='ocrx_word' id='word_1_155' title='bbox 158 1294 289 1335; x_wconf 89' lang='lat' dir='ltr'><strong>modo</strong></span> <span class='ocrx_word' id='word_1_156' title='bbox 311 1295 428 1335; x_wconf 91' lang='lat' dir='ltr'><strong>nullo</strong></span> <span class='ocrx_word' id='word_1_157' title='bbox 451 1294 838 1346; x_wconf 88' lang='lat' dir='ltr'><strong>senatusconsulto,</strong></span> <span class='ocrx_word' id='word_1_158' title='bbox 862 1296 933 1336; x_wconf 89' lang='lat' dir='ltr'><strong>sed</strong></span> <span class='ocrx_word' id='word_1_159' title='bbox 955 1297 1087 1337; x_wconf 88' lang='lat' dir='ltr'><strong>etiam</strong></span> <span class='ocrx_word' id='word_1_160' title='bbox 1117 1305 1387 1350; x_wconf 80' lang='lat' dir='ltr'><strong>repugnante</strong></span> <span class='ocrx_word' id='word_1_161' title='bbox 1419 1309 1484 1335; x_wconf 85' lang='lat' dir='ltr'><strong>se-</strong></span> 
     </span>
     <span class='ocr_line' id='line_1_21' title="bbox 47 1351 1485 1410; baseline 0.001 -19"><span class='ocrx_word' id='word_1_162' title='bbox 47 1360 167 1401; x_wconf 85' lang='lat' dir='ltr'><strong>natu,</strong></span> <span class='ocrx_word' id='word_1_163' title='bbox 193 1360 284 1392; x_wconf 87' lang='lat' dir='ltr'><strong>tute</strong></span> <span class='ocrx_word' id='word_1_164' title='bbox 306 1351 385 1392; x_wconf 88' lang='lat' dir='ltr'><strong>tibi</strong></span> <span class='ocrx_word' id='word_1_165' title='bbox 407 1352 588 1408; x_wconf 81' lang='lat' dir='ltr'><strong>legasti?</strong></span> <span class='ocrx_word' id='word_1_166' title='bbox 627 1351 743 1408; x_wconf 83' lang='lat' dir='ltr'><strong>Ergo</strong></span> <span class='ocrx_word' id='word_1_167' title='bbox 766 1352 952 1394; x_wconf 88' lang='lat' dir='ltr'><strong>hominis</strong></span> <span class='ocrx_word' id='word_1_168' title='bbox 974 1353 1202 1410; x_wconf 84' lang='lat' dir='ltr'><strong>desperati,</strong></span> <span class='ocrx_word' id='word_1_169' title='bbox 1225 1362 1267 1392; x_wconf 85' lang='lat' dir='ltr'><strong>et</strong></span> <span class='ocrx_word' id='word_1_170' title='bbox 1291 1351 1485 1408; x_wconf 86' lang='lat' dir='ltr'><strong>prodito-</strong></span> 
     </span>
     <span class='ocr_line' id='line_1_22' title="bbox 49 1407 1484 1465; baseline 0.001 -17"><span class='ocrx_word' id='word_1_171' title='bbox 49 1407 106 1449; x_wconf 88' lang='lat' dir='ltr'><strong>ris</strong></span> <span class='ocrx_word' id='word_1_172' title='bbox 137 1408 386 1463; x_wconf 80' lang='lat' dir='ltr'><strong>reipublicae</strong></span> <span class='ocrx_word' id='word_1_173' title='bbox 418 1424 565 1450; x_wconf 88' lang='lat' dir='ltr'><strong>casum</strong></span> <span class='ocrx_word' id='word_1_174' title='bbox 598 1409 810 1465; x_wconf 78' lang='lat' dir='ltr'><strong>lugebunt</strong></span> <span class='ocrx_word' id='word_1_175' title='bbox 838 1410 1033 1461; x_wconf 81' lang='lat' dir='ltr'><strong>fortasse,</strong></span> <span class='ocrx_word' id='word_1_176' title='bbox 1065 1410 1138 1465; x_wconf 87' lang='lat' dir='ltr'><strong>qui</strong></span> <span class='ocrx_word' id='word_1_177' title='bbox 1174 1409 1344 1450; x_wconf 77' lang='lat' dir='ltr'><strong>volent:</strong></span> <span class='ocrx_word' id='word_1_178' title='bbox 1376 1409 1484 1450; x_wconf 75' lang='lat' dir='ltr'><strong>civis</strong></span> 
     </span>
     <span class='ocr_line' id='line_1_23' title="bbox 50 1464 1486 1523; baseline 0.001 -18"><span class='ocrx_word' id='word_1_179' title='bbox 50 1464 342 1506; x_wconf 77' lang='lat' dir='ltr'><strong>florentissimi</strong></span> <span class='ocrx_word' id='word_1_180' title='bbox 365 1467 657 1508; x_wconf 87' lang='lat' dir='ltr'><strong>benivolentia</strong></span> <span class='ocrx_word' id='word_1_181' title='bbox 681 1468 905 1518; x_wconf 85' lang='lat' dir='ltr'><strong>bonorum,</strong></span> <span class='ocrx_word' id='word_1_182' title='bbox 928 1477 971 1508; x_wconf 89' lang='lat' dir='ltr'><strong>et</strong></span> <span class='ocrx_word' id='word_1_183' title='bbox 992 1468 1156 1523; x_wconf 87' lang='lat' dir='ltr'><strong>optime</strong></span> <span class='ocrx_word' id='word_1_184' title='bbox 1178 1466 1230 1506; x_wconf 89' lang='lat' dir='ltr'><strong>de</strong></span> <span class='ocrx_word' id='word_1_185' title='bbox 1253 1467 1387 1507; x_wconf 89' lang='lat' dir='ltr'><strong>salute</strong></span> <span class='ocrx_word' id='word_1_186' title='bbox 1410 1481 1486 1522; x_wconf 86' lang='lat' dir='ltr'><strong>pa-</strong></span> 
     </span>
     <span class='ocr_line' id='line_1_24' title="bbox 51 1521 1485 1580; baseline 0.001 -18"><span class='ocrx_word' id='word_1_187' title='bbox 51 1521 144 1563; x_wconf 89' lang='lat' dir='ltr'><strong>triae</strong></span> <span class='ocrx_word' id='word_1_188' title='bbox 175 1523 333 1574; x_wconf 87' lang='lat' dir='ltr'><strong>meriti,</strong></span> <span class='ocrx_word' id='word_1_189' title='bbox 354 1523 607 1579; x_wconf 86' lang='lat' dir='ltr'><strong>periculum,</strong></span> <span class='ocrx_word' id='word_1_190' title='bbox 629 1524 910 1578; x_wconf 86' lang='lat' dir='ltr'><strong>conjunctum</strong></span> <span class='ocrx_word' id='word_1_191' title='bbox 937 1540 1034 1566; x_wconf 90' lang='lat' dir='ltr'><strong>cum</strong></span> <span class='ocrx_word' id='word_1_192' title='bbox 1068 1523 1257 1580; x_wconf 90' lang='lat' dir='ltr'><strong>periculo</strong></span> <span class='ocrx_word' id='word_1_193' title='bbox 1280 1523 1485 1573; x_wconf 86' lang='lat' dir='ltr'><strong>civitatis,</strong></span> 
     </span>
     <span class='ocr_line' id='line_1_25' title="bbox 48 1577 1486 1637; baseline 0.001 -18"><span class='ocrx_word' id='word_1_194' title='bbox 48 1577 194 1635; x_wconf 88' lang='lat' dir='ltr'><strong>lugere</strong></span> <span class='ocrx_word' id='word_1_195' title='bbox 224 1581 390 1621; x_wconf 84' lang='lat' dir='ltr'><strong>senatui</strong></span> <span class='ocrx_word' id='word_1_196' title='bbox 421 1595 508 1621; x_wconf 91' lang='lat' dir='ltr'><strong>non</strong></span> <span class='ocrx_word' id='word_1_197' title='bbox 540 1581 716 1623; x_wconf 85' lang='lat' dir='ltr'><strong>licebit?</strong></span> <span class='ocrx_word' id='word_1_198' title='bbox 762 1581 900 1622; x_wconf 89' lang='lat' dir='ltr'><strong>Iidem</strong></span> <span class='ocrx_word' id='word_1_199' title='bbox 922 1581 1132 1632; x_wconf 84' lang='lat' dir='ltr'><strong>consules,</strong></span> <span class='ocrx_word' id='word_1_200' title='bbox 1154 1581 1208 1634; x_wconf 85' lang='lat' dir='ltr'><strong>(si</strong></span> <span class='ocrx_word' id='word_1_201' title='bbox 1241 1580 1486 1637; x_wconf 82' lang='lat' dir='ltr'><strong>appellandi</strong></span> 
     </span>
     <span class='ocr_line' id='line_1_26' title="bbox 49 1636 1486 1694; baseline 0.001 -18"><span class='ocrx_word' id='word_1_202' title='bbox 49 1646 148 1677; x_wconf 89' lang='lat' dir='ltr'><strong>sunt</strong></span> <span class='ocrx_word' id='word_1_203' title='bbox 168 1636 378 1688; x_wconf 85' lang='lat' dir='ltr'><strong>consules,</strong></span> <span class='ocrx_word' id='word_1_204' title='bbox 400 1653 507 1694; x_wconf 88' lang='lat' dir='ltr'><strong>quos</strong></span> <span class='ocrx_word' id='word_1_205' title='bbox 536 1653 664 1680; x_wconf 89' lang='lat' dir='ltr'><strong>nemo</strong></span> <span class='ocrx_word' id='word_1_206' title='bbox 685 1647 763 1690; x_wconf 85' lang='lat' dir='ltr'><strong>est,</strong></span> <span class='ocrx_word' id='word_1_207' title='bbox 795 1639 867 1694; x_wconf 91' lang='lat' dir='ltr'><strong>qui</strong></span> <span class='ocrx_word' id='word_1_208' title='bbox 904 1654 991 1680; x_wconf 87' lang='lat' dir='ltr'><strong>non</strong></span> <span class='ocrx_word' id='word_1_209' title='bbox 1024 1639 1154 1680; x_wconf 91' lang='lat' dir='ltr'><strong>modo</strong></span> <span class='ocrx_word' id='word_1_210' title='bbox 1177 1653 1229 1678; x_wconf 82' lang='lat' dir='ltr'><strong>ex</strong></span> <span class='ocrx_word' id='word_1_211' title='bbox 1263 1637 1486 1688; x_wconf 85' lang='lat' dir='ltr'><strong>memoria,</strong></span> 
     </span>
     <span class='ocr_line' id='line_1_27' title="bbox 49 1692 1485 1752; baseline -0.002 -19"><span class='ocrx_word' id='word_1_212' title='bbox 49 1692 120 1734; x_wconf 84' lang='lat' dir='ltr'><strong>sed</strong></span> <span class='ocrx_word' id='word_1_213' title='bbox 142 1694 272 1734; x_wconf 86' lang='lat' dir='ltr'><strong>etiam</strong></span> <span class='ocrx_word' id='word_1_214' title='bbox 294 1708 349 1735; x_wconf 82' lang='lat' dir='ltr'><strong>ex</strong></span> <span class='ocrx_word' id='word_1_215' title='bbox 371 1694 492 1736; x_wconf 87' lang='lat' dir='ltr'><strong>fastis</strong></span> <span class='ocrx_word' id='word_1_216' title='bbox 514 1695 755 1737; x_wconf 87' lang='lat' dir='ltr'><strong>evellendos</strong></span> <span class='ocrx_word' id='word_1_217' title='bbox 771 1698 925 1751; x_wconf 58' lang='lat' dir='ltr'><strong>putet)</strong></span> <span class='ocrx_word' id='word_1_218' title='bbox 947 1707 1074 1752; x_wconf 88' lang='lat' dir='ltr'><strong>pacto</strong></span> <span class='ocrx_word' id='word_1_219' title='bbox 1089 1696 1185 1751; x_wconf 79' lang='lat' dir='ltr'><strong>jam</strong></span> <span class='ocrx_word' id='word_1_220' title='bbox 1198 1694 1364 1736; x_wconf 85' lang='lat' dir='ltr'><strong>foedere</strong></span> <span class='ocrx_word' id='word_1_221' title='bbox 1386 1709 1485 1750; x_wconf 89' lang='lat' dir='ltr'><strong>pro-</strong></span> 
     </span>
     <span class='ocr_line' id='line_1_28' title="bbox 51 1750 1486 1807; baseline 0.001 -17"><span class='ocrx_word' id='word_1_222' title='bbox 51 1750 303 1803; x_wconf 88' lang='lat' dir='ltr'><strong>vinciarum,</strong></span> <span class='ocrx_word' id='word_1_223' title='bbox 325 1753 525 1807; x_wconf 88' lang='lat' dir='ltr'><strong>producti</strong></span> <span class='ocrx_word' id='word_1_224' title='bbox 552 1755 596 1794; x_wconf 90' lang='lat' dir='ltr'><strong>in</strong></span> <span class='ocrx_word' id='word_1_225' title='bbox 618 1754 734 1794; x_wconf 89' lang='lat' dir='ltr'><strong>circo</strong></span> <span class='ocrx_word' id='word_1_226' title='bbox 758 1753 969 1795; x_wconf 81' lang='lat' dir='ltr'><strong>Flaminio</strong></span> <span class='ocrx_word' id='word_1_227' title='bbox 992 1754 1034 1794; x_wconf 89' lang='lat' dir='ltr'><strong>in</strong></span> <span class='ocrx_word' id='word_1_228' title='bbox 1058 1753 1313 1795; x_wconf 86' lang='lat' dir='ltr'><strong>concionem</strong></span> <span class='ocrx_word' id='word_1_229' title='bbox 1336 1752 1391 1793; x_wconf 88' lang='lat' dir='ltr'><strong>ab</strong></span> <span class='ocrx_word' id='word_1_230' title='bbox 1414 1751 1486 1792; x_wconf 88' lang='lat' dir='ltr'><strong>illa</strong></span> 
     </span>
     <span class='ocr_line' id='line_1_29' title="bbox 49 1805 1485 1867; baseline 0 -19"><span class='ocrx_word' id='word_1_231' title='bbox 49 1805 160 1849; x_wconf 83' lang='lat' dir='ltr'><strong>furia</strong></span> <span class='ocrx_word' id='word_1_232' title='bbox 179 1823 229 1849; x_wconf 87' lang='lat' dir='ltr'><strong>ac</strong></span> <span class='ocrx_word' id='word_1_233' title='bbox 251 1819 371 1865; x_wconf 86' lang='lat' dir='ltr'><strong>peste</strong></span> <span class='ocrx_word' id='word_1_234' title='bbox 392 1810 559 1866; x_wconf 79' lang='lat' dir='ltr'><strong>patriae,</strong></span> <span class='ocrx_word' id='word_1_235' title='bbox 581 1811 774 1852; x_wconf 81' lang='lat' dir='ltr'><strong>maximo</strong></span> <span class='ocrx_word' id='word_1_236' title='bbox 796 1826 895 1852; x_wconf 90' lang='lat' dir='ltr'><strong>cum</strong></span> <span class='ocrx_word' id='word_1_237' title='bbox 928 1811 1092 1867; x_wconf 82' lang='lat' dir='ltr'><strong>gemitu</strong></span> <span class='ocrx_word' id='word_1_238' title='bbox 1118 1819 1274 1859; x_wconf 86' lang='lat' dir='ltr'><strong>vestro,</strong></span> <span class='ocrx_word' id='word_1_239' title='bbox 1299 1808 1370 1850; x_wconf 88' lang='lat' dir='ltr'><strong>illa</strong></span> <span class='ocrx_word' id='word_1_240' title='bbox 1391 1823 1485 1849; x_wconf 89' lang='lat' dir='ltr'><strong>om-</strong></span> 
     </span>
     <span class='ocr_line' id='line_1_30' title="bbox 47 1863 1484 1924; baseline 0.001 -20"><span class='ocrx_word' id='word_1_241' title='bbox 47 1863 134 1916; x_wconf 88' lang='lat' dir='ltr'><strong>nia,</strong></span> <span class='ocrx_word' id='word_1_242' title='bbox 165 1879 262 1920; x_wconf 86' lang='lat' dir='ltr'><strong>quae</strong></span> <span class='ocrx_word' id='word_1_243' title='bbox 295 1874 387 1907; x_wconf 88' lang='lat' dir='ltr'><strong>tum</strong></span> <span class='ocrx_word' id='word_1_244' title='bbox 409 1878 560 1909; x_wconf 88' lang='lat' dir='ltr'><strong>contra</strong></span> <span class='ocrx_word' id='word_1_245' title='bbox 588 1882 672 1918; x_wconf 88' lang='lat' dir='ltr'><strong>me,</strong></span> <span class='ocrx_word' id='word_1_246' title='bbox 694 1878 930 1924; x_wconf 88' lang='lat' dir='ltr'><strong>contraque</strong></span> <span class='ocrx_word' id='word_1_247' title='bbox 966 1867 1278 1924; x_wconf 79' lang='lat' dir='ltr'><strong>rempublicam</strong></span> <span class='ocrx_word' id='word_1_248' title='bbox 1299 1866 1484 1916; x_wconf 78' lang='lat' dir='ltr'><strong>dixerat,</strong></span> 
     </span>
     <span class='ocr_line' id='line_1_31' title="bbox 46 1915 1568 1981; baseline 0.001 -19"><span class='ocrx_word' id='word_1_249' title='bbox 46 1935 154 1963; x_wconf 88' lang='lat' dir='ltr'><strong>voce</strong></span> <span class='ocrx_word' id='word_1_250' title='bbox 184 1936 235 1963; x_wconf 88' lang='lat' dir='ltr'><strong>ac</strong></span> <span class='ocrx_word' id='word_1_251' title='bbox 257 1924 469 1965; x_wconf 86' lang='lat' dir='ltr'><strong>sententia</strong></span> <span class='ocrx_word' id='word_1_252' title='bbox 491 1939 566 1966; x_wconf 88' lang='lat' dir='ltr'><strong>sua</strong></span> <span class='ocrx_word' id='word_1_253' title='bbox 587 1926 993 1981; x_wconf 85' lang='lat' dir='ltr'><strong>comprobaverunt.</strong></span> <span class='ocrx_word' id='word_1_254' title='bbox 1055 1925 1215 1966; x_wconf 83' lang='lat' dir='ltr'><strong>Iisdem</strong></span> <span class='ocrx_word' id='word_1_255' title='bbox 1247 1926 1285 1954; x_wconf 83' lang='lat'><strong>52</strong></span> <span class='ocrx_word' id='word_1_256' title='bbox 1299 1922 1485 1964; x_wconf 87' lang='lat' dir='ltr'><strong>consuli·</strong></span> <span class='ocrx_word' id='word_1_257' title='bbox 1503 1915 1568 1964; x_wconf 89' lang='grc'><strong>15</strong></span> 
     </span>
     <span class='ocr_line' id='line_1_32' title="bbox 47 1977 1486 2038; baseline 0 -18"><span class='ocrx_word' id='word_1_258' title='bbox 47 1977 128 2020; x_wconf 87' lang='lat' dir='ltr'><strong>bus</strong></span> <span class='ocrx_word' id='word_1_259' title='bbox 151 1979 396 2022; x_wconf 87' lang='lat' dir='ltr'><strong>sedentibus</strong></span> <span class='ocrx_word' id='word_1_260' title='bbox 418 1990 548 2037; x_wconf 86' lang='lat' dir='ltr'><strong>atque</strong></span> <span class='ocrx_word' id='word_1_261' title='bbox 578 1982 935 2038; x_wconf 86' lang='lat' dir='ltr'><strong>inspectantibus,</strong></span> <span class='ocrx_word' id='word_1_262' title='bbox 958 1982 1044 2023; x_wconf 78' lang='lat' dir='ltr'><strong>lata</strong></span> <span class='ocrx_word' id='word_1_263' title='bbox 1065 1982 1134 2023; x_wconf 85' lang='lat' dir='ltr'><strong>lex</strong></span> <span class='ocrx_word' id='word_1_264' title='bbox 1156 1990 1235 2032; x_wconf 85' lang='lat' dir='ltr'><strong>est,</strong></span> <span class='ocrx_word' id='word_1_265' title='bbox 1256 1994 1311 2021; x_wconf 89' lang='lat' dir='ltr'><strong>ne</strong></span> <span class='ocrx_word' id='word_1_266' title='bbox 1341 1980 1486 2036; x_wconf 85' lang='lat' dir='ltr'><strong>auspi-</strong></span> 
     </span>
     <span class='ocr_line' id='line_1_33' title="bbox 49 2034 1484 2096; baseline 0.003 -20"><span class='ocrx_word' id='word_1_267' title='bbox 49 2034 117 2077; x_wconf 87' lang='lat' dir='ltr'><strong>cia</strong></span> <span class='ocrx_word' id='word_1_268' title='bbox 138 2035 341 2090; x_wconf 84' lang='lat' dir='ltr'><strong>valerent,</strong></span> <span class='ocrx_word' id='word_1_269' title='bbox 363 2052 417 2079; x_wconf 86' lang='lat' dir='ltr'><strong>ne</strong></span> <span class='ocrx_word' id='word_1_270' title='bbox 438 2041 534 2095; x_wconf 91' lang='lat' dir='ltr'><strong>quis</strong></span> <span class='ocrx_word' id='word_1_271' title='bbox 555 2040 848 2092; x_wconf 88' lang='lat' dir='ltr'><strong>obnuntiaret,</strong></span> <span class='ocrx_word' id='word_1_272' title='bbox 871 2054 923 2081; x_wconf 89' lang='lat' dir='ltr'><strong>ne</strong></span> <span class='ocrx_word' id='word_1_273' title='bbox 947 2039 1042 2095; x_wconf 88' lang='lat' dir='ltr'><strong>quis</strong></span> <span class='ocrx_word' id='word_1_274' title='bbox 1067 2039 1153 2096; x_wconf 84' lang='lat' dir='ltr'><strong>legi</strong></span> <span class='ocrx_word' id='word_1_275' title='bbox 1176 2037 1484 2080; x_wconf 82' lang='lat' dir='ltr'><strong>intercederet:</strong></span> 
     </span>
    </p>
   </div>
   <div class='ocr_carea' id='block_1_3' title="bbox 49 2163 746 2431">
    <p class='ocr_par' dir='ltr' id='par_1_3' title="bbox 49 2163 746 2431">
     <span class='ocr_line' id='line_1_34' title="bbox 89 2163 745 2220; baseline 0.005 -13"><span class='ocrx_word' id='word_1_276' title='bbox 89 2175 131 2207; x_wconf 85' lang='lat'><strong>46</strong></span> <span class='ocrx_word' id='word_1_277' title='bbox 152 2163 215 2208; x_wconf 70' lang='lat' dir='ltr'><strong>(Iao</strong></span> <span class='ocrx_word' id='word_1_278' title='bbox 229 2177 385 2218; x_wconf 79' lang='lat' dir='ltr'><strong>consules]</strong></span> <span class='ocrx_word' id='word_1_279' title='bbox 408 2176 487 2209; x_wconf 82' lang='lat' dir='ltr'><strong>Duo</strong></span> <span class='ocrx_word' id='word_1_280' title='bbox 502 2180 681 2219; x_wconf 85' lang='lat' dir='ltr'><strong>opponitur</strong></span> <span class='ocrx_word' id='word_1_281' title='bbox 703 2182 745 2220; x_wconf 65' lang='grc' dir='ltr'><strong>τῷ</strong></span> 
     </span>
     <span class='ocr_line' id='line_1_35' title="bbox 49 2219 745 2292; baseline 0.009 -45"><span class='ocrx_word' id='word_1_282' title='bbox 49 2219 191 2292; x_wconf 42' lang='lat' dir='ltr'><strong>”ggii-53³</strong></span> <span class='ocrx_word' id='word_1_283' title='bbox 205 2229 248 2251; x_wconf 91' lang='lat' dir='ltr'><strong>ne</strong></span> <span class='ocrx_word' id='word_1_284' title='bbox 259 2230 365 2251; x_wconf 87' lang='lat' dir='ltr'><strong>unum</strong></span> <span class='ocrx_word' id='word_1_285' title='bbox 377 2221 519 2260; x_wconf 90' lang='lat' dir='ltr'><strong>quidem.</strong></span> <span class='ocrx_word' id='word_1_286' title='bbox 534 2221 614 2252; x_wconf 82' lang='lat' dir='ltr'><strong>alias</strong></span> <span class='ocrx_word' id='word_1_287' title='bbox 627 2222 745 2254; x_wconf 86' lang='lat' dir='ltr'><strong>melius</strong></span> 
     </span>
     <span class='ocr_line' id='line_1_36' title="bbox 51 2269 746 2346; baseline 0.007 -14"><span class='ocrx_word' id='word_1_288' title='bbox 51 2269 71 2290; x_wconf 55' lang='grc' dir='ltr'><strong>ι</strong></span> <span class='ocrx_word' id='word_1_289' title='bbox 88 2282 128 2335; x_wconf 60' lang='lat'><strong>4}</strong></span> <span class='ocrx_word' id='word_1_290' title='bbox 164 2282 251 2345; x_wconf 60' lang='lat' dir='ltr'><strong>,Quis</strong></span> <span class='ocrx_word' id='word_1_291' title='bbox 283 2313 431 2344; x_wconf 83' lang='lat' dir='ltr'><strong>unquam</strong></span> <span class='ocrx_word' id='word_1_292' title='bbox 467 2305 593 2346; x_wconf 75' lang='lat' dir='ltr'><strong>consul]</strong></span> <span class='ocrx_word' id='word_1_293' title='bbox 643 2306 746 2338; x_wconf 80' lang='lat' dir='ltr'><strong>Abest</strong></span> 
     </span>
     <span class='ocr_line' id='line_1_37' title="bbox 52 2345 743 2386; baseline 0.01 -13"><span class='ocrx_word' id='word_1_294' title='bbox 52 2345 161 2375; x_wconf 75' lang='lat' dir='ltr'><strong>consul</strong></span> <span class='ocrx_word' id='word_1_295' title='bbox 183 2356 204 2377; x_wconf 84' lang='lat' dir='ltr'><strong>a</strong></span> <span class='ocrx_word' id='word_1_296' title='bbox 227 2345 308 2377; x_wconf 86' lang='lat' dir='ltr'><strong>Mss.</strong></span> <span class='ocrx_word' id='word_1_297' title='bbox 339 2347 531 2386; x_wconf 85' lang='lat' dir='ltr'><strong>quibusdam</strong></span> <span class='ocrx_word' id='word_1_298' title='bbox 557 2354 592 2379; x_wconf 87' lang='lat' dir='ltr'><strong>et</strong></span> <span class='ocrx_word' id='word_1_299' title='bbox 616 2348 667 2379; x_wconf 90' lang='lat' dir='ltr'><strong>ed.</strong></span> <span class='ocrx_word' id='word_1_300' title='bbox 689 2350 743 2381; x_wconf 86' lang='lat' dir='ltr'><strong>W.</strong></span> 
     </span>
     <span class='ocr_line' id='line_1_38' title="bbox 53 2385 746 2431; baseline 0.009 -15"><span class='ocrx_word' id='word_1_301' title='bbox 53 2385 115 2416; x_wconf 91' lang='lat' dir='ltr'><strong>Sed</strong></span> <span class='ocrx_word' id='word_1_302' title='bbox 136 2387 246 2419; x_wconf 83' lang='lat' dir='ltr'><strong>abesse</strong></span> <span class='ocrx_word' id='word_1_303' title='bbox 269 2397 335 2419; x_wconf 85' lang='lat' dir='ltr'><strong>non</strong></span> <span class='ocrx_word' id='word_1_304' title='bbox 357 2394 479 2429; x_wconf 87' lang='lat' dir='ltr'><strong>potest,</strong></span> <span class='ocrx_word' id='word_1_305' title='bbox 496 2396 534 2421; x_wconf 86' lang='lat' dir='ltr'><strong>ut</strong></span> <span class='ocrx_word' id='word_1_306' title='bbox 550 2400 610 2431; x_wconf 82' lang='lat' dir='ltr'><strong>par</strong></span> <span class='ocrx_word' id='word_1_307' title='bbox 623 2391 686 2422; x_wconf 86' lang='lat' dir='ltr'><strong>hoc</strong></span> <span class='ocrx_word' id='word_1_308' title='bbox 701 2392 746 2423; x_wconf 89' lang='lat' dir='ltr'><strong>sit</strong></span> 
     </span>
    </p>
   </div>
   <div class='ocr_carea' id='block_1_4' title="bbox 787 2178 1489 2422">
    <p class='ocr_par' dir='ltr' id='par_1_4' title="bbox 787 2178 1487 2305">
     <span class='ocr_line' id='line_1_39' title="bbox 788 2178 1487 2220; baseline -0.004 -9"><span class='ocrx_word' id='word_1_309' title='bbox 788 2180 839 2211; x_wconf 88' lang='lat' dir='ltr'><strong>Fr.</strong></span> <span class='ocrx_word' id='word_1_310' title='bbox 875 2181 929 2211; x_wconf 89' lang='lat' dir='ltr'><strong>Sic</strong></span> <span class='ocrx_word' id='word_1_311' title='bbox 943 2184 977 2211; x_wconf 83' lang='lat' dir='ltr'><strong>et</strong></span> <span class='ocrx_word' id='word_1_312' title='bbox 993 2180 1063 2210; x_wconf 79' lang='lat' dir='ltr'><strong>sine¹</strong></span> <span class='ocrx_word' id='word_1_313' title='bbox 1078 2178 1169 2210; x_wconf 89' lang='lat' dir='ltr'><strong>libris</strong></span> <span class='ocrx_word' id='word_1_314' title='bbox 1183 2178 1395 2219; x_wconf 83' lang='lat' dir='ltr'><strong>scripsissem,</strong></span> <span class='ocrx_word' id='word_1_315' title='bbox 1411 2188 1487 2220; x_wconf 87' lang='lat' dir='ltr'><strong>pro·</strong></span> 
     </span>
     <span class='ocr_line' id='line_1_40' title="bbox 787 2221 1487 2263; baseline -0.003 -10"><span class='ocrx_word' id='word_1_316' title='bbox 787 2228 862 2263; x_wconf 87' lang='lat' dir='ltr'><strong>pter</strong></span> <span class='ocrx_word' id='word_1_317' title='bbox 883 2224 1067 2262; x_wconf 85' lang='lat' dir='ltr'><strong>sequentia,</strong></span> <span class='ocrx_word' id='word_1_318' title='bbox 1082 2232 1122 2252; x_wconf 84' lang='lat' dir='ltr'><strong>ne</strong></span> <span class='ocrx_word' id='word_1_319' title='bbox 1143 2221 1487 2262; x_wconf 56' lang='lat' dir='ltr'><strong>„terrerent—signifi*-</strong></span> 
     </span>
     <span class='ocr_line' id='line_1_41' title="bbox 787 2264 1186 2305; baseline -0.003 -10"><span class='ocrx_word' id='word_1_320' title='bbox 787 2269 912 2296; x_wconf 80' lang='lat' dir='ltr'><strong>carent.</strong></span> <span class='ocrx_word' id='word_1_321' title='bbox 935 2264 1034 2305; x_wconf 84' lang='lat' dir='ltr'><strong>Vulg.</strong></span> <span class='ocrx_word' id='word_1_322' title='bbox 1051 2264 1186 2302; x_wconf 64' lang='lat' dir='ltr'><strong>auden-c.</strong></span> 
     </span>
    </p>

    <p class='ocr_par' dir='ltr' id='par_1_5' title="bbox 787 2304 1489 2422">
     <span class='ocr_line' id='line_1_42' title="bbox 831 2304 1487 2347; baseline -0.003 -9"><span class='ocrx_word' id='word_1_323' title='bbox 831 2310 871 2338; x_wconf 90' lang='lat'><strong>50</strong></span> <span class='ocrx_word' id='word_1_324' title='bbox 888 2317 951 2347; x_wconf 81' lang='lat' dir='ltr'><strong>pro</strong></span> <span class='ocrx_word' id='word_1_325' title='bbox 973 2312 1004 2338; x_wconf 78' lang='lat' dir='ltr'><strong>te</strong></span> <span class='ocrx_word' id='word_1_326' title='bbox 1026 2308 1093 2347; x_wconf 80' lang='lat' dir='ltr'><strong>ipso</strong></span> <span class='ocrx_word' id='word_1_327' title='bbox 1114 2314 1249 2336; x_wconf 84' lang='lat' dir='ltr'><strong>nemone</strong></span> <span class='ocrx_word' id='word_1_328' title='bbox 1270 2304 1330 2344; x_wconf 57' lang='grc' dir='ltr'><strong>πμ]</strong></span> <span class='ocrx_word' id='word_1_329' title='bbox 1356 2305 1487 2345; x_wconf 80' lang='lat' dir='ltr'><strong>Nempe</strong></span> 
     </span>
     <span class='ocr_line' id='line_1_43' title="bbox 787 2347 1489 2387; baseline 0 -8"><span class='ocrx_word' id='word_1_330' title='bbox 787 2359 864 2380; x_wconf 87' lang='lat' dir='ltr'><strong>cum</strong></span> <span class='ocrx_word' id='word_1_331' title='bbox 877 2350 957 2381; x_wconf 90' lang='lat' dir='ltr'><strong>olim</strong></span> <span class='ocrx_word' id='word_1_332' title='bbox 980 2359 1053 2381; x_wconf 86' lang='lat' dir='ltr'><strong>reus</strong></span> <span class='ocrx_word' id='word_1_333' title='bbox 1074 2358 1171 2380; x_wconf 86' lang='lat' dir='ltr'><strong>esses.</strong></span> <span class='ocrx_word' id='word_1_334' title='bbox 1194 2347 1333 2379; x_wconf 83' lang='lat' dir='ltr'><strong>historia</strong></span> <span class='ocrx_word' id='word_1_335' title='bbox 1355 2347 1489 2387; x_wconf 79' lang='lat' dir='ltr'><strong>ignora·</strong></span> 
     </span>
     <span class='ocr_line' id='line_1_44' title="bbox 787 2396 853 2422; baseline 0.015 -1"><span class='ocrx_word' id='word_1_336' title='bbox 787 2396 853 2422; x_wconf 85' lang='lat' dir='ltr'><strong>tur.</strong></span> 
     </span>
    </p>
   </div>
   <div class='ocr_carea' id='block_1_5' title="bbox 52 2430 750 2888">
    <p class='ocr_par' dir='ltr' id='par_1_6' title="bbox 53 2430 742 2473">
     <span class='ocr_line' id='line_1_45' title="bbox 53 2430 742 2473; baseline 0.009 -15"><span class='ocrx_word' id='word_1_337' title='bbox 53 2430 220 2467; x_wconf 76' lang='lat' dir='ltr'><strong>sequenti:</strong></span> <span class='ocrx_word' id='word_1_338' title='bbox 242 2432 314 2470; x_wconf 83' lang='lat' dir='ltr'><strong>quis</strong></span> <span class='ocrx_word' id='word_1_339' title='bbox 328 2433 553 2473; x_wconf 78' lang='lat' dir='ltr'><strong>consul—quis</strong></span> <span class='ocrx_word' id='word_1_340' title='bbox 567 2437 742 2472; x_wconf 78' lang='lat' dir='ltr'><strong>tyrannus.</strong></span> 
     </span>
    </p>

    <p class='ocr_par' dir='ltr' id='par_1_7' title="bbox 52 2471 750 2888">
     <span class='ocr_line' id='line_1_46' title="bbox 93 2471 743 2514; baseline 0.009 -13"><span class='ocrx_word' id='word_1_341' title='bbox 93 2471 133 2501; x_wconf 75' lang='lat'><strong>48</strong></span> <span class='ocrx_word' id='word_1_342' title='bbox 146 2472 231 2511; x_wconf 78' lang='lat' dir='ltr'><strong>quod</strong></span> <span class='ocrx_word' id='word_1_343' title='bbox 241 2477 374 2503; x_wconf 80' lang='lat' dir='ltr'><strong>tantum</strong></span> <span class='ocrx_word' id='word_1_344' title='bbox 388 2475 420 2505; x_wconf 74' lang='lat' dir='ltr'><strong>h.</strong></span> <span class='ocrx_word' id='word_1_345' title='bbox 431 2472 485 2514; x_wconf 87' lang='lat' dir='ltr'><strong>f.]</strong></span> <span class='ocrx_word' id='word_1_346' title='bbox 510 2475 653 2514; x_wconf 73' lang='lat' dir='ltr'><strong>Quidam</strong></span> <span class='ocrx_word' id='word_1_347' title='bbox 667 2475 743 2508; x_wconf 86' lang='lat' dir='ltr'><strong>libri</strong></span> 
     </span>
     <span class='ocr_line' id='line_1_47' title="bbox 53 2508 745 2561; baseline 0.009 -19"><span class='ocrx_word' id='word_1_348' title='bbox 53 2508 274 2561; x_wconf 68' lang='lat' dir='ltr'><strong>habentium.</strong></span> <span class='ocrx_word' id='word_1_349' title='bbox 297 2515 395 2547; x_wconf 88' lang='lat' dir='ltr'><strong>male.</strong></span> <span class='ocrx_word' id='word_1_350' title='bbox 441 2516 674 2548; x_wconf 84' lang='lat' dir='ltr'><strong>Hotomannus</strong></span> <span class='ocrx_word' id='word_1_351' title='bbox 696 2518 745 2548; x_wconf 91' lang='lat' dir='ltr'><strong>lo-</strong></span> 
     </span>
     <span class='ocr_line' id='line_1_48' title="bbox 53 2556 745 2598; baseline 0.012 -15"><span class='ocrx_word' id='word_1_352' title='bbox 53 2561 128 2584; x_wconf 85' lang='lat' dir='ltr'><strong>cum</strong></span> <span class='ocrx_word' id='word_1_353' title='bbox 143 2556 298 2587; x_wconf 78' lang='lat' dir='ltr'><strong>vitiosum</strong></span> <span class='ocrx_word' id='word_1_354' title='bbox 313 2563 423 2597; x_wconf 86' lang='lat' dir='ltr'><strong>putat.</strong></span> <span class='ocrx_word' id='word_1_355' title='bbox 446 2568 562 2598; x_wconf 90' lang='lat' dir='ltr'><strong>nempe</strong></span> <span class='ocrx_word' id='word_1_356' title='bbox 583 2569 649 2589; x_wconf 90' lang='lat' dir='ltr'><strong>non</strong></span> <span class='ocrx_word' id='word_1_357' title='bbox 666 2562 745 2592; x_wconf 88' lang='lat' dir='ltr'><strong>satis</strong></span> 
     </span>
     <span class='ocr_line' id='line_1_49' title="bbox 52 2599 745 2638; baseline 0.01 -12"><span class='ocrx_word' id='word_1_358' title='bbox 52 2603 199 2635; x_wconf 76' lang='lat' dir='ltr'><strong>apparet,</strong></span> <span class='ocrx_word' id='word_1_359' title='bbox 213 2599 375 2638; x_wconf 90' lang='lat' dir='ltr'><strong>quomodo</strong></span> <span class='ocrx_word' id='word_1_360' title='bbox 396 2600 459 2631; x_wconf 87' lang='lat' dir='ltr'><strong>hoc</strong></span> <span class='ocrx_word' id='word_1_361' title='bbox 483 2601 646 2632; x_wconf 83' lang='lat' dir='ltr'><strong>cohaereat</strong></span> <span class='ocrx_word' id='word_1_362' title='bbox 669 2613 745 2633; x_wconf 90' lang='lat' dir='ltr'><strong>cum</strong></span> 
     </span>
     <span class='ocr_line' id='line_1_50' title="bbox 52 2640 746 2685; baseline 0.013 -19"><span class='ocrx_word' id='word_1_363' title='bbox 52 2640 269 2685; x_wconf 71' lang='lat' dir='ltr'><strong>sequentibus.</strong></span> <span class='ocrx_word' id='word_1_364' title='bbox 313 2641 376 2672; x_wconf 83' lang='lat' dir='ltr'><strong>Sed</strong></span> <span class='ocrx_word' id='word_1_365' title='bbox 402 2642 473 2672; x_wconf 79' lang='lat' dir='ltr'><strong>haee</strong></span> <span class='ocrx_word' id='word_1_366' title='bbox 504 2652 571 2675; x_wconf 89' lang='lat' dir='ltr'><strong>non</strong></span> <span class='ocrx_word' id='word_1_367' title='bbox 599 2648 677 2674; x_wconf 83' lang='lat' dir='ltr'><strong>sunt</strong></span> <span class='ocrx_word' id='word_1_368' title='bbox 705 2645 746 2675; x_wconf 83' lang='lat' dir='ltr'><strong>ad</strong></span> 
     </span>
     <span class='ocr_line' id='line_1_51' title="bbox 53 2683 744 2727; baseline 0.013 -19"><span class='ocrx_word' id='word_1_369' title='bbox 53 2688 161 2727; x_wconf 56' lang='lat' dir='ltr'><strong>vrvum</strong></span> <span class='ocrx_word' id='word_1_370' title='bbox 177 2683 360 2714; x_wconf 85' lang='lat' dir='ltr'><strong>resecanda.</strong></span> <span class='ocrx_word' id='word_1_371' title='bbox 399 2684 559 2715; x_wconf 87' lang='lat' dir='ltr'><strong>Homines</strong></span> <span class='ocrx_word' id='word_1_372' title='bbox 573 2690 744 2726; x_wconf 83' lang='lat' dir='ltr'><strong>putarant,</strong></span> 
     </span>
     <span class='ocr_line' id='line_1_52' title="bbox 53 2719 747 2767; baseline 0.013 -17"><span class='ocrx_word' id='word_1_373' title='bbox 53 2719 203 2753; x_wconf 82' lang='lat' dir='ltr'><strong>Pisonem</strong></span> <span class='ocrx_word' id='word_1_374' title='bbox 225 2725 503 2757; x_wconf 85' lang='lat' dir='ltr'><strong>modestissimum</strong></span> <span class='ocrx_word' id='word_1_375' title='bbox 524 2732 559 2757; x_wconf 87' lang='lat' dir='ltr'><strong>et</strong></span> <span class='ocrx_word' id='word_1_376' title='bbox 581 2728 747 2767; x_wconf 81' lang='lat' dir='ltr'><strong>optimum</strong></span> 
     </span>
     <span class='ocr_line' id='line_1_53' title="bbox 53 2764 748 2804; baseline 0.012 -12"><span class='ocrx_word' id='word_1_377' title='bbox 53 2764 220 2796; x_wconf 79' lang='lat' dir='ltr'><strong>consulem</strong></span> <span class='ocrx_word' id='word_1_378' title='bbox 236 2767 318 2804; x_wconf 84' lang='lat' dir='ltr'><strong>fore,</strong></span> <span class='ocrx_word' id='word_1_379' title='bbox 332 2777 408 2798; x_wconf 90' lang='lat' dir='ltr'><strong>cum</strong></span> <span class='ocrx_word' id='word_1_380' title='bbox 423 2770 526 2800; x_wconf 78' lang='lat' dir='ltr'><strong>vitam</strong></span> <span class='ocrx_word' id='word_1_381' title='bbox 541 2779 687 2800; x_wconf 86' lang='lat' dir='ltr'><strong>severam</strong></span> <span class='ocrx_word' id='word_1_382' title='bbox 702 2771 748 2800; x_wconf 85' lang='lat' dir='ltr'><strong>vi-</strong></span> 
     </span>
     <span class='ocr_line' id='line_1_54' title="bbox 55 2803 750 2849; baseline 0.012 -14"><span class='ocrx_word' id='word_1_383' title='bbox 55 2803 181 2838; x_wconf 84' lang='lat' dir='ltr'><strong>derent.</strong></span> <span class='ocrx_word' id='word_1_384' title='bbox 225 2809 288 2839; x_wconf 88' lang='lat' dir='ltr'><strong>Sed</strong></span> <span class='ocrx_word' id='word_1_385' title='bbox 304 2809 340 2839; x_wconf 86' lang='lat' dir='ltr'><strong>in</strong></span> <span class='ocrx_word' id='word_1_386' title='bbox 354 2819 393 2840; x_wconf 90' lang='lat' dir='ltr'><strong>eo</strong></span> <span class='ocrx_word' id='word_1_387' title='bbox 409 2810 482 2841; x_wconf 86' lang='lat' dir='ltr'><strong>falsi</strong></span> <span class='ocrx_word' id='word_1_388' title='bbox 504 2816 596 2849; x_wconf 88' lang='lat' dir='ltr'><strong>sunt,</strong></span> <span class='ocrx_word' id='word_1_389' title='bbox 610 2821 686 2842; x_wconf 84' lang='lat' dir='ltr'><strong>cum</strong></span> <span class='ocrx_word' id='word_1_390' title='bbox 701 2812 750 2843; x_wconf 84' lang='lat' dir='ltr'><strong>fa-</strong></span> 
     </span>
     <span class='ocr_line' id='line_1_55' title="bbox 55 2850 304 2888; baseline 0.02 -12"><span class='ocrx_word' id='word_1_391' title='bbox 55 2853 144 2878; x_wconf 74' lang='lat' dir='ltr'><strong>ceret</strong></span> <span class='ocrx_word' id='word_1_392' title='bbox 155 2850 304 2888; x_wconf 87' lang='lat' dir='ltr'><strong>pessime.</strong></span> 
     </span>
    </p>
   </div>
   <div class='ocr_carea' id='block_1_6' title="bbox 95 2891 746 2935">
    <p class='ocr_par' dir='ltr' id='par_1_8' title="bbox 95 2891 746 2935">
     <span class='ocr_line' id='line_1_56' title="bbox 95 2891 746 2935; baseline 0.006 -15"><span class='ocrx_word' id='word_1_393' title='bbox 95 2891 136 2923; x_wconf 75' lang='lat'><strong>49</strong></span> <span class='ocrx_word' id='word_1_394' title='bbox 157 2891 280 2923; x_wconf 80' lang='lat' dir='ltr'><strong>edicere</strong></span> <span class='ocrx_word' id='word_1_395' title='bbox 302 2893 459 2935; x_wconf 75' lang='lat' dir='ltr'><strong>audebas]</strong></span> <span class='ocrx_word' id='word_1_396' title='bbox 489 2894 543 2926; x_wconf 89' lang='lat' dir='ltr'><strong>Sic</strong></span> <span class='ocrx_word' id='word_1_397' title='bbox 569 2899 658 2927; x_wconf 86' lang='lat' dir='ltr'><strong>recte</strong></span> <span class='ocrx_word' id='word_1_398' title='bbox 682 2895 746 2925; x_wconf 88' lang='lat' dir='ltr'><strong>Ms.</strong></span> 
     </span>
    </p>
   </div>
   <div class='ocr_carea' id='block_1_7' title="bbox 787 2430 1491 2928">
    <p class='ocr_par' dir='ltr' id='par_1_9' title="bbox 787 2430 1488 2685">
     <span class='ocr_line' id='line_1_57' title="bbox 830 2430 1485 2474; baseline -0.008 -9"><span class='ocrx_word' id='word_1_399' title='bbox 830 2437 867 2465; x_wconf 87' lang='grc'><strong>51</strong></span> <span class='ocrx_word' id='word_1_400' title='bbox 885 2444 961 2474; x_wconf 78' lang='lat' dir='ltr'><strong>quos</strong></span> <span class='ocrx_word' id='word_1_401' title='bbox 983 2433 1121 2474; x_wconf 81' lang='lat' dir='ltr'><strong>legatos]</strong></span> <span class='ocrx_word' id='word_1_402' title='bbox 1141 2433 1286 2472; x_wconf 77' lang='lat' dir='ltr'><strong>Legatos</strong></span> <span class='ocrx_word' id='word_1_403' title='bbox 1301 2430 1464 2462; x_wconf 86' lang='lat' dir='ltr'><strong>redundat</strong></span> <span class='ocrx_word' id='word_1_404' title='bbox 1475 2442 1485 2460; x_wconf 87' lang='lat'>:</span> 
     </span>
     <span class='ocr_line' id='line_1_58' title="bbox 787 2473 1486 2515; baseline -0.003 -10"><span class='ocrx_word' id='word_1_405' title='bbox 787 2476 980 2515; x_wconf 84' lang='lat' dir='ltr'><strong>volebatque</strong></span> <span class='ocrx_word' id='word_1_406' title='bbox 1015 2476 1115 2507; x_wconf 89' lang='lat' dir='ltr'><strong>deleri</strong></span> <span class='ocrx_word' id='word_1_407' title='bbox 1146 2476 1178 2506; x_wconf 83' lang='lat' dir='ltr'><strong>J.</strong></span> <span class='ocrx_word' id='word_1_408' title='bbox 1210 2475 1262 2505; x_wconf 85' lang='lat' dir='ltr'><strong>Fr.</strong></span> <span class='ocrx_word' id='word_1_409' title='bbox 1290 2473 1486 2504; x_wconf 83' lang='lat' dir='ltr'><strong>Gronovius.</strong></span> 
     </span>
     <span class='ocr_line' id='line_1_59' title="bbox 788 2515 1487 2558; baseline -0.006 -10"><span class='ocrx_word' id='word_1_410' title='bbox 788 2518 853 2548; x_wconf 90' lang='lat' dir='ltr'><strong>Alii</strong></span> <span class='ocrx_word' id='word_1_411' title='bbox 868 2518 1013 2549; x_wconf 85' lang='lat' dir='ltr'><strong>maluere</strong></span> <span class='ocrx_word' id='word_1_412' title='bbox 1034 2529 1111 2549; x_wconf 86' lang='lat' dir='ltr'><strong>mox</strong></span> <span class='ocrx_word' id='word_1_413' title='bbox 1133 2528 1192 2558; x_wconf 92' lang='lat' dir='ltr'><strong>pro</strong></span> <span class='ocrx_word' id='word_1_414' title='bbox 1207 2517 1325 2555; x_wconf 80' lang='lat' dir='ltr'><strong>legasti</strong></span> <span class='ocrx_word' id='word_1_415' title='bbox 1346 2515 1487 2545; x_wconf 86' lang='lat' dir='ltr'><strong>seribere</strong></span> 
     </span>
     <span class='ocr_line' id='line_1_60' title="bbox 789 2557 1488 2598; baseline -0.006 -8"><span class='ocrx_word' id='word_1_416' title='bbox 789 2562 910 2598; x_wconf 78' lang='lat' dir='ltr'><strong>legisti,</strong></span> <span class='ocrx_word' id='word_1_417' title='bbox 935 2565 974 2590; x_wconf 82' lang='lat' dir='ltr'><strong>ut</strong></span> <span class='ocrx_word' id='word_1_418' title='bbox 999 2561 1187 2598; x_wconf 73' lang='lat' dir='ltr'><strong>Victoriu53</strong></span> <span class='ocrx_word' id='word_1_419' title='bbox 1213 2564 1249 2589; x_wconf 89' lang='lat' dir='ltr'><strong>et</strong></span> <span class='ocrx_word' id='word_1_420' title='bbox 1271 2558 1318 2588; x_wconf 84' lang='lat' dir='ltr'><strong>sic</strong></span> <span class='ocrx_word' id='word_1_421' title='bbox 1345 2557 1488 2588; x_wconf 84' lang='lat' dir='ltr'><strong>habebat</strong></span> 
     </span>
     <span class='ocr_line' id='line_1_61' title="bbox 789 2598 1488 2634; baseline -0.007 -1"><span class='ocrx_word' id='word_1_422' title='bbox 789 2602 853 2633; x_wconf 88' lang='lat' dir='ltr'><strong>Ms.</strong></span> <span class='ocrx_word' id='word_1_423' title='bbox 870 2603 1035 2634; x_wconf 87' lang='lat' dir='ltr'><strong>Lambini.</strong></span> <span class='ocrx_word' id='word_1_424' title='bbox 1049 2601 1168 2633; x_wconf 63' lang='lat' dir='ltr'><strong>»Illud</strong></span> <span class='ocrx_word' id='word_1_425' title='bbox 1190 2600 1326 2631; x_wconf 85' lang='lat' dir='ltr'><strong>melius:</strong></span> <span class='ocrx_word' id='word_1_426' title='bbox 1353 2609 1413 2629; x_wconf 88' lang='lat' dir='ltr'><strong>nec</strong></span> <span class='ocrx_word' id='word_1_427' title='bbox 1428 2598 1488 2628; x_wconf 91' lang='lat' dir='ltr'><strong>du-</strong></span> 
     </span>
     <span class='ocr_line' id='line_1_62' title="bbox 788 2643 1344 2685; baseline -0.005 -11"><span class='ocrx_word' id='word_1_428' title='bbox 788 2644 858 2675; x_wconf 88' lang='lat' dir='ltr'><strong>bito</strong></span> <span class='ocrx_word' id='word_1_429' title='bbox 874 2655 931 2685; x_wconf 87' lang='lat' dir='ltr'><strong>per</strong></span> <span class='ocrx_word' id='word_1_430' title='bbox 945 2644 1086 2684; x_wconf 85' lang='lat' dir='ltr'><strong>glossam</strong></span> <span class='ocrx_word' id='word_1_431' title='bbox 1102 2643 1250 2675; x_wconf 89' lang='lat' dir='ltr'><strong>additum</strong></span> <span class='ocrx_word' id='word_1_432' title='bbox 1265 2650 1344 2672; x_wconf 88' lang='lat' dir='ltr'><strong>esse.</strong></span> 
     </span>
    </p>

    <p class='ocr_par' dir='ltr' id='par_1_10' title="bbox 788 2680 1491 2928">
     <span class='ocr_line' id='line_1_63' title="bbox 831 2680 1490 2722; baseline -0.011 -5"><span class='ocrx_word' id='word_1_433' title='bbox 831 2689 871 2717; x_wconf 82' lang='lat'><strong>52</strong></span> <span class='ocrx_word' id='word_1_434' title='bbox 885 2688 1066 2717; x_wconf 77' lang='lat' dir='ltr'><strong>consulibus</strong></span> <span class='ocrx_word' id='word_1_435' title='bbox 1078 2686 1259 2716; x_wconf 79' lang='lat' dir='ltr'><strong>sedentibus</strong></span> <span class='ocrx_word' id='word_1_436' title='bbox 1268 2693 1299 2713; x_wconf 83' lang='lat' dir='ltr'><strong>a.</strong></span> <span class='ocrx_word' id='word_1_437' title='bbox 1312 2681 1410 2722; x_wconf 68' lang='lat' dir='ltr'><strong>insp]</strong></span> <span class='ocrx_word' id='word_1_438' title='bbox 1432 2680 1490 2712; x_wconf 82' lang='lat' dir='ltr'><strong>Se-</strong></span> 
     </span>
     <span class='ocr_line' id='line_1_64' title="bbox 788 2724 1488 2768; baseline -0.01 -9"><span class='ocrx_word' id='word_1_439' title='bbox 788 2728 938 2759; x_wconf 76' lang='lat' dir='ltr'><strong>dentibus</strong></span> <span class='ocrx_word' id='word_1_440' title='bbox 951 2729 1215 2768; x_wconf 84' lang='lat' dir='ltr'><strong>interpretantur</strong></span> <span class='ocrx_word' id='word_1_441' title='bbox 1228 2724 1488 2765; x_wconf 82' lang='lat' dir='ltr'><strong>quiescentibus:</strong></span> 
     </span>
     <span class='ocr_line' id='line_1_65' title="bbox 791 2765 1488 2807; baseline -0.004 -7"><span class='ocrx_word' id='word_1_442' title='bbox 791 2770 888 2801; x_wconf 87' lang='lat' dir='ltr'><strong>male.</strong></span> <span class='ocrx_word' id='word_1_443' title='bbox 924 2780 991 2801; x_wconf 89' lang='lat' dir='ltr'><strong>non</strong></span> <span class='ocrx_word' id='word_1_444' title='bbox 1024 2771 1179 2801; x_wconf 77' lang='lat' dir='ltr'><strong>convenit</strong></span> <span class='ocrx_word' id='word_1_445' title='bbox 1214 2765 1488 2807; x_wconf 74' lang='lat' dir='ltr'><strong>inspectantibus:</strong></span> 
     </span>
     <span class='ocr_line' id='line_1_66' title="bbox 791 2811 1490 2851; baseline -0.009 -9"><span class='ocrx_word' id='word_1_446' title='bbox 791 2813 878 2850; x_wconf 91' lang='lat' dir='ltr'><strong>quod</strong></span> <span class='ocrx_word' id='word_1_447' title='bbox 902 2813 1040 2849; x_wconf 85' lang='lat' dir='ltr'><strong>indicat,</strong></span> <span class='ocrx_word' id='word_1_448' title='bbox 1062 2813 1097 2842; x_wconf 89' lang='lat' dir='ltr'><strong>in</strong></span> <span class='ocrx_word' id='word_1_449' title='bbox 1120 2811 1327 2851; x_wconf 80' lang='lat' dir='ltr'><strong>legislatione</strong></span> <span class='ocrx_word' id='word_1_450' title='bbox 1350 2816 1490 2847; x_wconf 86' lang='lat' dir='ltr'><strong>praesen-</strong></span> 
     </span>
     <span class='ocr_line' id='line_1_67' title="bbox 789 2849 1491 2891; baseline -0.007 -7"><span class='ocrx_word' id='word_1_451' title='bbox 789 2858 840 2884; x_wconf 89' lang='lat' dir='ltr'><strong>tes</strong></span> <span class='ocrx_word' id='word_1_452' title='bbox 852 2855 950 2884; x_wconf 81' lang='lat' dir='ltr'><strong>fuisse</strong></span> <span class='ocrx_word' id='word_1_453' title='bbox 965 2859 998 2884; x_wconf 88' lang='lat' dir='ltr'><strong>et</strong></span> <span class='ocrx_word' id='word_1_454' title='bbox 1014 2853 1131 2885; x_wconf 79' lang='lat' dir='ltr'><strong>sedisse</strong></span> <span class='ocrx_word' id='word_1_455' title='bbox 1155 2855 1190 2885; x_wconf 88' lang='lat' dir='ltr'><strong>in</strong></span> <span class='ocrx_word' id='word_1_456' title='bbox 1204 2849 1377 2887; x_wconf 78' lang='lat' dir='ltr'><strong>tribunali,</strong></span> <span class='ocrx_word' id='word_1_457' title='bbox 1393 2860 1411 2881; x_wconf 89' lang='lat' dir='ltr'><strong>e</strong></span> <span class='ocrx_word' id='word_1_458' title='bbox 1426 2858 1491 2891; x_wconf 79' lang='lat' dir='ltr'><strong>quo</strong></span> 
     </span>
     <span class='ocr_line' id='line_1_68' title="bbox 790 2895 1035 2928; baseline 0.004 -2"><span class='ocrx_word' id='word_1_459' title='bbox 790 2895 844 2926; x_wconf 83' lang='lat' dir='ltr'><strong>lex</strong></span> <span class='ocrx_word' id='word_1_460' title='bbox 859 2897 1035 2928; x_wconf 78' lang='lat' dir='ltr'><strong>ferebatur.</strong></span> 
     </span>
    </p>
   </div>
   <div class='ocr_carea' id='block_1_8' title="bbox 700 2943 822 2982">
    <p class='ocr_par' dir='ltr' id='par_1_11' title="bbox 700 2943 822 2982">
     <span class='ocr_line' id='line_1_69' title="bbox 700 2943 822 2982; baseline -0.008 -1"><span class='ocrx_word' id='word_1_461' title='bbox 700 2943 822 2982; x_wconf 78' lang='lat' dir='ltr'><strong>3s4</strong></span> 
     </span>
    </p>
   </div>
  </div>
 </body>
</html>
