1812 3147
323 102 399 137 864
892 107 1139 145 ORATIO

322 203 464 300 (rlibus,p
487 218 561 248 aut
592 209 649 259 id,
671 209 785 264 quod
809 210 930 263 nolit,
952 213 1160 267 accipere,
1182 219 1256 251 aut
1279 211 1336 262 id,
1359 208 1473 266 quod
1496 208 1610 261 velit,
1633 220 1759 264 repud

354 276 458 303 iare.

380 319 513 371 Quid,
537 322 568 362 si
593 337 666 377 per
690 325 775 365 vim
799 324 958 367 tulisti?
992 335 1187 366 tamenne
1217 325 1282 365 lex
1306 326 1396 365 est?
1428 332 1502 363 aut
1525 321 1758 377 quidquam
1793 331 1812 378 ξ’

316 373 415 428 jure
452 388 619 432 gestum
645 381 773 422 videri
808 392 964 437 potest,
987 384 1101 437 quod
1136 397 1207 438 per
1231 384 1316 422 vim
1353 390 1520 436 gestum
1544 392 1634 419 esse
1655 391 1759 418 con·

325 436 436 475 stet?
465 435 603 485 9⁶An,
635 437 668 476 si
701 439 742 478 in
774 454 866 492 ipsa
888 439 1044 479 latione
1080 451 1165 489 tna,
1188 449 1315 494 capta
1339 438 1430 493 jam
1457 438 1573 486 urbe,
1594 433 1758 490 lapides

317 488 443 543 jacti,
475 492 506 532 si
541 507 690 533 manus
713 495 868 536 collata
898 511 983 535 non
1015 506 1093 546 est,
1126 497 1285 536 idcireo
1309 505 1353 535 tu
1389 494 1441 535 ad
1475 494 1589 534 illam
1618 492 1758 532 labem

324 555 452 601 atquc
483 549 665 590 eluviem
687 552 890 602 civitatis,
922 553 1011 592 sinc
1043 568 1209 592 summa
1232 552 1270 592 vi
1302 551 1522 607 pervenire
1551 546 1758 606 potuisti?
1785 574 1802 584 ι-

241 588 303 634 21
326 602 437 644 Cum
462 605 503 646 in
526 606 727 648 tribunali
751 607 926 649 Aurelio
949 610 1250 650 conscribebas
1275 608 1413 664 palam
1441 622 1525 648 non
1558 606 1686 647 modo
1708 603 1760 644 li·
1779 618 1782 622 ·

262 658 462 712 54beros,
497 664 567 703 sed
592 664 721 705 ctiam
757 680 914 716 servos,
939 681 990 706 ex
1026 667 1224 707 omnibus
1257 666 1361 706 vicis
1393 664 1647 714 concitatos,
1668 661 1757 703 vim

323 725 412 758 tum
439 719 635 761 videlicet
657 736 741 762 non
767 723 973 777 parabas?
1006 723 1117 763 Cum
1139 723 1291 764 edictis
1315 722 1397 762 tuis
1423 722 1619 762 tabernas
1641 718 1756 760 clau-

318 774 361 813 di
391 775 593 829 jubebas,
625 793 711 819 non
744 781 831 820 vim
866 780 1076 835 imperitae
1111 779 1413 829 multitudinis,
1436 778 1507 819 sed
1532 776 1755 818 hominum

318 830 595 874 honestorum
618 836 873 876 modestiam
898 837 1253 892 prudentiamque
1275 836 1524 891 quaerebas?
1556 834 1668 875 Cum
1689 847 1755 874 ar-

314 890 449 929 main
474 891 610 932 aedem
634 892 825 933 Castoris
848 895 1164 949 comportabas,
1197 894 1301 934 nihil
1333 893 1463 943 aliud,
1493 891 1572 932 nisi
1606 891 1668 932 uti
1699 904 1753 931 ne

315 945 417 1000 quid
447 961 521 1003 per
546 949 629 989 vim
663 950 733 1004 agi
770 959 926 1005 posset,
956 951 1286 992 macliinabare?
1328 949 1440 991 Cum
1464 963 1562 990 vero
1595 947 1752 1003 gradus

317 1002 509 1044 Castoris
541 1006 780 1046 convellisti
823 1022 872 1048 ac
915 1008 1156 1050 removisti:
1205 1018 1310 1058 tuin,
1355 1016 1402 1048 ut
1444 1005 1636 1047 modeste
1671 1004 1751 1046 tibi

314 1075 440 1115 agere
473 1061 633 1113 liceret,
658 1063 851 1104 homines
885 1065 1065 1105 audaces
1098 1067 1152 1106 ab
1174 1066 1265 1121 ejus
1291 1063 1437 1120 templi
1474 1063 1591 1104 aditu
1622 1071 1751 1117 atque

314 1118 519 1158 adscensu
554 1119 776 1175 repulisti?
809 1121 917 1162 Cum
945 1136 1031 1172 eos,
1054 1123 1126 1177 qui
1161 1123 1200 1163 in
1225 1132 1438 1163 conventu
1465 1120 1650 1161 virorum
1674 1119 1750 1160 bo·-

315 1189 467 1215 norum
492 1177 622 1217 verba
643 1178 695 1218 de
718 1178 851 1218 salute
874 1193 968 1219 mea
991 1179 1191 1230 fecerant,
1215 1180 1358 1219 adesse
1375 1177 1558 1233 jussisti,
1579 1191 1748 1218 eorum-

314 1247 397 1285 que
438 1232 780 1285 advocationem,
813 1236 1025 1286 manibus,
1066 1236 1190 1286 ferro,
1233 1236 1447 1291 lapidibus
1484 1233 1747 1276 discussisti:

253 1288 302 1322 55
319 1298 406 1330 tum
440 1290 634 1344 profecto
657 1292 897 1343 ostendisti,
922 1293 1004 1333 vim
1040 1294 1117 1333 tibi
1151 1295 1336 1334 maxime
1367 1292 1605 1348 displicere.
1663 1291 1750 1331 Ve-

315 1359 409 1385 rum
442 1346 536 1387 haec
569 1347 730 1388 furiosa
764 1349 825 1389 vis
862 1350 1003 1390 vesani
1044 1351 1202 1391 tribuni
1239 1350 1371 1406 plebis
1407 1349 1530 1390 facile
1559 1347 1746 1404 superari

314 1401 541 1459 frangique
564 1405 706 1460 potuit
727 1405 914 1446 virorum
942 1408 1152 1447 bonorum
1177 1408 1239 1448 vel
1264 1408 1434 1455 virtute,
1458 1405 1524 1446 vel
1553 1405 1746 1446 multitu-

312 1459 426 1500 dine.
487 1461 633 1507 Quid?
665 1477 762 1503 eum
787 1463 977 1504 Gabinio
1010 1465 1132 1519 Syria
1156 1466 1351 1514 dabatur,
1384 1463 1645 1504 Macedonia
1675 1462 1747 1503 Pi-

313 1518 420 1567 soni,
446 1519 613 1573 utrique
636 1519 853 1560 infinitum
880 1522 1122 1576 imperium,
1144 1526 1180 1555 97
1200 1523 1348 1575 ingens
1381 1521 1576 1577 pecunia,
1599 1529 1646 1561 ut
1668 1518 1745 1560 tibi

268 1575 458 1615 [nomnia
500 1576 810 1631 permitterent,
850 1586 891 1618 te
932 1579 1198 1632 adjuvarent,
1240 1576 1317 1619 tibi
1363 1593 1551 1628 manum,
1584 1577 1747 1633 copias,
1799 1626 1803 1640 Ι

309 1634 351 1664 98
367 1632 444 1672 tibi
468 1647 565 1673 suos
591 1644 781 1688 speratos
801 1636 1085 1685 centuriones,
1110 1637 1187 1676 tibi
1222 1636 1438 1691 pecunias,
1462 1636 1539 1676 tibi
1565 1633 1746 1674 familias

309 1700 632 1744 compararent:
667 1700 707 1731 te
730 1692 814 1731 suis
838 1692 1051 1733 sceleratis
1075 1693 1356 1734 concionibus
1379 1693 1662 1742 sublevarent,
1681 1706 1744 1731 se·
1798 1737 1800 1742 .

308 1755 433 1786 natus
469 1748 769 1788 auctoritatem
805 1749 1040 1799 irriderent,
1068 1750 1283 1804 etpiitibus
1323 1750 1527 1790 Romanis
1561 1758 1742 1789 mortem
1796 1748 1800 1788 ἐ

308 1804 753 1860 proscriptionemque
776 1806 1098 1847 minitarentur:
1132 1822 1198 1847 me
1222 1818 1426 1848 terrerent
1456 1806 1605 1847 minis:
1638 1805 1743 1846 mihi
1796 1838 1799 1865 :

305 1860 467 1901 eaedem
500 1871 542 1902 et
572 1862 895 1903 dimicationem
926 1864 1250 1905 denuntiarent:
1285 1879 1422 1905 meam
1455 1865 1646 1914 domum,
1679 1877 1743 1903 re·
1794 1872 1798 1913 ξ

303 1915 454 1958 sertam
483 1919 582 1959 viris
606 1919 742 1968 bonis,
765 1924 806 1954 99
825 1935 896 1975 per
927 1922 1087 1961 amieos
1119 1937 1216 1961 suos
1238 1922 1526 1977 complerent:
1559 1919 1741 1975 proscri-
1794 1953 1796 1980 ;

302 1974 463 2028 ptionis
487 1985 602 2016 metu
627 1991 694 2016 me
718 1976 958 2032 frequentia
982 1979 1189 2018 nudarent
1215 1980 1398 2018 virorum
1425 1980 1649 2028 bonorum,
1671 1990 1739 2017 me

300 2033 503 2085 praesidi‹›
546 2033 802 2088 spoliarent:
844 2038 1105 2075 ¹⁰⁰senatmn
1151 2051 1226 2090 pro
1266 2050 1332 2075 me
1370 2051 1456 2076 non
1498 2034 1627 2076 modo
1661 2048 1739 2090 pu-

300 2102 446 2143 gnare,
467 2090 778 2146 amplissimum
801 2091 1020 2143 ordinem,
1053 2093 1124 2132 sed
1146 2094 1274 2133 etiam
1301 2093 1481 2148 plorare,
1502 2101 1545 2133 et
1576 2090 1738 2147 suppli·
1791 2086 1794 2110 ¹

351 2245 392 2278 96
408 2245 460 2276 An
479 2248 505 2276 si
528 2248 561 2276 in
583 2249 653 2287 ipsa
669 2249 998 2288 latione—pervenire
1039 2250 1124 2287 quod
1139 2260 1248 2280 verum
1263 2250 1402 2280 videtur.
1417 2259 1492 2280 nam
1507 2259 1565 2279 cur
1579 2249 1734 2279 centurio-
1786 2273 1790 2293 4

291 2288 441 2327 potuisti]
461 2289 524 2319 Hie
540 2289 629 2319 locus
644 2290 723 2320 mihi
742 2300 912 2329 nunquam
928 2291 996 2331 pla.-
1039 2301 1093 2321 ves
1117 2293 1321 2331 potissimum
1343 2296 1590 2327 commemoret,
1611 2296 1645 2321 et
1664 2301 1736 2321 suos
1786 2309 1790 2338 ζ

295 2330 376 2366 cuit,
401 2340 460 2360 nec
484 2331 582 2361 habet
606 2333 858 2363 Ciceronianum
882 2333 994 2364 chara-
1032 2339 1171 2372 paratos
1203 2335 1288 2364 dicat
1318 2334 1452 2373 frigide3
1490 2344 1565 2364 cum
1593 2333 1734 2363 alterum
1785 2339 1788 2372 j

294 2376 429 2402 ctorem.
1037 2377 1195 2406 sufficiat:
1220 2384 1251 2406 et
1270 2378 1414 2416 pecunia·
1438 2377 1490 2406 hic
1512 2375 1628 2406 alienoe
1642 2380 1732 2412 suut,

335 2417 374 2448 97
394 2415 511 2452 ingens
527 2416 684 2455 pecunia]
717 2417 776 2446 int.
801 2427 837 2447 ex
866 2418 993 2455 aerario,
1037 2418 1089 2447 ubi
1107 2418 1145 2447 de
1162 2419 1189 2448 vi
1206 2424 1337 2448 tantum
1354 2428 1460 2448 sermo
1474 2423 1536 2448 est.
1786 2419 1793 2426 '¹

292 2455 383 2486 velut
419 2456 460 2486 ad
493 2467 570 2486 usus
605 2458 751 2497 publicos
780 2459 812 2488 in
842 2459 991 2498 imperio,
1077 2464 1117 2493 99
1136 2462 1412 2498 peraruit-assuas
1423 2459 1632 2500 complerent]
1651 2459 1731 2489 Haec
1784 2464 1787 2477 ⁵

291 2496 332 2527 ad
360 2498 554 2536 ornandam,
586 2508 623 2530 ut
660 2500 824 2537 dicebant,
862 2503 991 2540 provin-
1034 2511 1163 2531 sensnm
1182 2503 1308 2532 nullom
1334 2503 1466 2532 habent.
1511 2503 1658 2532 Graevius
1680 2510 1734 2531 sn-
1782 2518 1786 2534 J

291 2539 388 2571 ciam.
1033 2544 1189 2582 spicatnr,
1213 2544 1366 2575 excidisse
1390 2549 1534 2575 terrore.-
1556 2544 1611 2574 alii
1637 2543 1732 2574 aliter

331 2586 372 2616 98
387 2583 445 2613 cibi
458 2593 531 2613 suos
540 2588 678 2622 paratos
691 2584 787 2624 cent]
810 2584 988 2615 Fluctuant
1032 2591 1175 2616 tentant.
1192 2587 1323 2616 frustra.

290 2620 362 2654 libri
397 2634 458 2655 scr.
488 2625 575 2655 inter
606 2631 743 2665 paratos
770 2632 804 2657 ct
833 2632 986 2666 speratus.
1076 2631 1135 2656 100
1159 2630 1453 2668 senatum—ampl.
1481 2626 1639 2666 ordinem]
1674 2626 1731 2658 Al-

289 2664 376 2696 lllud
401 2667 472 2697 edd.
498 2672 578 2698 vett.
604 2668 666 2698 hoc
692 2668 809 2699 Lamb.
832 2676 865 2699 ct
888 2670 985 2700 Grnt.
1030 2673 1194 2700 terutrmn
1218 2671 1392 2701 delendum
1405 2683 1414 2700 2
1447 2678 1540 2710 puto,
1566 2674 1728 2706 senatum,
1777 2667 1781 2711 l

288 2706 422 2740 liabent.
434 2714 572 2748 paratos
584 2711 728 2740 restituit
739 2711 894 2741 Graevius.
914 2712 985 2741 Uti·
1029 2721 1102 2749 onze
1118 2712 1245 2742 videtur
1267 2713 1373 2752 glossa
1388 2713 1579 2752 amplissimi
1595 2711 1727 2741 ordinis.
1780 2726 1781 2733 κ

286 2757 363 2780 nam
377 2751 546 2788 dixissent,
559 2752 614 2791 qui
629 2758 737 2782 essent
752 2753 798 2782 illi
809 2755 925 2792 parati
936 2754 984 2783 vel
1031 2762 1105 2783 nam
1120 2764 1298 2794 pronomen
1313 2755 1407 2785 debet
1423 2765 1490 2785 esse
1507 2755 1538 2784 in
1555 2754 1726 2793 principio,
1777 2766 1779 2774 ν

283 2795 408 2830 ηοω-αεὶ
435 2795 646 2824 εεηεανὲοηεε.
691 2795 740 2825 Ab
767 2795 837 2825 edd.
865 2796 903 2826 R.
930 2796 984 2825 Br.
1028 2796 1111 2825 siout
1137 2797 1168 2826 in
1199 2798 1314 2829 ceteris
1331 2798 1496 2829 membris.
1541 2796 1594 2827 Sit:
1608 2800 1642 2827 et
1659 2795 1726 2826 ΗΟ·
1776 2838 1777 2842 ¹

285 2833 382 2874 plane
418 2835 523 2873 abest,
552 2837 697 2876 itemque
725 2837 783 2868 tibi
811 2839 983 2878 pecunias,
1029 2843 1216 2870 toniannus.
