1812 3147
272 113 347 150 752
867 108 1115 147 ORATIO

275 211 470 263 solveret,
493 213 643 253 sumsit
669 228 694 253 a
716 212 766 254 C.
793 221 836 254 et
859 212 925 254 M.
952 212 1098 263 Fufiis,
1120 211 1336 267 equitibus
1369 210 1592 262 Romanis,
1615 209 1703 266 pri-

274 269 418 309 mariis
442 269 557 310 viris.
620 270 706 311 Hie
727 270 911 320 hercule,
936 270 1096 311 cornici
1120 269 1306 319 oculum,
1329 277 1377 309 ut
1398 269 1569 310 dicitur.
1600 281 1700 308 nam

276 325 390 367 hune
416 327 717 383 Hermippum,
736 327 950 368 hominem
972 327 1200 375 eruditum,
1219 327 1356 366 civem
1380 341 1517 376 suum,
1537 325 1606 366 cui
1628 325 1702 365 de-

279 384 407 425 bebat
436 398 525 424 esse
564 385 824 435 notissimus,
858 385 1078 440 percussit.
1110 384 1201 438 ejus
1233 384 1346 423 enim
1379 383 1462 423 fide
1493 381 1646 423 sumsit
1676 395 1702 421 a

279 439 422 481 Fufiis.
487 443 668 482 Securus
712 440 976 496 Hermippus
1014 439 1226 481 Temnum
1264 440 1564 496 proficiscitur,
1603 452 1703 479 cum

276 498 354 538 iste
377 513 465 539 sese
493 500 730 553 pecuniam,
753 514 880 553 quam
913 498 1039 552 hujus
1072 497 1153 537 fide
1181 508 1402 546 sumserat,
1425 512 1450 537 a
1479 495 1702 551 discipulis

275 555 360 595 suis
388 556 549 596 diceret
576 556 708 596 Fufiis
733 555 1060 611 persoluturum.
1093 554 1279 594 habebat
1309 554 1421 594 enim
1454 553 1598 594 rhetor
1622 553 1704 592 iste

276 612 563 653 adolescentes
603 613 809 667 quosdam
853 611 1100 667 locupleteS,
1138 625 1245 666 quos
1287 611 1466 651 dimidio
1509 610 1704 651 redderet

277 669 506 719 stultiores,
538 685 664 725 quam
696 679 932 725 acceperat,
964 669 1037 708 ubi
1071 668 1175 708 nihil
1209 676 1383 723 possent
1411 667 1588 714 discere,
1620 665 1703 707 nisi

215 727 564 783 47ignoi·antiain
604 727 863 767 litterarum:
905 726 1117 766 neminem
1148 725 1321 780 quidem
1352 724 1458 765 adeo
1490 724 1702 764 infatuare

278 785 433 839 potuit,
459 795 505 824 ut
534 785 572 825 ci
605 798 780 824 mimum
807 783 937 824 ullum
968 782 1172 823 crederet.
1233 781 1400 836 Itaque,
1430 795 1528 822 cum
1562 780 1705 821 Roma

275 842 385 882 clam
426 851 536 882 esset
579 841 810 896 profectus,
851 839 1093 893 multosque
1137 839 1313 879 minutis
1358 837 1703 880 mutuationibus

277 899 569 947 fraudavisset,
595 899 636 938 iu
666 897 813 938 Asiam
846 898 976 947 venit,
1002 896 1331 952 Hermippoque
1354 895 1623 951 percontanti
1649 893 1703 935 de

274 957 447 997 nomine
480 955 673 1005 Fufiano,
708 954 949 1011 respondet,
980 957 1019 988 78
1036 968 1078 994 se
1107 967 1277 994 omnem
1313 953 1536 1008 pecuniam
1570 951 1703 992 Fufiis

275 1013 540 1068 persolvisse.
602 1012 795 1063 Interim,
825 1025 963 1066 neque
1001 1011 1059 1051 ita
1092 1010 1221 1067 longo
1253 1009 1490 1061 intervallo,
1520 1009 1700 1050 libertus

273 1085 298 1109 a
332 1070 463 1110 Fufiis
495 1085 592 1110 eum
624 1069 755 1110 literis
788 1069 840 1110 ad
874 1068 1163 1123 Hermippum
1197 1068 1339 1108 venit:
1383 1067 1567 1123 pecunia
1590 1066 1701 1122 peti-

275 1137 343 1168 tur
373 1129 426 1168 ab
462 1127 718 1183 Hermippo.
779 1125 1043 1181 Hermippus
1077 1126 1131 1165 ab
1170 1124 1398 1165 Heraclide
1434 1125 1568 1180 petit3
1610 1124 1702 1179 ipse

277 1193 417 1226 tamen
451 1184 583 1225 'Fufiis
611 1183 820 1225 satisfacit
849 1184 1112 1232 absentibus,
1135 1192 1177 1222 et
1207 1182 1334 1222 fidem
1366 1196 1483 1222 suam
1517 1181 1698 1222 liberat:

276 1241 390 1283 huuc
413 1251 666 1282 aestuantem
689 1252 731 1282 et
753 1241 1103 1296 tergiversantem
1125 1239 1293 1294 judicio
1318 1239 1386 1280 ille
1407 1238 1702 1295 persequitur:

213 1303 300 1339 483.
338 1300 705 1355 recuperatoribus
741 1313 868 1339 causa
898 1297 1189 1353 cognoscitur.
1251 1296 1398 1337 Nolite
1439 1296 1702 1345 existimare,

229 1352 284 1410 ¹''.l
295 1357 450 1406 udices,
475 1372 557 1397 uon
581 1371 723 1406 unam,
742 1366 785 1397 et
805 1355 982 1396 eandem
1007 1354 1206 1395 omnibus
1230 1354 1273 1394 in
1296 1353 1400 1394 locis
1422 1367 1512 1394 esse
1535 1352 1705 1393 frauda-

274 1424 414 1455 torum
453 1424 493 1454 et
533 1414 813 1454 infitiatorum
852 1412 1177 1468 impudentiam,
1219 1410 1323 1451 fecit
1360 1411 1508 1451 eadem
1541 1411 1700 1460 omnia,

271 1487 366 1526 quze
400 1472 532 1511 nostri
564 1471 777 1512 debitores
810 1470 962 1510 solent.
1023 1469 1197 1525 negavit
1229 1483 1317 1508 sese
1348 1468 1526 1508 omnino
1561 1481 1703 1508 versu-

270 1543 358 1568 ram
383 1529 509 1569 ullffii
529 1528 680 1569 fecisse
704 1528 878 1568 Romae:
914 1526 1131 1568 Fufiorum
1153 1540 1196 1566 se
1214 1525 1445 1566 affirmavit
1467 1538 1701 1580 numquam

269 1585 446 1627 omnino
470 1600 622 1626 [tomen
647 1586 834 1626 audisse:
870 1584 1159 1640 Hermippum
1180 1597 1279 1624 vero
1299 1583 1454 1638 ipsum,
1478 1582 1701 1638 pudentis-

272 1644 423 1684 simum
448 1653 576 1699 atque
606 1644 818 1699 optimum
842 1642 995 1692 virum,
1020 1651 1204 1682 veterem
1226 1640 1411 1680 amicum
1444 1649 1573 1695 atque
1604 1638 1703 1680 hos-

271 1701 402 1756 pitem
430 1715 585 1752 meum,
608 1699 999 1755 splendidissimum
1014 1707 1149 1754 atque
1171 1697 1489 1738 ornatissimum
1513 1695 1703 1737 civitatis

273 1773 375 1807 suae,
401 1758 565 1813 probris
586 1758 786 1798 omnibus
817 1756 1141 1810 maledictisque
1173 1754 1362 1795 vexavit.
1422 1753 1504 1795 Sed
1537 1767 1636 1794 cum
1659 1766 1702 1794 se

272 1814 401 1855 homo
425 1814 621 1856 volubilis
643 1814 827 1870 quadam
851 1813 1064 1869 praecipiti
1085 1812 1300 1854 eeleritate
1322 1811 1489 1852 (licendi
1516 1810 1588 1852 illa
1609 1825 1702 1852 ora-

273 1871 389 1912 tione
404 1871 604 1925 jactaret,
627 1881 816 1928 repente,
840 1870 1096 1912 testimoniis
1129 1869 1346 1910 Fufiorum
1370 1868 1705 1923 nominibusque

275 1928 475 1980 recitatis,
506 1930 634 1970 homo
665 1929 971 1970 audacissimus
1003 1927 1237 1984 pertimuit,
1270 1926 1595 1981 loquacissimus
1625 1926 1704 1966 ob-

273 1987 446 2026 mutuit.
511 1986 659 2041 [taque
697 1996 1014 2042 recuperatores
1053 1993 1203 2025 contra
1242 1984 1370 2024 istum
1403 1997 1492 2023 rem
1527 1982 1704 2023 minime

273 2044 447 2083 dubiam
473 2044 609 2099 prima
632 2044 802 2084 actione
824 2043 1144 2098 judicaverunt.
1207 2040 1317 2081 Cum
1341 2040 1584 2095 judicatum
1618 2053 1703 2079 non

191 2098 255 2144 21
274 2100 446 2150 faceret,
464 2101 660 2141 addictus
680 2100 938 2157 Hermippo,
958 2108 1000 2140 et
1022 2100 1075 2139 ab
1099 2098 1181 2139 hoc
1202 2098 1356 2138 ductus
1378 2105 1456 2137 est.
1518 2095 1705 2137 Habetis

273 2167 316 2198 et
338 2157 607 2199 honestatem
634 2158 835 2208 hominis,
857 2168 900 2198 et
921 2156 1222 2197 auctoritatem
1254 2153 1505 2204 testimonii,
1529 2162 1572 2194 et.
1603 2167 1704 2194 cau—

211 2223 360 2255 49sam
401 2230 571 2256 omnem
609 2215 851 2255 simultatis.
912 2213 1056 2268 Atque
1096 2213 1129 2253 is
1163 2213 1217 2253 ab
1258 2212 1501 2267 Hermippo
1534 2211 1703 2261 missus,

273 2287 370 2312 eum
404 2273 442 2313 ei
477 2288 613 2329 pauca
640 2273 857 2328 mancipia
890 2271 1163 2320 vendidisset,
1200 2269 1383 2309 Romam
1419 2282 1461 2308 se
1493 2267 1703 2308 contulit:

271 2329 425 2370 deinde
448 2330 490 2370 in
511 2329 657 2370 Asiam
678 2330 818 2379 rediit,
838 2343 933 2370 cum
950 2329 1043 2384 jam
1068 2326 1197 2368 frater
1221 2332 1338 2366 meus
1359 2324 1513 2366 Flacco
1536 2339 1705 2365 succes-

271 2387 407 2437 sisset,
430 2387 481 2428 ad
506 2402 633 2442 quem
656 2387 776 2437 adiit,
799 2400 1057 2440 causamque
1079 2384 1139 2425 ita
1161 2383 1335 2433 detulit3
1368 2391 1702 2437 recuperatores,

273 2446 311 2486 vi
336 2443 477 2485 Flacci
501 2455 675 2485 coaetos
698 2452 741 2484 et
764 2454 895 2494 metu,
918 2444 1069 2485 falsum
1091 2441 1247 2482 invitos
1263 2439 1540 2495 judicavisse.
1604 2438 1706 2479 Fra-

268 2516 332 2544 ter
361 2516 496 2552 meus,
526 2516 603 2557 pro
639 2515 714 2541 sua
744 2502 951 2555 aequitate
985 2499 1310 2555 prudentiaque,
1343 2496 1547 2546 decrevit,
1581 2506 1642 2545 ut,
1673 2495 1708 2536 si

262 2560 507 2615 judicatum
533 2566 724 2614 negaret,
747 2560 789 2600 in
813 2559 990 2615 duplum
1015 2558 1108 2597 iret.
1137 2557 1169 2596 si
1195 2564 1310 2596 metu
1333 2563 1505 2595 coactos
1528 2553 1704 2602 diceret,

266 2675 329 2708 12³5.
384 2674 491 2713 Atque
526 2673 626 2703 etiam
659 2682 725 2702 non
757 2674 863 2704 multo
891 2678 963 2712 post
1007 2676 1045 2704 ut
1057 2681 1142 2711 saepe
1159 2670 1282 2699 factum
1295 2673 1356 2698 est.

269 2717 377 2746 Codex
395 2722 507 2746 noster
519 2715 620 2745 habet
635 2715 673 2744 de
695 2717 822 2746 nomine
837 2716 964 2757 Fegffissa-
1050 2718 1089 2748 78
1112 2724 1144 2743 se
1167 2710 1307 2749 omnem]
1339 2711 1387 2740 Ab
1402 2709 1450 2739 his
1470 2710 1574 2740 verbis
1588 2710 1714 2741 lacuna.

268 2770 317 2789 πο.
365 2759 403 2788 1η
426 2758 492 2788 Ms.
517 2758 580 2787 Gn.
601 2756 721 2787 desunt
743 2759 866 2794 omnia,
892 2768 963 2798 quze
1007 2762 1054 2788 cst
1071 2756 1104 2785 in
1120 2757 1185 2786 Ms.
1201 2753 1263 2783 Gu.
1279 2762 1379 2791 usque
1395 2752 1435 2781 ad
1451 2752 1547 2782 verba
1562 2763 1589 2782 c.
1605 2755 1654 2783 ¹23.
1669 2760 1706 2781 ιη

268 2806 346 2831 sunt
362 2801 448 2830 inter
462 2801 523 2830 hoc
538 2808 658 2829 nomen
674 2803 707 2828 et
723 2805 795 2838 post
812 2810 835 2831 a
853 2801 962 2840 Fusiis.
1009 2800 1112 2839 princ.
1158 2798 1223 2829 Sed
1235 2804 1407 2835 exponam,
1421 2794 1500 2833 quid
1514 2795 1547 2824 in
1562 2805 1598 2825 re
1610 2796 1662 2826 sic.

269 2843 392 2873 Oculus
411 2854 429 2873 a
445 2844 550 2883 primo
565 2841 605 2872 ad
628 2840 767 2872 alterum
794 2843 968 2879 aboi-ravit,
