1817 3169
539 121 608 159 IN
645 119 691 158 L.
724 118 1004 158 PISONEM.
1387 121 1485 157 1145

55 236 189 286 perat,
210 229 250 259 ‘24
268 224 502 276 testificari,
524 222 689 265 tabulas
721 223 949 278 obsignare
970 220 1091 272 velle,
1116 220 1350 277 Epicurum
1371 225 1412 253 2⁵
1424 223 1490 264 di-

55 295 214 327 sertum
235 284 400 334 dicere3
432 291 475 322 et
508 291 650 322 tamen
681 280 844 321 dictum
874 280 1043 335 opinor,
1066 293 1108 317 se
1140 277 1300 318 nullum
1329 279 1490 320 bonum

56 341 294 397 intelligere
321 354 460 396 posse,
482 338 635 379 demtis
659 337 849 393 corporis
874 335 1182 391 voluptatibus.
1243 336 1360 380 Quid
1383 336 1491 377 rnul-
1502 353 1556 390 70

57 400 127 439 ta?
159 398 339 439 Graecus
363 396 500 437 facilis
531 405 574 436 et
606 394 726 435 valde
748 403 965 443 venustus,
987 392 1115 433 nimis
1143 406 1318 447 pugnax
1342 402 1493 433 contra

56 464 296 496 senatorem
319 453 467 511 populi
503 452 687 493 Romani
719 465 808 492 esse
839 450 992 491 noluit.
1055 447 1132 489 Est
1160 459 1302 489 autem
1332 447 1419 498 hic,
1440 450 1492 490 de
1506 458 1577 513 29

55 526 141 566 quo
160 511 326 566 loquor,
350 525 434 551 non
458 509 733 566 philosophia
764 507 915 559 solum,
939 506 1011 548 sed
1037 506 1166 546 etiam
1189 505 1355 555 litteris,
1377 506 1494 559 quod

56 568 145 609 fere
165 579 330 610 ceteros
352 567 587 623 Epicureos
612 566 829 622 negligere
850 565 1014 614 dicunt,
1038 562 1286 619 perpolitus.
1332 562 1497 602 Poema

57 639 187 681 porro
209 625 314 666 facit
337 625 396 666 ita
417 624 633 672 festivum,
657 624 717 664 ita
738 622 1012 671 concinnum,
1035 622 1095 661 ita
1115 620 1302 675 eleganS,
1318 618 1427 660 nihil
1451 629 1497 660 ut

59 682 150 723 fieri
175 682 310 738 possit
332 682 540 738 argutius.
602 680 652 721 In
684 695 769 735 quo
803 677 1086 735 reprehendat
1106 691 1204 718 eum
1229 677 1343 727 licet,
1366 676 1399 717 si
1423 676 1498 731 qui

58 739 200 791 volet3
231 739 362 780 modo
395 738 560 788 leviter,
585 752 670 778 non
702 748 750 778 ut
777 736 1008 792 impurum,
1036 749 1122 775 non
1156 744 1204 775 ut
1236 734 1499 789 improbum,

57 811 146 837 non
168 806 217 836 ut
239 796 458 846 audacem,
480 794 553 835 sed
578 804 624 834 ut
647 793 912 843 Graeculum,
936 803 985 834 ut
1009 800 1331 840 assentatorem,
1353 801 1401 831 ut
1425 804 1500 845 po-

60 853 191 894 etam.
227 852 428 903 Devenit,
451 860 525 892 aut
547 851 691 907 potius
714 850 868 891 incidit
892 851 934 891 in
958 850 1103 899 istum,
1121 848 1270 889 eodem
1295 848 1502 903 deceptus

60 909 306 966 supercilio,
331 909 510 950 Graeeus
533 918 660 963 atque
685 908 864 957 advena,
887 922 973 962 quo
998 916 1086 947 tam
1109 905 1277 961 sapiens
1307 915 1352 945 et
1383 914 1505 945 tanta

60 967 228 1008 civitas.
253 980 452 1007 revocare
475 980 518 1006 se
540 980 625 1007 non
651 974 832 1021 poterat,
856 963 1145 1005 familiaritate
1167 962 1438 1019 implicatus:
1460 971 1505 1002 et

62 1024 187 1064 simul
221 1023 523 1064 inconstantiae
567 1022 726 1063 famam
769 1022 1008 1062 verebatur.
1048 1029 1238 1076 rogatus,
1279 1019 1502 1069 invitatus,

61 1090 252 1132 coactus,
274 1081 336 1121 ita
357 1081 398 1111 <26
412 1079 547 1121 multa
568 1080 620 1121 ad
644 1081 775 1120 istum
797 1079 850 1119 de
873 1079 956 1119 isto
979 1078 1166 1133 scripsit,
1185 1088 1233 1117 ut
1255 1091 1403 1117 omnes
1421 1076 1503 1116 ho-

60 1138 189 1179 minis
226 1138 440 1188 libidines,
477 1137 624 1178 omnia
664 1150 887 1177 coenarum
924 1149 1082 1191 genera
1117 1134 1502 1188 conviviorumque

64 1195 273 1236 adulteria
307 1194 490 1249 denique
522 1194 616 1250 ejus
648 1193 962 1234 delicatissimis
996 1191 1186 1232 versibus
1229 1191 1500 1246 expresserit.

65 1251 115 1293 In
136 1253 307 1307 quibus,
326 1252 359 1292 si
382 1252 477 1307 quis
498 1251 613 1303 velit,
633 1250 770 1307 possit
792 1250 912 1291 istius
935 1259 1155 1304 tamquam
1175 1249 1216 1288 in
1242 1248 1415 1304 speculo
1440 1248 1560 1291 xvi-71

64 1318 152 1350 tam
175 1310 329 1350 intueri
347 1326 355 1350 :
388 1323 441 1349 ex
464 1308 620 1363 quibus
643 1308 790 1359 multa,
813 1322 838 1348 a
858 1306 1003 1347 multis
1022 1306 1133 1347 lecta
1151 1316 1194 1347 et
1214 1305 1374 1356 audita,
1393 1305 1500 1346 reci-

67 1375 216 1417 tarem,
239 1366 319 1407 nisi
343 1379 522 1417 vererer,
544 1380 597 1406 ne
614 1365 698 1406 hoc
721 1365 861 1420 ipsum
882 1378 1017 1420 genus
1039 1363 1260 1412 orationis,
1281 1377 1366 1418 quo
1386 1377 1500 1404 nunc

65 1433 178 1474 utor,
200 1424 254 1464 ab
276 1422 403 1478 hujus
435 1422 519 1464 loci
548 1436 667 1464 more
697 1422 966 1463 abhorreret:
998 1430 1042 1461 et
1071 1420 1197 1462 simul
1221 1420 1273 1461 de
1294 1421 1403 1475 ipso,
1426 1420 1543 1475 quip-
1560 1425 1612 1457 95-

67 1480 252 1536 scripsit,
274 1479 440 1521 detrahi
458 1479 573 1521 nolo.
596 1480 667 1535 qui
689 1479 723 1519 si
747 1478 898 1519 fuisset
919 1479 961 1520 in
981 1478 1192 1534 discipulo
1212 1478 1500 1532 comparando
1512 1476 1542 1496 a.

63 1538 239 1578 meliore
257 1536 442 1588 fortuna,
467 1536 648 1578 fortasse
669 1536 876 1578 austerior
897 1544 940 1576 et
962 1535 1134 1591 gravior
1152 1549 1242 1575 esse
1265 1535 1474 1590 potuisset
1492 1551 1502 1576 ι

67 1594 139 1635 sed
169 1609 265 1635 eum
301 1608 422 1635 casus
453 1595 495 1634 in
531 1593 643 1636 hanc
675 1593 1029 1635 consuetudinem
1063 1592 1276 1632 scribendi
1314 1592 1503 1642 induxit,

68 1650 328 1707 philosopho
348 1651 468 1691 valde
488 1651 709 1707 indignam
726 1668 734 1692 :
759 1649 968 1705 siquidem
987 1648 1338 1705 philosophia,‚ut
1356 1648 1505 1700 fertur,

67 1707 237 1749 virtutis
274 1709 483 1759 continet,
517 1718 560 1749 et
591 1707 739 1759 officii,
775 1717 818 1748 et
858 1709 966 1748 bene
999 1706 1169 1748 vivendi
1207 1705 1503 1762 disciplinam:

67 1779 197 1820 quam
220 1765 295 1821 qui
319 1765 557 1820 profitetur,
580 1764 877 1821 gravissimam
909 1763 1016 1805 mihi
1049 1764 1257 1805 sustinere
1280 1777 1505 1819 personam

69 1821 254 1863 videtur.
315 1822 399 1863 Sed
422 1822 534 1863 idem
557 1837 679 1864 casus
710 1822 827 1862 illum
859 1821 1072 1878 ignarum,
1095 1820 1198 1876 quid
1220 1819 1507 1876 profiteretur,
1518 1823 1569 1862 72

69 1893 168 1919 cum
192 1893 234 1919 se
255 1878 557 1935 philosophum
588 1894 679 1920 esse
710 1880 884 1931 diceret,
906 1879 1031 1919 istius
1058 1877 1359 1934 impurissimae
1380 1887 1507 1933 atque

70 1934 520 1992 intemperantissimae
538 1937 714 1992 pecudis
739 1950 867 1977 coeno
889 1945 933 1976 et
954 1935 1150 1977 sordibus
1173 1935 1429 1989 inquinavit.

130 1993 218 2039 Qui
248 1993 377 2034 modo
408 2007 505 2034 curn
539 2009 604 2034 res
635 2004 776 2050 gestas
815 1993 1060 2034 consulatus
1093 1992 1178 2032 mei
1202 1991 1506 2034 collaudasset:

71 2064 169 2104 quae
191 2049 365 2105 quidem
383 2049 571 2091 laudatio
591 2050 780 2092 hominis
803 2049 1054 2106 turpissimi,
1075 2049 1182 2090 mihi
1205 2049 1287 2104 ipsi
1309 2058 1399 2089 erat
1422 2064 1510 2105 pae-

72 2120 127 2147 ne
149 2107 311 2162 turpis:
343 2109 483 2148 2711011
506 2106 577 2148 illa
598 2108 694 2160 tibi,
716 2107 871 2162 inquit,
895 2107 1058 2148 invidia
1084 2106 1248 2157 nocuit,
1270 2106 1343 2148 sed
1366 2120 1510 2147 versus

115 2238 156 2266 24
177 2236 358 2277 testificari,
387 2237 516 2267 tabulas
542 2237 605 2268 obs.
630 2236 676 2276 v.]
709 2236 771 2267 Le-
815 2238 898 2267 teria
913 2237 1048 2277 denique
1063 2236 1144 2277 ejus.
1168 2236 1230 2267 hoc
1245 2236 1375 2276 quidem
1389 2237 1512 2268 imitati

71 2278 160 2318 pide,
176 2279 217 2309 ad
230 2279 481 2319 exprimendum
503 2279 645 2310 hominis
670 2279 772 2309 studi·
815 2288 938 2310 sumuS.

76 2329 130 2350 um
145 2321 180 2351 in
194 2321 365 2352 retinenda
381 2321 549 2361 voluptate
563 2331 728 2362 corporea.
857 2325 895 2356 27
912 2332 976 2352 non
1001 2322 1073 2351 ulla
1098 2322 1167 2358 tibi,
1189 2322 1214 2352 i.
1237 2322 1361 2352 invidia
1385 2322 1509 2362 nocuit]

117 2363 157 2393 25
179 2363 335 2394 disertum
350 2364 454 2393 dicere
481 2363 554 2402 &c.]
579 2364 632 2394 Sic
658 2374 716 2404 pro
739 2365 771 2395 d.
814 2363 976 2405 Rescripsi
989 2365 1050 2394 illu
1074 2374 1092 2394 e
1117 2364 1181 2394 Ms.
1196 2364 1324 2394 Faerni.
1348 2374 1424 2394 nam
1447 2374 1512 2394 non

75 2403 245 2436 decernere
266 2405 338 2435 dedi
364 2415 440 2435 cum
464 2405 606 2436 Graevio.
633 2416 709 2436 nam
724 2409 769 2436 sic
810 2407 883 2437 ulla
897 2407 1037 2437 nimium
1052 2412 1112 2436 est.
1156 2407 1270 2436 Sermo
1296 2411 1348 2437 est
1369 2406 1408 2436 de
1431 2416 1510 2437 con-

77 2446 158 2476 Mss.
187 2447 348 2478 meliores.
390 2448 453 2478 Pro
484 2447 671 2487 Epicurum
698 2448 771 2479 edd.
811 2448 922 2479 sulatu
938 2449 1104 2479 Ciceronis
1130 2453 1165 2478 et
1189 2448 1264 2478 inde
1288 2453 1362 2479 orta
1376 2448 1510 2480 invidia.

75 2497 125 2528 pr.
140 2488 206 2519 fere
219 2489 436 2528 Epicureum.
469 2489 599 2527 Cetera,
615 2495 646 2520 et
661 2494 772 2520 tamen
813 2490 876 2521 Sed
890 2491 962 2521 Piso
975 2490 1114 2521 dixerat:
1131 2500 1193 2521 non
1206 2491 1266 2521 illa
1279 2491 1310 2531 (e
1322 2491 1513 2521 consulatus

76 2530 200 2560 dictum
215 2532 336 2570 opinor,
353 2537 431 2562 sunt
447 2532 574 2568 vitiosa,
589 2542 650 2562 nec
664 2532 772 2563 mede·
813 2532 975 2573 laudibus)
994 2533 1119 2563 invidia
1142 2533 1199 2562 tibi
1220 2533 1329 2562 nocuit
1339 2546 1348 2563 ,·
1372 2532 1428 2562 sed
1441 2543 1514 2563 ver-

78 2570 146 2602 lam
172 2574 287 2612 reperi.
331 2575 450 2604 Sensus
473 2580 607 2614 apparet
622 2587 629 2604 z
655 2574 774 2613 Epicu-
817 2584 884 2611 sus,
897 2575 1013 2615 quibus
1027 2575 1094 2615 ipse
1108 2579 1142 2606 te
1157 2574 1295 2604 laudasti
1312 2574 1465 2610 nimium,
1478 2580 1516 2605 et

79 2622 152 2661 1·an
167 2623 234 2644 esse
258 2614 426 2645 hominem
447 2615 618 2653 disertum,
634 2617 688 2654 qui
703 2626 775 2656 per·
817 2617 973 2648 invidiam
988 2617 1131 2647 movisti.
1176 2617 1255 2647 Mox
1271 2620 1345 2656 post
1359 2617 1517 2655 scripsisti

78 2663 188 2694 spicue
211 2661 244 2686 et
269 2657 365 2696 plane
383 2657 513 2694 dixerit,
526 2668 598 2697 quae
612 2659 771 2690 sentiret:
817 2660 904 2689 enim
926 2660 1020 2690 omisi
1042 2669 1165 2695 versus,
1182 2658 1268 2698 quod
1288 2669 1307 2688 a
1330 2658 1437 2697 glossa
1459 2668 1518 2690 na-

80 2706 156 2726 eum
169 2702 280 2728 autem
294 2699 409 2730 dixisse
424 2700 483 2729 &c.
817 2707 904 2738 tum,
919 2702 1027 2732 abfuit
1040 2701 1080 2731 ab
1095 2702 1210 2732 eodem
1233 2700 1296 2730 Ms.
1321 2699 1368 2730 ita
1389 2699 1468 2730 fecit
1481 2705 1518 2732 et

113 2738 164 2786 '26
185 2741 291 2770 multa
304 2740 350 2770 ad
362 2741 461 2771 istum
485 2742 523 2771 de
550 2743 609 2772 isto
629 2743 773 2782 scripsit]
820 2744 967 2774 Graevius
982 2755 992 2774 ι
1026 2743 1083 2782 qui
1109 2743 1179 2773 sine
1207 2742 1306 2772 dubio
1331 2751 1389 2782 per
1415 2742 1520 2782 negli-

80 2779 220 2827 Videtur
231 2783 456 2821 corrigendum
468 2784 507 2813 de
518 2784 676 2822 ipso.mox
687 2785 777 2814 Grae-
819 2786 967 2825 gentiam
982 2785 1122 2816 retinuit
1143 2794 1207 2814 non
1229 2785 1313 2820 ulla,
1328 2793 1403 2813 cum
1419 2783 1453 2813 in
1468 2795 1522 2816 ce·

79 2830 163 2869 vius,
178 2828 308 2853 secutus
322 2824 442 2854 librum
454 2825 584 2862 Faerni,
599 2826 708 2856 omisit
724 2828 777 2856 Ῑιο-
818 2827 898 2858 teris
913 2827 966 2858 hic
981 2827 1135 2859 codicem
1151 2826 1245 2857 illum
1257 2830 1457 2866 sequeretur.

81 2865 178 2895 mznis
190 2865 269 2896 etin
283 2865 348 2898 fine
365 2867 499 2908 denique
512 2867 636 2900 addidit
649 2879 656 2898 ε
681 2869 776 2898 adul-
