1817 3169
445 107 448 111 ·
473 92 588 130 PRO
617 91 662 128 L.
690 89 1001 128 CORNELIO
1029 93 1232 130 BALBO.
1474 92 1570 130 1107

142 212 206 240 ηε
226 197 318 252 ipsa
339 195 538 237 declarat.
572 193 839 249 Hospitium,
857 192 1000 234 multis
1019 195 1141 234 annis
1162 206 1261 236 ante
1283 194 1364 236 hoe
1389 204 1570 248 teinpus,

141 268 239 296 cum
265 253 312 293 L.
337 252 537 293 Cornelio
560 251 800 293 Gaditanos
833 248 983 290 fecisse
1016 251 1200 306 publice,
1223 253 1335 292 dico.
1357 250 1568 307 proferam
1585 258 1614 288 b.

142 320 283 361 testes,
308 310 516 365 proferam
540 308 727 365 legatos:
759 307 962 348 excitabo
994 307 1247 358 laudatores,
1269 322 1375 362 quos
1405 308 1456 348 ad
1491 306 1573 347 hoc

133 368 365 422 judicium,
399 380 586 407 summos
627 365 821 406 homines
853 378 903 404 ac
945 364 1248 416 nobilissimos,
1277 366 1572 420 deprecatores

141 424 268 478 hujus
293 424 482 479 periculi,
506 423 654 463 missos
679 421 845 462 videtis.
874 435 918 461 re
949 421 1132 476 denique
1159 421 1294 462 multo
1316 431 1415 460 ante
1438 420 1573 460 Gadi-

141 481 219 522 bus
244 481 449 532 inaudita,
469 480 573 531 fore,
592 479 693 520 huic
714 488 760 519 ut
783 479 837 518 ab
861 477 931 520 illo
963 479 1198 534 periculum
1229 487 1456 526 crearetur,
1478 491 1574 532 gra-

145 538 320 578 vissima
342 549 429 578 tum
465 539 506 578 in
540 538 667 578 istum
698 537 835 577 civem
868 550 989 577 suum
1025 535 1228 577 Gaditani
1247 538 1287 569 93
1301 543 1576 575 senatuscon-

141 595 251 636 sulta
283 595 490 636 fecerunt.
554 594 704 635 Potuit
746 592 883 648 magis
922 593 1078 634 fundus
1114 592 1295 649 populus
1334 591 1574 632 Gaditanus
1587 605 1635 639 ,μζ

141 651 231 693 fieri
253 653 474 707 (quoniam
508 651 590 693 hoc
621 663 882 706 magnopere
913 651 1122 691 delectare
1151 651 1302 700 verbo)
1334 649 1366 689 si
1401 659 1490 689 tum
1522 648 1577 688 sit

142 707 314 760 fundus,
335 724 434 751 cum
457 709 564 750 scita
584 724 633 749 ac
649 708 771 764 jussa
792 718 938 748 nostra
969 723 1043 748 sua
1075 707 1286 748 sententia
1307 706 1577 761 comprobat,

140 780 268 820 quam
291 781 387 807 cum
412 766 645 822 hospitium
667 765 784 814 fecit,
799 775 846 803 ut
865 776 908 804 et
921 764 1097 805 civitate
1119 764 1235 806 illum
1256 773 1467 803 mutatum
1487 776 1579 802 esse

141 823 359 874 fateretur,
377 826 474 864 94et
485 823 613 878 hujus
632 821 819 863 civitatis
843 821 1004 862 honore
1020 821 1316 878 dignissimum
1332 820 1579 875 judicaret?

144 881 286 935 potuit
315 880 470 922 certius
504 880 773 935 interponere
797 878 1012 933 judicium
1050 878 1280 919 voluntatis
1319 892 1422 928 suae,
1449 891 1579 932 quam

142 952 242 978 cum
266 938 395 978 etiam
417 949 706 978 accusatorem
730 936 859 991 hujus
883 936 1018 977 multa
1037 946 1078 976 et
1103 951 1235 992 poena
1251 934 1479 976 multavit?
1502 949 1580 989 po-

143 995 226 1034 tuit
256 995 393 1051 magis
416 994 467 1035 de
489 994 760 1050 rejudicare,
781 1007 910 1047 quam
941 1008 1036 1034 cum
1070 994 1122 1034 ad
1153 1004 1339 1034 vestrum
1360 992 1576 1047 judicium

139 1051 253 1093 cives
274 1051 558 1108 amplissimos
574 1051 748 1107 legavit,
768 1058 896 1090 testes
915 1050 1180 1106 hujusjuris,
1198 1051 1296 1092 vitae
1319 1049 1574 1100 laudatores,

143 1108 318 1164 periculi
348 1109 672 1164 deprecatores?
705 1106 877 1148 Etenim
909 1110 1004 1162 quis
1034 1119 1098 1148 est
1130 1119 1218 1148 tam
1250 1107 1438 1156 demens,
1469 1106 1571 1161 quin
1585 1121 1634 1154 43

142 1166 312 1217 sentiat,
327 1165 402 1221 jus
424 1166 507 1207 hoc
529 1165 758 1207 Gaditanis
789 1179 879 1205 esse
911 1165 1194 1215 retinendum,
1216 1179 1269 1204 ne
1294 1165 1574 1219 interseptum

142 1223 198 1264 sit
219 1223 269 1263 iis
286 1223 366 1264 iter
385 1232 592 1279 perpetuo
612 1223 663 1264 ad
686 1223 769 1264 hoc
789 1221 1099 1277 amplissimum
1116 1222 1341 1277 praemium
1361 1220 1573 1262 civitatis:

141 1290 186 1320 et
208 1294 470 1336 magnopere
492 1281 542 1321 iis
564 1294 654 1321 esse
681 1280 931 1329 laetandum,
955 1279 1082 1334 hujus
1108 1279 1156 1319 L.
1180 1279 1369 1319 Cornelii
1402 1277 1580 1319 benivo-

141 1336 314 1377 lentiam
339 1352 441 1393 erga
463 1353 560 1378 suos
583 1350 798 1378 remanere
822 1336 1043 1378 Gadibus:
1067 1336 1250 1393 gratiam
1272 1347 1313 1376 et
1331 1335 1576 1376 facultatem

141 1395 469 1436 commendandi
504 1395 546 1435 in
578 1394 658 1436 hac
690 1393 866 1434 civitate
887 1394 1073 1436 versari?
1107 1393 1216 1440 Quis
1246 1394 1359 1434 enim
1382 1391 1578 1433 nOStrfim

140 1462 219 1501 est,
250 1451 318 1492 cui
351 1466 435 1492 non
474 1451 544 1492 illa
574 1452 726 1493 civitas
759 1451 814 1491 sit
844 1450 972 1506 hujus
1002 1451 1158 1500 studio,
1190 1465 1305 1501 cura,
1336 1450 1573 1506 diligentia,

137 1509 504 1550 commendatior?
536 1509 721 1558 Omitto,
743 1509 914 1562 quantis
935 1509 1195 1549 ornamentis
1218 1507 1422 1563 populum
1443 1508 1570 1547 istum
1592 1517 1658 1574 19

143 1564 195 1605 C.
212 1565 370 1616 Caesar,
385 1580 480 1606 cum
499 1577 609 1607 esset
632 1567 673 1606 in
698 1564 913 1620 Hispania
934 1575 1106 1620 praetor,
1123 1564 1327 1616 affecerit,
1348 1568 1388 1599 95
1402 1572 1573 1606 contro-

142 1623 298 1663 versias
330 1622 837 1678 sedarit,jura,ipsorum
870 1622 1091 1677 permissu,
1114 1622 1335 1672 statuerit;
1367 1622 1577 1662 invetera-

141 1688 229 1719 tam
251 1680 467 1734 quondam
495 1681 732 1720 barbariam
756 1694 810 1720 ex
835 1679 1148 1720 Gaditanorum
1174 1680 1363 1720 moribus
1386 1678 1578 1734 discipli-

140 1749 278 1791 naque
302 1736 477 1787 delerit3
510 1752 675 1777 summa
707 1737 749 1777 in
771 1751 862 1780 eam
887 1737 1122 1786 civitatem,
1146 1736 1274 1791 hujus
1298 1746 1465 1792 rogatu,
1490 1745 1578 1776 stu-

141 1793 212 1834 dia
230 1803 272 1833 et
294 1794 503 1834 beneficia
523 1794 766 1835 contulerit.
826 1793 969 1834 Multa
1004 1804 1224 1849 praetereo,
1246 1808 1342 1849 quae
1368 1793 1576 1848 quotidie,

140 1849 285 1890 labore
308 1850 433 1905 hujus
454 1863 498 1891 et
519 1852 676 1903 studio,
699 1862 772 1892 aut
795 1851 987 1901 omnino,
1006 1862 1077 1892 aut
1100 1861 1215 1892 certe
1237 1850 1403 1891 facilius
1425 1865 1575 1891 conse-

141 1917 345 1960 quuntur.
380 1907 530 1963 Itaque
551 1919 593 1949 et
612 1909 767 1964 adsunt
789 1908 1002 1965 principes
1024 1908 1227 1958 civitatis,
1251 1918 1293 1948 et
1312 1907 1572 1948 defendunt:
1588 1924 1618 1953 p.
1635 1914 1687 1945 64-

142 1978 300 2014 amore,
321 1964 423 2004 96ut
453 1980 574 2006 suum
605 1967 769 2007 civem:
804 1965 1064 2016 testimonio,
1090 1975 1134 2005 ut
1166 1975 1380 2006 nostrum:
1416 1965 1618 2014 officio,³·

146 2031 190 2061 ut
221 2036 274 2061 ex
314 2021 581 2062 nobilissimo
613 2024 696 2064 civi
729 2023 1047 2064 sanctissimum
1080 2022 1320 2079 hospitem:
1352 2022 1509 2074 studio,
1531 2031 1579 2062 ut

194 2170 235 2201 93
272 2168 567 2207 senatusconsulta]
620 2169 699 2198 Mss.
739 2169 840 2199 etiam

141 2209 250 2241 Guelf.
281 2216 314 2240 et
340 2210 412 2240 edd.
444 2221 490 2250 pr.
517 2215 650 2241 senatus
676 2212 840 2241 convicia:

142 2261 200 2292 pro
215 2262 278 2290 quo
302 2258 389 2282 recte
413 2254 536 2292 primus
561 2254 595 2284 P.
612 2253 790 2289 Victorius,
807 2259 841 2283 et

143 2300 217 2333 post
232 2304 306 2324 eum
329 2295 363 2324 P.
380 2295 552 2324 Manutius
578 2306 607 2325 a.
636 2298 724 2325 1540.
740 2295 841 2325 edidit

144 2338 439 2366 senatusconsulta.-
471 2338 556 2376 quod
587 2347 702 2367 omnes
730 2344 843 2376 postea

144 2380 244 2408 secuti
259 2385 347 2409 sunt.
395 2379 480 2408 Sane
495 2380 641 2409 convicia
661 2380 778 2414 facere,
793 2388 842 2410 et-

146 2420 210 2450 iarn
233 2426 348 2460 aptum
371 2421 416 2450 rei
438 2428 535 2457 esset,
551 2422 606 2451 sed
629 2423 676 2451 ita
691 2431 757 2451 non
774 2431 841 2452 esse

145 2461 276 2492 deberet
290 2463 325 2492 in
340 2464 450 2499 istum,
465 2464 520 2493 sed
536 2465 599 2493 isti.

187 2506 228 2536 9⁴
249 2509 280 2534 et
295 2503 394 2546 hujus
415 2507 557 2535 ciuitatis
582 2505 654 2544 δια]
680 2506 732 2535 Sic
755 2505 840 2536 edidi

147 2555 221 2575 cum
236 2545 416 2577 Lambino:
441 2555 518 2577 ame
533 2554 604 2578 erat
619 2548 652 2577 in
668 2548 740 2578 edd.
756 2548 842 2578 sicut

147 2586 181 2616 in
194 2596 257 2618 scr.
276 2593 305 2618 ee
311 2587 372 2628 jus
383 2589 523 2619 civitatis
536 2592 685 2620 honorem
694 2591 840 2629 ampliss,

146 2633 184 2658 ut
198 2635 247 2659 est
261 2636 294 2660 et
309 2630 459 2660 inGuelf.
473 2633 589 2661 honore
602 2632 745 2670 quidem,
756 2632 843 2671 quud

147 2670 180 2699 in
207 2672 334 2711 scriptis
370 2678 532 2712 repererat
566 2673 681 2704 Lainb.
719 2675 841 2714 recepit

146 2712 317 2743 Gruterus.
338 2723 396 2743 cur
423 2723 487 2748 non
515 2720 550 2745 et
572 2715 737 2745 alterum?
765 2726 841 2746 nain

145 2754 315 2792 vulgatum
317 2766 336 2795 J
342 2765 378 2784 us
387 2765 517 2787 sensum
529 2757 657 2788 nullum
668 2757 720 2787 hic
732 2756 843 2788 habet.

188 2798 229 2829 95
253 2799 482 2828 controversias
507 2799 644 2837 sedarit]
682 2799 760 2829 Non
793 2810 846 2829 co-

149 2835 252 2868 haeret
281 2838 342 2869 hoc
370 2839 452 2870 bene
483 2850 557 2871 cum
588 2841 846 2881 praecedentibus

883 2170 1014 2208 quantis
1029 2167 1438 2210 ornanzetalis—qff'ecerit:
1463 2170 1495 2200 in
1516 2181 1580 2210 quo

883 2221 985 2249 genus
998 2213 1146 2241 omnium
1160 2213 1367 2250 sequentium
1383 2212 1478 2243 inest.
1520 2213 1581 2243 Ar-

886 2254 988 2284 bitror
1009 2254 1252 2294 excidisseaui.
1297 2254 1378 2284 Mox
1400 2264 1458 2293 pro
1481 2265 1580 2295 quon-

884 2296 961 2325 dam
985 2295 1164 2326 Lambinus
1188 2296 1268 2334 legit
1292 2297 1471 2335 quandam,
1498 2297 1580 2327 bene

885 2347 972 2367 sane.
999 2338 1130 2378 respicit
1151 2339 1238 2368 enim
1265 2339 1334 2368 sine
1357 2338 1455 2368 dubio
1480 2339 1580 2369 ritum

887 2381 1059 2410 barbarum
1083 2380 1263 2414 hostiarum
1286 2380 1520 2417 humanarum,
1544 2387 1581 2411 ut

886 2421 940 2452 alii
966 2424 1067 2459 etiam
1099 2422 1264 2458 viderunt,
1279 2433 1376 2461 quem
1393 2423 1502 2455 noluit
1517 2423 1582 2453 cla-

886 2466 951 2494 rius
967 2464 1082 2495 dicere.

924 2507 965 2540 96
980 2511 1018 2539 ut
1030 2517 1128 2537 snum
1143 2506 1259 2546 civem]
1280 2506 1392 2536 Placet
1408 2507 1487 2537 mihi
1503 2517 1583 2546 quo-

882 2558 943 2586 que
960 2549 1141 2579 Gnilielinii
1164 2550 1356 2587 conjectura
1377 2548 1516 2578 delentis
1539 2550 1583 2579 ci·

884 2600 968 2626 vem,
991 2591 1077 2630 quod
1103 2601 1160 2630 per
1183 2591 1324 2630 glossam
1350 2589 1498 2620 additum
1521 2598 1582 2620 est.

886 2632 965 2662 Mox
984 2643 1024 2663 ez·
1046 2634 1237 2663 nobilissimo
1259 2633 1322 2663 civi
1343 2633 1581 2663 sanctissimum

884 2675 1049 2714 hospitem,
1065 2675 1151 2713 quod
1173 2675 1288 2705 Lamb.
1313 2674 1448 2714 recepit,
1466 2685 1524 2714 pro
1547 2679 1585 2705 ut

885 2717 1118 2747 nobilissimum
1128 2721 1159 2746 et
1167 2717 1406 2747 sanctissimum
1419 2717 1584 2755 hospitem,

887 2758 986 2788 habet
1009 2759 1110 2789 etiam
1125 2759 1234 2803 Gpelf.
1259 2763 1296 2788 ut
1324 2757 1379 2788 alii
1404 2757 1483 2789 Mas.
1500 2760 1584 2788 Gru-

888 2801 964 2831 teri.

803 2890 924 2925 404
