1769 3174
413 116 488 156 DE
513 111 813 156 PROVINCIIS
841 114 1255 154 CONSULARIBUS.
1449 114 1546 154 1071

118 217 351 275 publicam,
373 236 499 277 quam
533 229 781 285 perpetuam
816 218 962 275 populi
985 216 1171 258 Romani
1205 217 1397 268 salutem,
1418 230 1547 272 quam

116 289 200 327 me,
231 292 281 318 ac
319 292 435 320 meos
466 292 612 319 omnes
652 277 889 318 foedissime
926 274 1298 338 crudelissimeque
1337 277 1547 315 vexarint.

118 332 280 374 Omnia
301 335 536 376 domestica
557 334 640 384 illa,
661 344 789 388 atque
812 333 973 373 urbana
994 333 1146 383 mitt0;
1178 347 1273 386 quae
1298 340 1400 371 tant·
1393 347 1416 370 ι
1435 341 1547 381 sunt,
1558 333 1582 364 4

117 399 166 430 ut
185 405 417 447 numquam
441 391 658 433 Hannibal
683 390 781 430 huic
803 390 896 430 urbi
919 398 1083 430 tantum
1106 365 1204 429 rriali
1226 388 1399 453 optarit,
1416 402 1550 441 quan·-

117 455 207 488 tum
253 448 310 488 illi
352 449 584 490 effecerint.
650 447 718 488 Ad
761 447 873 503 ipsas
913 447 1038 486 venio
1077 446 1333 509 provincias
1371 459 1442 499 qu·
1431 459 1551 484 irum

115 502 393 556 Macedonia,
415 521 510 561 quae
547 514 635 546 erat
665 513 790 545 ante-i
824 503 986 544 munita
1010 503 1288 566 plurimorum
1322 502 1552 565 imperato-

116 573 211 601 rum
245 576 330 603 non
365 563 566 613 turribus,
596 562 667 602 sed
702 561 891 616 tropaeis,
923 575 1019 615 quae
1053 560 1197 600 multis
1231 559 1422 600 victoriis
1463 566 1552 598 etat

106 616 292 672 jamdiu,
331 620 643 684 triumphisque
677 629 852 675 pacata3
895 618 955 657 sie
988 633 1013 658 a
1052 616 1266 667 Balbaiis,
1300 616 1455 670 quibus
1488 624 1553 654 est

112 686 290 740 propter
313 677 535 718 avaritiam
561 692 642 731 pax
667 684 828 739 erepta,
852 689 944 714 ν6Χ
937 684 1045 724 itur,
1071 683 1116 714 ut
1136 673 1550 722 Thessalonicenses,

113 734 243 786 positi
277 734 316 773 in
341 735 504 789 gremio
531 734 696 788 impeiri
732 731 880 781 nostri,
912 731 1147 786 ielinquere
1176 732 1400 786 oppidum,
1423 740 1465 769 et
1486 743 1550 769 ai·-

113 803 204 829 cem
240 792 405 831 ιιιιιιιιι6
435 806 528 846 coor
521 800 668 831 intur
704 798 750 829 ut
782 789 850 829 via
881 788 952 828 illa
983 798 1140 838 nostia,
1167 803 1241 842 qu
1228 803 1262 828 e
1297 802 1370 843 pei
1400 786 1446 827 M
1456 801 1550 826 ace-

113 846 286 887 doniam
318 857 382 887 est
413 862 546 902 usque
580 847 632 888 ad
676 845 1003 901 Hellespontum
1045 846 1370 895 milit·1ris,non
1412 844 1549 884 solum

112 904 439 944 excursionibus
483 904 767 945 Barbarorum
809 905 863 942 sit
906 902 1075 952 infesta,
1117 902 1188 942 sed
1229 903 1357 942 etiam
1400 901 1550 941 castris

113 960 133 989 6
155 959 349 1001 Thraciis
373 961 589 1012 distincta,
612 976 660 1001 ac
683 969 844 1000 notata.
906 959 973 1000 Ita
1000 969 1148 1015 gentes
1175 973 1252 1009 eae,
1271 974 1383 1014 quae,
1408 969 1453 998 ut
1476 973 1516 1013 p·
1508 974 1551 998 ι-

112 1030 161 1057 66
185 1027 418 1068 uterentur,
441 1021 459 1052 7
477 1019 561 1058 vim
592 1017 759 1073 argenti
792 1016 996 1057 dederant
1000 993 1222 1072 opraeclaro
1246 1026 1391 1056 nostro
1415 1016 1549 1070 impe-

110 1075 266 1126 ratori3
298 1084 346 1115 ut
366 1075 595 1115 exhaustas
627 1076 777 1115 domos
802 1074 959 1129 replere
991 1083 1178 1128 possent,
1210 1088 1287 1129 pro
1307 1084 1421 1113 emta
1444 1087 1547 1136 pace

111 1130 269 1172 bellum
292 1132 414 1173 nobis
439 1132 749 1187 propejustnm
782 1130 1027 1171 intulerunt.
1086 1130 1184 1172 Jam
1211 1145 1308 1171 vero
1331 1131 1581 1170 exercitus5

110 1187 180 1228 ille
203 1200 346 1229 noster
377 1190 681 1253 superbissimo
703 1188 884 1238 delectu,
906 1197 949 1227 et
970 1187 1196 1228 durissima
1227 1187 1588 1242 conquisitionep·
1604 1187 1656 1218 70-

110 1244 328 1296 collectus,
350 1261 489 1287 omnis
509 1246 685 1287 interiit.
748 1245 916 1300 Magno
940 1244 1021 1286 hoc
1041 1245 1139 1285 dico
1161 1259 1259 1285 cum
1281 1245 1440 1285 dolore.
1464 1238 1586 1295 ini-²¹·

111 1303 369 1343 sei-andum
361 1319 402 1344 in
436 1303 610 1344 modum
642 1302 800 1343 milites
834 1301 980 1358 populi
1005 1301 1191 1342 Romani
1225 1317 1303 1357 cap
1291 1301 1355 1351 ti,
1390 1277 1588 1352 ιι66ειιί,3

109 1359 280 1410 deserti,
303 1360 497 1416 dissipati
522 1370 644 1411 sunt3
678 1360 853 1409 incuria,
876 1361 1002 1409 fame,
1023 1359 1190 1409 morbo,
1214 1360 1412 1400 vastitate
1441 1374 1544 1399 con-

109 1417 264 1458 sumti:
309 1420 326 1448 8
345 1427 405 1468 ut,
428 1418 541 1472 quod
564 1432 606 1458 es
591 1427 626 1457 t
649 1416 1010 1473 indignissimum,
1032 1415 1166 1456 scelus
1194 1417 1477 1472 imperatoris,
1499 1416 1543 1457 in

111 1487 288 1528 poenam
326 1486 487 1515 exercit
494 1489 540 1515 us
578 1475 818 1530 expetitum
856 1487 946 1514 esse
984 1473 1192 1514 videatur.
1251 1473 1396 1528 Atque
1431 1473 1544 1514 irinc

111 1529 433 1582 Macedoniam,
455 1531 628 1572 domitis
654 1546 747 1586 Jam
779 1531 980 1587 gentibus
1009 1530 1219 1580 finitimis,
1253 1490 1544 1585 Bailbariaque

109 1601 366 1643 compressa,
382 1603 423 1644 p·
413 1598 577 1629 reatum
601 1589 735 1644 ipsam
753 1603 777 1643 p
782 1603 890 1628 erse
906 1597 950 1628 et
971 1587 1176 1643 quietam,
1190 1589 1306 1628 tenui
1323 1588 1544 1644 praesidiO,

107 1653 238 1700 atque
256 1646 385 1691 exiou
392 1660 416 1685 ·ι
435 1660 577 1695 manu,
596 1647 725 1686 etiam
748 1647 838 1685 sine
860 1646 1055 1700 imperio,
1072 1659 1147 1700 per
1169 1645 1348 1700 legatos,
1373 1646 1545 1686 nomine

108 1716 203 1757 ipso
225 1702 372 1758 populi
399 1701 584 1743 Romani
604 1703 847 1743 tuebamur·
881 1717 976 1757 quae
997 1716 1110 1743 nnnc
1131 1702 1342 1743 consulari
1366 1702 1545 1757 imperio

107 1767 236 1813 atque
257 1759 447 1800 exercitu
471 1760 531 1800 ita
553 1771 708 1800 vexata
730 1770 807 1809 est,
830 1761 902 1799 vix
927 1769 973 1799 ut
996 1773 1038 1799 56
1061 1759 1198 1815 possit
1219 1760 1420 1800 diuturna
1442 1773 1547 1814 paee

110 1829 324 1857 ι·66ι·6·ιι·;6
357 1831 452 1857 cum
488 1817 662 1867 interea,
685 1817 780 1871 quis
805 1816 991 1856 vestium
1022 1816 1106 1857 hoc
1133 1831 1219 1856 non
1251 1817 1428 1865 audivit,
1450 1817 1546 1871 quis

108 1872 295 1928 ignorat,
331 1872 516 1914 Achaeos
556 1874 773 1930 ingentem
810 1873 1036 1937 pecuniam
1078 1874 1261 1928 pendere
1305 1873 1352 1914 L.
1397 1873 1546 1914 Pisoni

108 1930 368 1984 quotannis?
399 1930 584 1986 vectigal
615 1946 663 1971 ac
697 1931 933 1986 portorium
972 1930 1369 1986 Dyrrhachinorum
1406 1940 1546 1972 totum

107 1986 152 2026 in
177 1987 303 2042 hujus
327 1987 450 2027 unius
473 1997 685 2042 quaestum
713 2002 802 2028 6556
824 1990 1106 2028 conversum?
1139 1989 1285 2028 urbem
1310 1987 1376 2042 Β)
1382 1988 1545 2028 zantio-

106 2056 216 2094 rum,
253 2044 390 2095 vobis,
418 2055 546 2099 atque
578 2045 680 2086 huic
712 2045 893 2100 imperio
929 2044 1233 2095 fidelissimam,
1268 2045 1464 2085 hostilem
1500 2046 1543 2086 in

106 2101 281 2141 modum
306 2115 396 2141 esse
420 2105 646 2144 xexatam?
677 2117 762 2156 quo
786 2101 870 2152 ille,
892 2111 1172 2157 posteaquam
1199 2102 1308 2142 nihil
1330 2103 1543 2158 expiime'-

105 2171 150 2198 re
171 2157 226 2199 ab
257 2159 500 2214 egentibus,
521 2159 629 2199 nihil
662 2159 746 2199 una
775 2159 817 2199 vi
848 2174 873 2199 a
903 2159 1066 2199 miseris
1101 2170 1356 2214 extorquere
1386 2160 1543 2216 potuit,

143 2314 164 2344 6
180 2313 261 2345 Thr.
278 2315 446 2353 distincta,
459 2326 498 2346 eze
512 2315 641 2355 notata]
667 2315 687 2346 i.
703 2327 731 2347 6.
754 2315 804 2346 in-
847 2316 986 2347 mimam.

101 2362 265 2396 teri-upta,
306 2358 484 2389 interclusa
519 2366 552 2389 et
588 2359 718 2389 foedata.
765 2359 804 2389 In
890 2362 908 2389 8
931 2364 980 2395 ut,
995 2369 1025 2399 q.
1043 2369 1069 2390 e.
1093 2360 1115 2390 i.
1137 2359 1457 2399 scelus—expetitum
1479 2369 1545 2389 esse

105 2397 252 2429 Thra-iis
268 2400 394 2430 variant
419 2401 490 2430 libri
514 2410 574 2432 scr.
596 2407 630 2431 et
652 2400 722 2431 edd.
745 2401 802 2431 ha-

102 2439 245 2480 bentque
290 2441 452 2479 Thraciis,
492 2443 588 2474 Rom.
630 2442 803 2473 Thraiciis.

104 2482 239 2512 Proetuli
258 2482 421 2521 Thiae-iis,
436 2495 508 2524 (11.ae
532 2491 579 2515 est
605 2485 710 2515 forma
731 2494 803 2515 ora-

102 2524 203 2555 tionis
227 2527 391 2564 prosaicae.
436 2529 528 2567 Sti-pe
554 2528 588 2557 in
613 2527 701 2557 libris
727 2528 804 2557 scri-

104 2566 169 2605 ptis
197 2567 306 2598 forma
335 2578 453 2608 giaeca,
480 2579 576 2608 quam
605 2573 712 2608 poetae
738 2569 768 2599 fe
761 2580 805 2599 re

102 2614 297 2647 sequuntur,
322 2618 494 2648 repertur
519 2622 548 2641 v.
571 2611 741 2642 Drakenb
767 2611 807 2641 ad

102 2648 175 2680 Liv.
212 2651 390 2689 XXXVII,
423 2655 474 2684 23.
527 2653 688 2683 Similiter
723 2654 809 2684 intra

105 2691 269 2722 Thracem
285 2693 358 2724 dedi
374 2705 411 2734 pr
413 2705 432 2724 o
449 2695 523 2726 Tho
525 2706 620 2725 ecem.

143 2737 162 2766 7
186 2735 252 2764 vim
278 2737 427 2776 urgenti]
458 2737 539 2767 13.dd
564 2748 612 2776 μ’.
636 2746 738 2775 usque
764 2736 805 2766 ad

99 2774 220 2805 Aldum
257 2775 383 2808 habent
410 2780 478 2809 ‘cim
506 2789 564 2817 arg.
559 2783 712 2809 enteam.
768 2778 806 2808 Id

100 2816 181 2846 mihi
199 2817 329 2849 videtur
345 2820 502 2857 indicare,
517 2822 567 2860 adj
560 2828 655 2850 ectu
660 2831 714 2850 um
732 2830 788 2860 pos
791 2825 807 2849 t

99 2861 237 2898 argenti
251 2861 420 2900 excidisse,
436 2869 475 2892 ut
497 2874 526 2894 η
531 2873 570 2901 ag
579 2873 656 2892 nam
674 2862 720 2892 vel
739 2872 808 2892 ma-

844 2401 892 2440 v.]
920 2402 982 2431 Pro
997 2403 1173 2442 expetitum
1192 2403 1265 2432 libri
1284 2403 1413 2441 quidam
1431 2402 1543 2441 scripti

846 2445 1016 2483 impetitus,
1033 2451 1071 2474 ut
1088 2450 1121 2475 et
1144 2445 1215 2475 edd.
1240 2444 1279 2475 R.
1293 2445 1346 2475 W.
1363 2445 1420 2473 ἃς.
1443 2444 1542 2475 male.

846 2485 994 2516 Olivetus
1018 2487 1155 2526 1ntabat
1178 2486 1224 2517 lev
1211 2487 1365 2523 u-endum,
1387 2487 1490 2516 scelus
1510 2484 1546 2515 id

846 2529 881 2558 in
900 2538 935 2568 p.
960 2538 993 2558 ιι
995 2529 1039 2557 te
1044 2529 1228 2568 ligcbatque
1249 2528 1351 2558 scelus
1373 2529 1415 2562 id
1429 2527 1468 2557 de
1492 2527 1544 2557 Pi—

848 2579 939 2605 sone,
963 2572 1016 2609 qui
1033 2579 1138 2610 expeti
1131 2572 1194 2601 tus
1214 2572 1257 2601 sit
1281 2581 1298 2600 a
1316 2563 1512 2601 Clodianis}
1513 2568 1543 2599 id

850 2613 1026 2652 pernicicm
1041 2615 1201 2643 exercitus
1236 2612 1331 2642 male.
1377 2611 1488 2641 Scelus
1508 2612 1542 2641 ite

845 2665 881 2694 p.
906 2661 953 2684 est
977 2655 1010 2684 in
1034 2656 1172 2694 pecunia
1192 2665 1212 2685 a
1234 2654 1377 2684 barbaris
1398 2657 1543 2692 accepta.

852 2697 1011 2734 credoque
1034 2707 1106 2726 νει-6
1122 2696 1347 2726 Guilielinium
1371 2695 1544 2724 correxisse

848 2740 1032 2778 ea-petiisxe:
1055 2739 1076 2768 i.
1092 2749 1120 2768 6.
1137 2739 1177 2768 ad
1200 2737 1375 2778 perniciem
1392 2736 1543 2773 valuisse,

848 2781 882 2810 in
907 2790 970 2810 ena
992 2780 1095 2810 forma
1119 2779 1244 2810 dicendi
1267 2784 1300 2809 et
1323 2778 1398 2808 alibi
1421 2779 1545 2808 librarii

849 2822 983 2852 haesere.
999 2832 1029 2851 v.
1045 2821 1212 2852 Guilielm.
1228 2821 1322 2852 Leet.
1341 2820 1485 2852 Piautin.
1497 2819 1543 2850 ⁴in

850 2864 986 2893 Met-cat.
1003 2873 1030 2892 ρ,
1048 2866 1075 2894 5.

748 2911 876 2946 4ΛΩ
