1769 3174
580 127 698 166 PRO
725 128 768 164 Ρ.
795 126 1025 166 SEXTIO.
1411 132 1506 170 1007

83 245 176 275 esse
199 233 435 275 videantur.
489 230 659 272 Etenim
683 231 819 272 tribus
840 229 945 271 locis
967 229 1200 286 significari
1223 230 1410 272 maxime
1432 243 1509 285 po-

79 291 168 345 puli
196 291 379 332 Romani
404 289 619 345 judicium
652 303 701 329 ac
725 287 921 328 voluntas
953 296 1108 342 potest,
1131 287 1353 338 concione,
1375 286 1510 328 comi-

79 348 166 398 tiis,
197 348 392 388 ludorum
425 346 795 402 gladiatorumque
825 358 1040 386 consessu.
1101 344 1212 391 Quae
1243 350 1396 390 concio
1428 351 1510 393 fuit

78 418 155 459 per
186 404 262 446 hos
296 418 444 454 annos,
469 418 565 457 quae
595 402 767 457 quidem
799 411 909 442 esset
940 416 1026 442 non
1049 403 1277 454 conducta,
1301 406 1371 446 sed
1395 422 1507 460 vera,

77 462 121 502 in
163 476 246 516 qua
279 460 426 517 populi
462 460 647 500 Romani
681 462 966 500 48consensus
999 459 1184 515 perspici
1218 474 1303 501 non
1340 468 1509 517 posset?

80 515 258 559 Habitae
293 528 392 558 sunt
424 517 571 558 multae
602 516 654 556 de
686 530 753 556 me
779 531 804 556 a
825 515 1060 571 gladiatore
1094 517 1433 571 sceleratissimo,
1455 523 1508 564 ad

76 589 182 630 quas
216 589 342 616 nemo
365 575 511 616 adibat
544 575 830 629 incorruptus,
862 586 986 613 nemo
1018 574 1208 629 integer:
1240 589 1366 616 nemo
1390 577 1508 620 illum

75 632 244 673 foedum
269 632 433 672 vultum
466 632 668 687 aspicere,
702 644 825 670 nemo
855 629 1050 671 furialem
1083 645 1231 672 vocem
1266 633 1402 674 bonus
1434 650 1507 676 au-

75 689 166 730 dire
190 698 370 746 poterat.
415 688 559 739 Erant,
582 697 701 729 erant
724 687 804 728 illae
829 687 1057 728 conciones
1081 689 1342 744 perditorum
1368 691 1506 734 homi-

75 760 180 787 num
203 747 439 788 necessario
463 745 731 786 turbulentae.
797 743 964 785 Habuit
985 746 1038 786 de
1059 746 1209 787 eodem
1233 762 1300 789 me
1325 747 1373 788 P.
1395 750 1505 792 Len·
1520 746 1593 786 107

76 803 189 844 tulus
220 804 368 844 consul
390 803 658 844 concionem.
681 815 911 843 concursus
943 811 1007 842 est
1039 803 1186 858 populi
1225 804 1410 847 Romani
1442 807 1505 849 fa-

75 871 194 902 ctus:
228 875 374 902 omnes
408 861 592 910 ordines,
615 868 707 900 tota
741 860 780 899 in
814 857 884 899 illa
905 860 1114 900 concione
1147 860 1271 902 Italia
1293 865 1503 906 constitit..

76 916 181 974 Egit
202 933 372 959 causam
396 931 562 958 summa
583 931 680 957 cum
711 916 922 971 gravitate
943 917 1153 972 copiaque
1175 918 1360 970 dicendi,
1384 930 1504 964 tanto

22 997 24 999 ·
72 975 258 1025 silentio,
283 984 400 1016 tanta
430 974 741 1030 approbatione
772 973 979 1023 omnium,
1013 973 1119 1014 nihil
1143 985 1188 1014 ut
1217 990 1418 1032 umquam
1445 980 1506 1019 vi-

71 1032 244 1073 deretur
275 1041 361 1072 tam
397 1031 601 1087 populare
634 1031 684 1071 ad
720 1030 865 1086 populi
904 1030 1089 1072 Romani
1125 1046 1245 1072 aures
1283 1035 1502 1077 accidisse.

76 1088 319 1130 Productus
342 1099 406 1129 est
434 1089 488 1129 ab
510 1103 561 1129 eo
586 1087 667 1128 Cn.
694 1087 938 1143 Pompeius,
961 1088 1034 1142 qui
1069 1102 1112 1129 se
1142 1104 1228 1130 non
1262 1091 1398 1133 solum
1429 1109 1502 1134 au·
1517 1090 1548 1120 b·

74 1157 237 1188 ctorem
270 1161 375 1186 meae
407 1145 568 1196 salutis,
600 1145 671 1186 sed
694 1145 822 1185 etiam
853 1145 1089 1200 supplicem
1120 1146 1280 1201 populo
1305 1148 1503 1192 Romano

74 1203 289 1244 exhibuit.
322 1203 448 1258 hujus
470 1203 608 1243 oratio
631 1212 674 1242 et
706 1203 937 1257 pergravis,
959 1211 1002 1243 et
1033 1213 1156 1258 grata
1176 1206 1372 1247 concioni
1406 1208 1503 1249 fuit.

73 1261 134 1302 sic
156 1261 387 1311 contendo,
410 1274 643 1315 numquam
668 1273 803 1314 neque
826 1260 1080 1301 sententiam
1102 1261 1209 1315 ejus,
1232 1264 1502 1317 auctoritate,

72 1332 212 1373 neque
243 1318 546 1373 eloquentiam,
571 1316 845 1372 jucunditate
874 1316 1055 1357 49fuisse
1087 1318 1264 1373 majore.
1325 1321 1425 1368 Quo
1448 1324 1502 1364 si-
1519 1324 1590 1356 108

74 1374 208 1416 lentio
231 1387 328 1416 sunt
351 1375 486 1416 auditi
509 1375 561 1415 de
584 1389 650 1414 me
672 1373 801 1414 ceteri
828 1373 1042 1429 principes
1063 1375 1279 1418 civitatis?
1310 1393 1417 1433 quos
1439 1380 1504 1421 id-

74 1431 190 1473 circo
214 1446 299 1472 non
322 1432 489 1488 appello
512 1431 595 1473 hoc
617 1431 726 1480 loco,
749 1445 801 1471 ne
824 1445 918 1471 inea
939 1432 1091 1482 oratio,
1118 1432 1152 1473 si
1182 1433 1324 1475 minus
1346 1437 1398 1476 de
1428 1437 1505 1478 ali-

76 1503 163 1544 quo
185 1489 349 1540 dixero,
382 1491 574 1544 ingrata3
607 1489 641 1529 si
675 1488 775 1528 satis
808 1489 860 1529 de
892 1489 1106 1538 omnibus,
1129 1490 1300 1532 infinita
1320 1507 1411 1534 esse
1443 1496 1506 1536 vi-

75 1548 239 1587 deatur.
301 1546 421 1587 Cedo
444 1560 557 1586 nunc
581 1545 773 1601 ejusdem
805 1545 915 1586 illius
948 1546 1112 1587 inimici
1143 1548 1226 1588 mei
1260 1549 1312 1590 de
1345 1565 1413 1592 me
1435 1567 1508 1594 eo-

75 1603 172 1644 dem
195 1603 248 1644 ad
270 1618 415 1644 verum
439 1603 646 1659 populum
668 1602 711 1642 in
735 1617 887 1658 campo
913 1601 1076 1644 Martio
1096 1605 1363 1649 concionem.
1396 1609 1507 1656 Quis

73 1675 159 1701 non
193 1661 321 1701 modo
343 1660 615 1716 approbavit,
639 1660 711 1700 sed
743 1674 827 1700 non
862 1660 1207 1715 indignissimum
1233 1662 1398 1706 facinus
1428 1682 1507 1723 pu-

74 1719 198 1769 tavit,
230 1717 348 1758 illum
380 1732 465 1758 non
495 1717 636 1758 dicam
667 1716 799 1771 loqui,
834 1717 905 1758 sed
933 1719 1076 1758 vivere
1109 1734 1158 1760 ac
1194 1720 1381 1775 spirare?
1411 1724 1506 1779 quis

74 1774 172 1826 fuit,
203 1776 274 1830 qui
308 1790 394 1815 non
427 1775 519 1829 ejus
559 1789 664 1815 voce
696 1774 898 1815 maculari
932 1776 1257 1831 rempublicam,
1294 1793 1436 1834 seque,
1471 1782 1504 1822 si
1529 1821 1551 1833 μ

74 1844 173 1873 eum
209 1832 390 1883 audiret,
420 1831 577 1872 scelere
607 1831 817 1887 adstringi
855 1832 1158 1875 arbitraretur?
1192 1834 1328 1876 Venio
1350 1838 1401 1878 ad
1433 1823 1584 1880 (το-ἶ)1

75 1889 214 1939 mitia,
237 1889 325 1930 sive
353 1889 682 1944 magistratuum
714 1888 868 1944 placet,
891 1890 981 1930 sive
1010 1889 1168 1945 legum.
1230 1892 1366 1948 Leges
1390 1895 1505 1936 vide·
1521 1894 1592 1928 109

74 1960 171 1986 mus
194 1960 307 2001 saepe
331 1946 429 1987 ferri
452 1946 621 1987 multas.
644 1947 799 1987 omitto
821 1960 905 1996 effi,
927 1961 1024 2002 quae
1055 1947 1250 1989 feruntur
1281 1950 1355 2001 ita,
1378 1953 1417 1982 50
1433 1954 1502 1994 vix

75 2012 124 2043 ut
146 2003 282 2058 quini,
304 2012 346 2043 et
378 2003 421 2044 lii
444 2018 498 2044 ex
530 2003 612 2043 alia
634 2004 763 2054 tribu,
786 2003 859 2058 qui
893 2004 1145 2059 suffragium
1177 2005 1328 2056 ferant,
1351 2010 1508 2065 reperi-

75 2069 216 2101 antur.
279 2060 346 2101 De
367 2075 449 2110 me,
473 2075 601 2115 quem
625 2068 868 2116 tyrannum,
887 2070 1016 2116 atque
1037 2072 1276 2117 ereptorem
1299 2064 1507 2108 libertatis

75 2132 166 2158 esse
187 2117 373 2168 dicebat,
396 2118 439 2158 in
469 2117 539 2158 illa
560 2117 683 2158 ruina
703 2117 951 2173 reipublicae
974 2118 1081 2159 dicit
1112 2134 1154 2159 se
1184 2120 1322 2175 legem
1346 2123 1505 2165 tulisse.

76 2174 186 2221 Quis
217 2184 296 2224 est,
328 2175 400 2230 qui
435 2188 493 2225 se,
520 2189 617 2215 cum
651 2183 801 2215 contra
833 2188 902 2215 me
938 2175 1168 2227 ferebatur,
1200 2178 1327 2219 inisse
1360 2180 1509 2221 suffra-

76 2232 196 2287 gium
219 2231 504 2273 confiteatur?
535 2246 634 2272 cum
656 2241 799 2272 autem
821 2231 874 2272 de
895 2246 963 2273 me
984 2233 1135 2273 eodem
1156 2248 1209 2274 ex
1234 2245 1510 2279 senatuscon-

78 2288 203 2339 sulto,
225 2289 413 2330 comitiis
436 2289 701 2339 centuriatis,
725 2288 955 2340 ferebatur,
978 2291 1072 2344 quis
1095 2299 1173 2341 est,
1196 2292 1268 2346 qui
1295 2307 1378 2334 non
1413 2310 1511 2350 pro-

77 2345 249 2386 fiteatur
280 2360 323 2386 se
357 2345 544 2397 affuisse,
580 2355 621 2386 et
657 2345 909 2401 suffragium
949 2347 1001 2387 de
1039 2347 1173 2388 salute
1214 2364 1308 2390 mea
1339 2351 1511 2394 tulisse?

76 2402 186 2444 Utra
207 2403 340 2460 igitur
369 2418 497 2444 causa
530 2403 747 2460 popularis
777 2403 906 2445 debet
937 2403 1099 2445 videri:
1132 2405 1175 2445 in
1205 2421 1288 2461 qua
1310 2410 1510 2450 ⁵lomnes

116 2535 157 2564 43
180 2543 348 2564 consensus
368 2535 508 2574 perspici
529 2533 649 2575 posset]
674 2533 774 2566 Lam·
814 2539 848 2566 et
871 2534 905 2566 hi
928 2545 993 2566 non
1010 2546 1047 2566 ex
1072 2535 1128 2566 illa
1142 2537 1224 2577 ipsa,
1240 2538 1274 2568 in
1290 2549 1351 2577 qua
1364 2539 1512 2570 ferebant

75 2574 172 2606 binus
208 2576 281 2606 addi
309 2576 438 2607 volebat
466 2587 540 2608 non.
571 2578 656 2616 quod
686 2583 773 2608 recte
815 2579 1019 2615 suffragium,
1035 2579 1090 2608 sed
1108 2590 1147 2609 ex
1170 2579 1233 2609 alia
1248 2582 1394 2617 assumti,
1411 2588 1446 2611 nt
1462 2589 1512 2613 ta-

75 2619 192 2658 probat
207 2618 365 2648 Olivetus.
410 2619 472 2649 Res
495 2625 545 2650 est
566 2620 614 2651 ita
629 2620 772 2657 evidens,
817 2630 892 2650 men
916 2621 973 2651 illa
987 2622 1091 2651 tribus
1113 2621 1303 2661 suffragium
1327 2623 1410 2653 ferre
1427 2625 1513 2655 vide-

76 2664 116 2690 ut
129 2659 245 2690 addere
261 2670 327 2690 non
343 2661 532 2692 dubitarim.
816 2668 917 2693 retur.

118 2701 280 2741 49suisse
302 2702 474 2742 majorem]
503 2703 626 2746 ijnre
648 2705 682 2733 in
710 2703 771 2734 ΜΞ,
859 2707 895 2735 51
934 2714 1042 2735 omnes
1077 2706 1268 2745 honestates]
1299 2706 1377 2736 Non
1404 2707 1513 2747 plat-et

75 2746 140 2774 vet.
158 2743 296 2774 Ursinus
319 2745 450 2784 reperit.
496 2746 547 2775 Sic
565 2752 599 2776 et
613 2747 691 2776 Ant.
706 2747 772 2776 Au·
815 2746 1029 2786 quibusdam;
1053 2748 1183 2786 quidum
1200 2753 1233 2777 et
1248 2747 1404 2779 delevere.
1421 2751 1514 2780 hone-

79 2786 230 2824 gustinus
243 2787 436 2825 corrigebat.
471 2787 584 2818 Recte.
779 2786 781 2788 ’
813 2793 913 2819 states
935 2789 1090 2820 dicuntur
1113 2789 1152 2820 de
1177 2789 1376 2827 hominibus,
1399 2796 1436 2823 ut
1455 2803 1513 2833 po-

120 2830 159 2858 50
174 2828 228 2857 vit*
251 2832 286 2857 nt
301 2830 403 2866 quini,
419 2833 449 2858 et
471 2831 504 2858 1ιί
525 2840 564 2859 ω’
583 2830 652 2859 alia
668 2830 768 2869 tribu]
814 2835 955 2862 testacea

76 2867 192 2909 Quini,
207 2869 368 2909 intellige,
385 2871 480 2902 unius
498 2873 602 2902 tribus
626 2873 771 2907 nomine,

737 2920 864 2956 31:⁶2
