<?xml version="1.0" encoding="UTF-8"?>
<!DOCTYPE html PUBLIC "-//W3C//DTD XHTML 1.0 Transitional//EN"
    "http://www.w3.org/TR/xhtml1/DTD/xhtml1-transitional.dtd">
<html xmlns="http://www.w3.org/1999/xhtml" xml:lang="en" lang="en">
 <head>
  <title>
</title>
<meta http-equiv="Content-Type" content="text/html;charset=utf-8" />
  <meta name='ocr-system' content='tesseract 3.04.00' />
  <meta name='ocr-capabilities' content='ocr_page ocr_carea ocr_par ocr_line ocrx_word'/>
</head>
<body>
  <div class='ocr_page' id='page_1' title='image "./p2operaomnia02ciceuoft_0365.png"; bbox 0 0 1769 3174; ppageno 0'>
   <div class='ocr_carea' id='block_1_1' title="bbox 410 78 1544 119">
    <p class='ocr_par' dir='ltr' id='par_1_1' title="bbox 410 78 1544 119">
     <span class='ocr_line' id='line_1_1' title="bbox 410 78 1544 119; baseline -0.003 -1"><span class='ocrx_word' id='word_1_1' title='bbox 410 81 485 119; x_wconf 88' lang='lat' dir='ltr'>DE</span> <span class='ocrx_word' id='word_1_2' title='bbox 510 78 812 119; x_wconf 84' lang='lat' dir='ltr'>PROVINCIIS</span> <span class='ocrx_word' id='word_1_3' title='bbox 838 78 1253 117; x_wconf 88' lang='lat' dir='ltr'>CONSULARIBUS.</span> <span class='ocrx_word' id='word_1_4' title='bbox 1449 80 1544 115; x_wconf 84' lang='lat'><em>1081</em></span> 
     </span>
    </p>
   </div>
   <div class='ocr_carea' id='block_1_2' title="bbox 112 179 1666 2182">
    <p class='ocr_par' dir='ltr' id='par_1_2' title="bbox 112 179 1666 2182">
     <span class='ocr_line' id='line_1_2' title="bbox 117 179 1548 238; baseline -0.001 -15"><span class='ocrx_word' id='word_1_5' title='bbox 117 182 367 235; x_wconf 87' lang='lat' dir='ltr'>redundare,</span> <span class='ocrx_word' id='word_1_6' title='bbox 400 183 460 225; x_wconf 87' lang='lat' dir='ltr'>ita</span> <span class='ocrx_word' id='word_1_7' title='bbox 495 184 549 225; x_wconf 88' lang='lat' dir='ltr'>ab</span> <span class='ocrx_word' id='word_1_8' title='bbox 585 184 736 224; x_wconf 86' lang='lat' dir='ltr'>eodem</span> <span class='ocrx_word' id='word_1_9' title='bbox 774 196 864 224; x_wconf 90' lang='lat' dir='ltr'>esse</span> <span class='ocrx_word' id='word_1_10' title='bbox 897 181 1052 238; x_wconf 88' lang='lat' dir='ltr'>partim</span> <span class='ocrx_word' id='word_1_11' title='bbox 1089 182 1257 232; x_wconf 85' lang='lat' dir='ltr'>recisas,</span> <span class='ocrx_word' id='word_1_12' title='bbox 1288 179 1444 237; x_wconf 87' lang='lat' dir='ltr'>partim</span> <span class='ocrx_word' id='word_1_13' title='bbox 1482 194 1548 221; x_wconf 89' lang='lat' dir='ltr'>re-</span> 
     </span>
     <span class='ocr_line' id='line_1_3' title="bbox 115 238 1548 296; baseline -0.002 -16"><span class='ocrx_word' id='word_1_14' title='bbox 115 253 291 294; x_wconf 82' lang='lat' dir='ltr'>pressas,</span> <span class='ocrx_word' id='word_1_15' title='bbox 316 250 361 282; x_wconf 89' lang='lat' dir='ltr'>ut</span> <span class='ocrx_word' id='word_1_16' title='bbox 382 241 499 292; x_wconf 87' lang='lat' dir='ltr'>Asia,</span> <span class='ocrx_word' id='word_1_17' title='bbox 522 255 618 296; x_wconf 84' lang='lat' dir='ltr'>quae</span> <span class='ocrx_word' id='word_1_18' title='bbox 642 239 868 296; x_wconf 90' lang='lat' dir='ltr'>imperium</span> <span class='ocrx_word' id='word_1_19' title='bbox 895 248 1021 280; x_wconf 87' lang='lat' dir='ltr'>antea</span> <span class='ocrx_word' id='word_1_20' title='bbox 1051 249 1244 279; x_wconf 90' lang='lat' dir='ltr'>nostrum</span> <span class='ocrx_word' id='word_1_21' title='bbox 1275 238 1548 288; x_wconf 80' lang='lat' dir='ltr'>terminabat,</span> 
     </span>
     <span class='ocr_line' id='line_1_4' title="bbox 112 294 1547 354; baseline -0.001 -18"><span class='ocrx_word' id='word_1_22' title='bbox 112 310 227 338; x_wconf 86' lang='lat' dir='ltr'>nunc</span> <span class='ocrx_word' id='word_1_23' title='bbox 249 300 288 327; x_wconf 85' lang='lat'>⁵0</span> <span class='ocrx_word' id='word_1_24' title='bbox 303 298 438 339; x_wconf 89' lang='lat' dir='ltr'>tribus</span> <span class='ocrx_word' id='word_1_25' title='bbox 468 298 590 338; x_wconf 85' lang='lat' dir='ltr'>novis</span> <span class='ocrx_word' id='word_1_26' title='bbox 622 296 854 354; x_wconf 90' lang='lat' dir='ltr'>provinciis</span> <span class='ocrx_word' id='word_1_27' title='bbox 885 296 978 352; x_wconf 89' lang='lat' dir='ltr'>ipsa</span> <span class='ocrx_word' id='word_1_28' title='bbox 1007 295 1219 350; x_wconf 84' lang='lat' dir='ltr'>cingatur.</span> <span class='ocrx_word' id='word_1_29' title='bbox 1282 294 1462 334; x_wconf 84' lang='lat' dir='ltr'>Possum</span> <span class='ocrx_word' id='word_1_30' title='bbox 1493 294 1547 335; x_wconf 91' lang='lat' dir='ltr'>de</span> 
     </span>
     <span class='ocr_line' id='line_1_5' title="bbox 112 351 1590 410; baseline 0.001 -17"><span class='ocrx_word' id='word_1_31' title='bbox 112 353 228 393; x_wconf 90' lang='lat' dir='ltr'>omni</span> <span class='ocrx_word' id='word_1_32' title='bbox 263 356 451 410; x_wconf 83' lang='lat' dir='ltr'>regione,</span> <span class='ocrx_word' id='word_1_33' title='bbox 472 354 524 396; x_wconf 91' lang='lat' dir='ltr'>de</span> <span class='ocrx_word' id='word_1_34' title='bbox 555 355 672 395; x_wconf 90' lang='lat' dir='ltr'>omni</span> <span class='ocrx_word' id='word_1_35' title='bbox 703 353 892 395; x_wconf 86' lang='lat' dir='ltr'>hostium</span> <span class='ocrx_word' id='word_1_36' title='bbox 922 366 1077 408; x_wconf 85' lang='lat' dir='ltr'>genere</span> <span class='ocrx_word' id='word_1_37' title='bbox 1108 352 1263 393; x_wconf 86' lang='lat' dir='ltr'>dicere.</span> <span class='ocrx_word' id='word_1_38' title='bbox 1295 351 1408 391; x_wconf 84' lang='lat' dir='ltr'>nulla</span> <span class='ocrx_word' id='word_1_39' title='bbox 1439 365 1544 407; x_wconf 85' lang='lat' dir='ltr'>gens</span> <span class='ocrx_word' id='word_1_40' title='bbox 1557 362 1590 394; x_wconf 90' lang='lat' dir='ltr'>b.</span> 
     </span>
     <span class='ocr_line' id='line_1_6' title="bbox 112 408 1545 465; baseline -0.001 -15"><span class='ocrx_word' id='word_1_41' title='bbox 112 421 191 461; x_wconf 84' lang='lat' dir='ltr'>est,</span> <span class='ocrx_word' id='word_1_42' title='bbox 213 425 310 465; x_wconf 75' lang='lat' dir='ltr'>quae</span> <span class='ocrx_word' id='word_1_43' title='bbox 342 426 425 452; x_wconf 89' lang='lat' dir='ltr'>non</span> <span class='ocrx_word' id='word_1_44' title='bbox 458 421 532 452; x_wconf 85' lang='lat' dir='ltr'>aut</span> <span class='ocrx_word' id='word_1_45' title='bbox 561 412 674 452; x_wconf 66' lang='lat' dir='ltr'>mita</span> <span class='ocrx_word' id='word_1_46' title='bbox 705 410 871 451; x_wconf 87' lang='lat' dir='ltr'>sublata</span> <span class='ocrx_word' id='word_1_47' title='bbox 901 410 970 461; x_wconf 89' lang='lat' dir='ltr'>sit,</span> <span class='ocrx_word' id='word_1_48' title='bbox 1002 418 1048 450; x_wconf 93' lang='lat' dir='ltr'>ut</span> <span class='ocrx_word' id='word_1_49' title='bbox 1079 409 1152 450; x_wconf 74' lang='lat' dir='ltr'>vix</span> <span class='ocrx_word' id='word_1_50' title='bbox 1184 416 1347 448; x_wconf 80' lang='lat' dir='ltr'>exstet:</span> <span class='ocrx_word' id='word_1_51' title='bbox 1380 419 1454 447; x_wconf 83' lang='lat' dir='ltr'>aut</span> <span class='ocrx_word' id='word_1_52' title='bbox 1483 408 1545 449; x_wconf 82' lang='lat' dir='ltr'>ita</span> 
     </span>
     <span class='ocr_line' id='line_1_7' title="bbox 112 465 1545 524; baseline -0.002 -18"><span class='ocrx_word' id='word_1_53' title='bbox 112 466 290 518; x_wconf 86' lang='lat' dir='ltr'>domita,</span> <span class='ocrx_word' id='word_1_54' title='bbox 317 478 361 509; x_wconf 84' lang='lat' dir='ltr'>ut</span> <span class='ocrx_word' id='word_1_55' title='bbox 382 469 598 524; x_wconf 84' lang='lat' dir='ltr'>quiescat:</span> <span class='ocrx_word' id='word_1_56' title='bbox 630 477 704 508; x_wconf 87' lang='lat' dir='ltr'>aut</span> <span class='ocrx_word' id='word_1_57' title='bbox 735 468 794 508; x_wconf 88' lang='lat' dir='ltr'>ita</span> <span class='ocrx_word' id='word_1_58' title='bbox 827 476 991 522; x_wconf 85' lang='lat' dir='ltr'>pacata,</span> <span class='ocrx_word' id='word_1_59' title='bbox 1013 475 1061 507; x_wconf 87' lang='lat' dir='ltr'>ut</span> <span class='ocrx_word' id='word_1_60' title='bbox 1083 465 1263 507; x_wconf 85' lang='lat' dir='ltr'>victoria</span> <span class='ocrx_word' id='word_1_61' title='bbox 1294 476 1439 504; x_wconf 88' lang='lat' dir='ltr'>nostra</span> <span class='ocrx_word' id='word_1_62' title='bbox 1465 465 1545 504; x_wconf 89' lang='lat' dir='ltr'>im-</span> 
     </span>
     <span class='ocr_line' id='line_1_8' title="bbox 116 517 1628 580; baseline 0 -16"><span class='ocrx_word' id='word_1_63' title='bbox 116 524 318 579; x_wconf 87' lang='lat' dir='ltr'>perioque</span> <span class='ocrx_word' id='word_1_64' title='bbox 349 526 530 567; x_wconf 80' lang='lat' dir='ltr'>laetetur.</span> <span class='ocrx_word' id='word_1_65' title='bbox 592 524 758 566; x_wconf 86' lang='lat' dir='ltr'>Bellum</span> <span class='ocrx_word' id='word_1_66' title='bbox 791 523 1022 574; x_wconf 86' lang='lat' dir='ltr'>Gallicum,</span> <span class='ocrx_word' id='word_1_67' title='bbox 1049 533 1189 580; x_wconf 86' lang='lat' dir='ltr'>patres</span> <span class='ocrx_word' id='word_1_68' title='bbox 1219 521 1468 577; x_wconf 85' lang='lat' dir='ltr'><strong>conscripti,</strong></span> <span class='ocrx_word' id='word_1_69' title='bbox 1492 520 1543 562; x_wconf 93' lang='lat' dir='ltr'>C.</span> <span class='ocrx_word' id='word_1_70' title='bbox 1563 517 1628 564; x_wconf 83' lang='grc'>13</span> 
     </span>
     <span class='ocr_line' id='line_1_9' title="bbox 116 579 1608 639; baseline 0 -18"><span class='ocrx_word' id='word_1_71' title='bbox 116 579 288 623; x_wconf 78' lang='lat' dir='ltr'>Caesare</span> <span class='ocrx_word' id='word_1_72' title='bbox 329 583 600 638; x_wconf 83' lang='lat' dir='ltr'>imperatore,</span> <span class='ocrx_word' id='word_1_73' title='bbox 639 591 808 639; x_wconf 85' lang='lat' dir='ltr'>gestum</span> <span class='ocrx_word' id='word_1_74' title='bbox 846 590 934 633; x_wconf 64' lang='lat' dir='ltr'>esst:</span> <span class='ocrx_word' id='word_1_75' title='bbox 973 593 1100 622; x_wconf 86' lang='lat' dir='ltr'>antea</span> <span class='ocrx_word' id='word_1_76' title='bbox 1141 579 1440 621; x_wconf 88' lang='lat' dir='ltr'>tantummodo</span> <span class='ocrx_word' id='word_1_77' title='bbox 1481 588 1608 622; x_wconf 63' lang='lat' dir='ltr'>re-SQ</span> 
     </span>
     <span class='ocr_line' id='line_1_10' title="bbox 116 634 1547 696; baseline -0.002 -18"><span class='ocrx_word' id='word_1_78' title='bbox 116 637 299 694; x_wconf 85' lang='lat' dir='ltr'>pulsum.</span> <span class='ocrx_word' id='word_1_79' title='bbox 331 654 496 696; x_wconf 83' lang='lat' dir='ltr'>semper</span> <span class='ocrx_word' id='word_1_80' title='bbox 518 639 608 680; x_wconf 83' lang='lat' dir='ltr'>illas</span> <span class='ocrx_word' id='word_1_81' title='bbox 630 639 824 680; x_wconf 88' lang='lat' dir='ltr'>nationes</span> <span class='ocrx_word' id='word_1_82' title='bbox 847 638 980 679; x_wconf 86' lang='lat' dir='ltr'>nostri</span> <span class='ocrx_word' id='word_1_83' title='bbox 1003 638 1280 694; x_wconf 88' lang='lat' dir='ltr'>imperatores</span> <span class='ocrx_word' id='word_1_84' title='bbox 1303 634 1547 676; x_wconf 86' lang='lat' dir='ltr'>refutandas</span> 
     </span>
     <span class='ocr_line' id='line_1_11' title="bbox 115 691 1550 752; baseline -0.001 -18"><span class='ocrx_word' id='word_1_85' title='bbox 115 695 260 752; x_wconf 85' lang='lat' dir='ltr'>potius</span> <span class='ocrx_word' id='word_1_86' title='bbox 300 696 425 747; x_wconf 82' lang='lat' dir='ltr'>bello,</span> <span class='ocrx_word' id='word_1_87' title='bbox 457 711 585 751; x_wconf 91' lang='lat' dir='ltr'>quam</span> <span class='ocrx_word' id='word_1_88' title='bbox 623 696 887 738; x_wconf 83' lang='lat' dir='ltr'>lacessendas</span> <span class='ocrx_word' id='word_1_89' title='bbox 920 703 1194 751; x_wconf 84' lang='lat' dir='ltr'>putaverunt.</span> <span class='ocrx_word' id='word_1_90' title='bbox 1254 691 1353 749; x_wconf 89' lang='lat' dir='ltr'>Ipse</span> <span class='ocrx_word' id='word_1_91' title='bbox 1389 691 1457 733; x_wconf 91' lang='lat' dir='ltr'>ille</span> <span class='ocrx_word' id='word_1_92' title='bbox 1496 692 1550 733; x_wconf 91' lang='lat' dir='ltr'>C.</span> 
     </span>
     <span class='ocr_line' id='line_1_12' title="bbox 118 749 1552 809; baseline -0.002 -17"><span class='ocrx_word' id='word_1_93' title='bbox 118 751 299 804; x_wconf 83' lang='lat' dir='ltr'>Marius,</span> <span class='ocrx_word' id='word_1_94' title='bbox 332 754 455 809; x_wconf 89' lang='lat' dir='ltr'>cujus</span> <span class='ocrx_word' id='word_1_95' title='bbox 488 754 634 795; x_wconf 83' lang='lat' dir='ltr'>divina</span> <span class='ocrx_word' id='word_1_96' title='bbox 669 763 796 808; x_wconf 89' lang='lat' dir='ltr'>atque</span> <span class='ocrx_word' id='word_1_97' title='bbox 828 753 988 794; x_wconf 81' lang='lat' dir='ltr'>eximia</span> <span class='ocrx_word' id='word_1_98' title='bbox 1027 752 1159 792; x_wconf 88' lang='lat' dir='ltr'>virtus</span> <span class='ocrx_word' id='word_1_99' title='bbox 1198 749 1365 805; x_wconf 87' lang='lat' dir='ltr'>magnis</span> <span class='ocrx_word' id='word_1_100' title='bbox 1402 749 1552 805; x_wconf 86' lang='lat' dir='ltr'>populi</span> 
     </span>
     <span class='ocr_line' id='line_1_13' title="bbox 118 805 1553 865; baseline -0.002 -16"><span class='ocrx_word' id='word_1_101' title='bbox 118 809 302 850; x_wconf 81' lang='lat' dir='ltr'>Romani</span> <span class='ocrx_word' id='word_1_102' title='bbox 337 810 522 851; x_wconf 88' lang='lat' dir='ltr'>luctibus</span> <span class='ocrx_word' id='word_1_103' title='bbox 553 810 860 865; x_wconf 84' lang='lat' dir='ltr'>funeribusque</span> <span class='ocrx_word' id='word_1_104' title='bbox 891 809 1103 860; x_wconf 83' lang='lat' dir='ltr'>subvenit,</span> <span class='ocrx_word' id='word_1_105' title='bbox 1128 808 1355 849; x_wconf 86' lang='lat' dir='ltr'>influentes</span> <span class='ocrx_word' id='word_1_106' title='bbox 1387 806 1429 847; x_wconf 89' lang='lat' dir='ltr'>in</span> <span class='ocrx_word' id='word_1_107' title='bbox 1464 805 1553 847; x_wconf 89' lang='lat' dir='ltr'>[ta-</span> 
     </span>
     <span class='ocr_line' id='line_1_14' title="bbox 114 863 1551 923; baseline -0.001 -17"><span class='ocrx_word' id='word_1_108' title='bbox 114 866 214 907; x_wconf 85' lang='lat' dir='ltr'>liam</span> <span class='ocrx_word' id='word_1_109' title='bbox 236 867 457 908; x_wconf 81' lang='lat' dir='ltr'>Gallorum</span> <span class='ocrx_word' id='word_1_110' title='bbox 480 867 690 908; x_wconf 85' lang='lat' dir='ltr'>maximas</span> <span class='ocrx_word' id='word_1_111' title='bbox 709 868 855 923; x_wconf 87' lang='lat' dir='ltr'>copias</span> <span class='ocrx_word' id='word_1_112' title='bbox 877 866 1091 922; x_wconf 87' lang='lat' dir='ltr'>repressit,</span> <span class='ocrx_word' id='word_1_113' title='bbox 1110 880 1196 906; x_wconf 89' lang='lat' dir='ltr'>non</span> <span class='ocrx_word' id='word_1_114' title='bbox 1219 865 1309 921; x_wconf 91' lang='lat' dir='ltr'>ipse</span> <span class='ocrx_word' id='word_1_115' title='bbox 1327 863 1380 904; x_wconf 88' lang='lat' dir='ltr'>ad</span> <span class='ocrx_word' id='word_1_116' title='bbox 1402 878 1551 905; x_wconf 91' lang='lat' dir='ltr'>eorum</span> 
     </span>
     <span class='ocr_line' id='line_1_15' title="bbox 116 921 1552 980; baseline -0.001 -17"><span class='ocrx_word' id='word_1_117' title='bbox 116 925 240 964; x_wconf 87' lang='lat' dir='ltr'>urbes</span> <span class='ocrx_word' id='word_1_118' title='bbox 264 925 467 979; x_wconf 88' lang='lat' dir='ltr'>sedesque</span> <span class='ocrx_word' id='word_1_119' title='bbox 489 924 743 980; x_wconf 88' lang='lat' dir='ltr'>penetravit.</span> <span class='ocrx_word' id='word_1_120' title='bbox 782 924 921 965; x_wconf 91' lang='lat' dir='ltr'>Modo</span> <span class='ocrx_word' id='word_1_121' title='bbox 944 923 1012 964; x_wconf 91' lang='lat' dir='ltr'>ille</span> <span class='ocrx_word' id='word_1_122' title='bbox 1033 937 1226 964; x_wconf 90' lang='lat' dir='ltr'>meorum</span> <span class='ocrx_word' id='word_1_123' title='bbox 1248 921 1458 971; x_wconf 86' lang='lat' dir='ltr'>laborum,</span> <span class='ocrx_word' id='word_1_124' title='bbox 1477 934 1552 977; x_wconf 91' lang='lat' dir='ltr'>pe-</span> 
     </span>
     <span class='ocr_line' id='line_1_16' title="bbox 115 978 1550 1033; baseline -0.002 -12"><span class='ocrx_word' id='word_1_125' title='bbox 115 980 361 1032; x_wconf 83' lang='lat' dir='ltr'>riculorum,</span> <span class='ocrx_word' id='word_1_126' title='bbox 397 981 673 1022; x_wconf 88' lang='lat' dir='ltr'>consiliorum</span> <span class='ocrx_word' id='word_1_127' title='bbox 715 981 870 1033; x_wconf 88' lang='lat' dir='ltr'>socius,</span> <span class='ocrx_word' id='word_1_128' title='bbox 908 980 960 1022; x_wconf 90' lang='lat' dir='ltr'>C.</span> <span class='ocrx_word' id='word_1_129' title='bbox 996 979 1254 1031; x_wconf 87' lang='lat' dir='ltr'>Pomtinius,</span> <span class='ocrx_word' id='word_1_130' title='bbox 1292 978 1550 1019; x_wconf 86' lang='lat' dir='ltr'>fortissimus</span> 
     </span>
     <span class='ocr_line' id='line_1_17' title="bbox 117 1035 1552 1094; baseline -0.002 -16"><span class='ocrx_word' id='word_1_131' title='bbox 117 1037 195 1088; x_wconf 89' lang='lat' dir='ltr'>vir,</span> <span class='ocrx_word' id='word_1_132' title='bbox 217 1048 360 1079; x_wconf 88' lang='lat' dir='ltr'>ortum</span> <span class='ocrx_word' id='word_1_133' title='bbox 392 1048 565 1094; x_wconf 86' lang='lat' dir='ltr'>repente</span> <span class='ocrx_word' id='word_1_134' title='bbox 597 1037 753 1079; x_wconf 91' lang='lat' dir='ltr'>bellum</span> <span class='ocrx_word' id='word_1_135' title='bbox 776 1037 1076 1094; x_wconf 83' lang='lat' dir='ltr'>Allobrogum,</span> <span class='ocrx_word' id='word_1_136' title='bbox 1097 1046 1225 1093; x_wconf 88' lang='lat' dir='ltr'>atque</span> <span class='ocrx_word' id='word_1_137' title='bbox 1247 1036 1326 1077; x_wconf 85' lang='lat' dir='ltr'>hac</span> <span class='ocrx_word' id='word_1_138' title='bbox 1347 1035 1552 1076; x_wconf 82' lang='lat' dir='ltr'>scelerata</span> 
     </span>
     <span class='ocr_line' id='line_1_18' title="bbox 116 1092 1551 1151; baseline -0.001 -17"><span class='ocrx_word' id='word_1_139' title='bbox 116 1094 415 1150; x_wconf 81' lang='lat' dir='ltr'>conjuratione</span> <span class='ocrx_word' id='word_1_140' title='bbox 445 1096 698 1146; x_wconf 88' lang='lat' dir='ltr'>excitatum,</span> <span class='ocrx_word' id='word_1_141' title='bbox 722 1095 887 1150; x_wconf 87' lang='lat' dir='ltr'>proeliis</span> <span class='ocrx_word' id='word_1_142' title='bbox 918 1094 1063 1151; x_wconf 86' lang='lat' dir='ltr'>fregit,</span> <span class='ocrx_word' id='word_1_143' title='bbox 1084 1107 1242 1149; x_wconf 89' lang='lat' dir='ltr'>eosque</span> <span class='ocrx_word' id='word_1_144' title='bbox 1272 1093 1455 1144; x_wconf 87' lang='lat' dir='ltr'>domuit,</span> <span class='ocrx_word' id='word_1_145' title='bbox 1476 1092 1551 1148; x_wconf 86' lang='lat' dir='ltr'>qui</span> 
     </span>
     <span class='ocr_line' id='line_1_19' title="bbox 122 1149 1552 1207; baseline -0.001 -15"><span class='ocrx_word' id='word_1_146' title='bbox 122 1150 420 1195; x_wconf 86' lang='lat' dir='ltr'>lacessierant:</span> <span class='ocrx_word' id='word_1_147' title='bbox 455 1163 498 1194; x_wconf 90' lang='lat' dir='ltr'>et</span> <span class='ocrx_word' id='word_1_148' title='bbox 528 1167 578 1193; x_wconf 91' lang='lat' dir='ltr'>ea</span> <span class='ocrx_word' id='word_1_149' title='bbox 599 1153 780 1194; x_wconf 85' lang='lat' dir='ltr'>victoria</span> <span class='ocrx_word' id='word_1_150' title='bbox 800 1161 1042 1203; x_wconf 84' lang='lat' dir='ltr'>contentuS,</span> <span class='ocrx_word' id='word_1_151' title='bbox 1065 1151 1286 1207; x_wconf 84' lang='lat' dir='ltr'>republica</span> <span class='ocrx_word' id='word_1_152' title='bbox 1306 1159 1422 1191; x_wconf 91' lang='lat' dir='ltr'>metu</span> <span class='ocrx_word' id='word_1_153' title='bbox 1446 1149 1552 1191; x_wconf 89' lang='lat' dir='ltr'>libe-</span> 
     </span>
     <span class='ocr_line' id='line_1_20' title="bbox 117 1208 1553 1266; baseline -0.001 -17"><span class='ocrx_word' id='word_1_154' title='bbox 117 1219 223 1258; x_wconf 89' lang='lat' dir='ltr'>rata,</span> <span class='ocrx_word' id='word_1_155' title='bbox 245 1210 424 1265; x_wconf 85' lang='lat' dir='ltr'>quievit.</span> <span class='ocrx_word' id='word_1_156' title='bbox 457 1209 508 1251; x_wconf 93' lang='lat' dir='ltr'>C.</span> <span class='ocrx_word' id='word_1_157' title='bbox 525 1209 707 1251; x_wconf 84' lang='lat' dir='ltr'>Caesaris</span> <span class='ocrx_word' id='word_1_158' title='bbox 730 1209 857 1266; x_wconf 89' lang='lat' dir='ltr'>longe</span> <span class='ocrx_word' id='word_1_159' title='bbox 879 1209 1004 1251; x_wconf 72' lang='lat' dir='ltr'>aliani</span> <span class='ocrx_word' id='word_1_160' title='bbox 1030 1209 1152 1250; x_wconf 88' lang='lat' dir='ltr'>video</span> <span class='ocrx_word' id='word_1_161' title='bbox 1174 1208 1305 1249; x_wconf 85' lang='lat' dir='ltr'>fuisse</span> <span class='ocrx_word' id='word_1_162' title='bbox 1326 1208 1553 1249; x_wconf 82' lang='lat' dir='ltr'>rationem.</span> 
     </span>
     <span class='ocr_line' id='line_1_21' title="bbox 118 1267 1557 1322; baseline -0.001 -16"><span class='ocrx_word' id='word_1_163' title='bbox 118 1280 202 1306; x_wconf 87' lang='lat' dir='ltr'>non</span> <span class='ocrx_word' id='word_1_164' title='bbox 241 1268 354 1307; x_wconf 88' lang='lat' dir='ltr'>enim</span> <span class='ocrx_word' id='word_1_165' title='bbox 393 1267 473 1308; x_wconf 88' lang='lat' dir='ltr'>sibi</span> <span class='ocrx_word' id='word_1_166' title='bbox 509 1267 646 1308; x_wconf 89' lang='lat' dir='ltr'>solum</span> <span class='ocrx_word' id='word_1_167' title='bbox 679 1281 776 1308; x_wconf 85' lang='lat' dir='ltr'>eum</span> <span class='ocrx_word' id='word_1_168' title='bbox 816 1269 882 1318; x_wconf 89' lang='lat' dir='ltr'>iis,</span> <span class='ocrx_word' id='word_1_169' title='bbox 915 1281 1021 1322; x_wconf 91' lang='lat' dir='ltr'>quos</span> <span class='ocrx_word' id='word_1_170' title='bbox 1053 1267 1148 1321; x_wconf 83' lang='lat' dir='ltr'>jam</span> <span class='ocrx_word' id='word_1_171' title='bbox 1181 1275 1367 1307; x_wconf 81' lang='lat' dir='ltr'>armatos</span> <span class='ocrx_word' id='word_1_172' title='bbox 1405 1274 1557 1306; x_wconf 85' lang='lat' dir='ltr'>contra</span> 
     </span>
     <span class='ocr_line' id='line_1_22' title="bbox 118 1322 1554 1379; baseline -0.001 -15"><span class='ocrx_word' id='word_1_173' title='bbox 118 1324 325 1379; x_wconf 88' lang='lat' dir='ltr'>populum</span> <span class='ocrx_word' id='word_1_174' title='bbox 369 1324 613 1365; x_wconf 86' lang='lat' dir='ltr'>Romanum</span> <span class='ocrx_word' id='word_1_175' title='bbox 657 1325 844 1375; x_wconf 87' lang='lat' dir='ltr'>videbat,</span> <span class='ocrx_word' id='word_1_176' title='bbox 887 1323 1129 1365; x_wconf 87' lang='lat' dir='ltr'>bellandum</span> <span class='ocrx_word' id='word_1_177' title='bbox 1170 1337 1261 1363; x_wconf 89' lang='lat' dir='ltr'>esse</span> <span class='ocrx_word' id='word_1_178' title='bbox 1301 1322 1441 1374; x_wconf 78' lang='lat' dir='ltr'>duxit,</span> <span class='ocrx_word' id='word_1_179' title='bbox 1482 1322 1554 1363; x_wconf 92' lang='lat' dir='ltr'>sed</span> 
     </span>
     <span class='ocr_line' id='line_1_23' title="bbox 119 1378 1615 1436; baseline -0.003 -15"><span class='ocrx_word' id='word_1_180' title='bbox 119 1390 255 1421; x_wconf 88' lang='lat' dir='ltr'>totam</span> <span class='ocrx_word' id='word_1_181' title='bbox 279 1381 463 1422; x_wconf 84' lang='lat' dir='ltr'>Galliam</span> <span class='ocrx_word' id='word_1_182' title='bbox 488 1382 529 1422; x_wconf 92' lang='lat' dir='ltr'>in</span> <span class='ocrx_word' id='word_1_183' title='bbox 555 1392 741 1423; x_wconf 85' lang='lat' dir='ltr'>nostram</span> <span class='ocrx_word' id='word_1_184' title='bbox 765 1381 972 1422; x_wconf 84' lang='lat' dir='ltr'>ditionem</span> <span class='ocrx_word' id='word_1_185' title='bbox 995 1395 1085 1421; x_wconf 85' lang='lat' dir='ltr'>esse</span> <span class='ocrx_word' id='word_1_186' title='bbox 1114 1379 1405 1436; x_wconf 85' lang='lat' dir='ltr'>redigendam.</span> <span class='ocrx_word' id='word_1_187' title='bbox 1466 1378 1615 1420; x_wconf 81' lang='lat' dir='ltr'>Ita-33</span> 
     </span>
     <span class='ocr_line' id='line_1_24' title="bbox 120 1437 1555 1492; baseline 0 -14"><span class='ocrx_word' id='word_1_188' title='bbox 120 1452 203 1492; x_wconf 89' lang='lat' dir='ltr'>que</span> <span class='ocrx_word' id='word_1_189' title='bbox 225 1440 375 1480; x_wconf 68' lang='lat' dir='ltr'>52cum</span> <span class='ocrx_word' id='word_1_190' title='bbox 408 1439 624 1480; x_wconf 85' lang='lat' dir='ltr'>acerrimis</span> <span class='ocrx_word' id='word_1_191' title='bbox 656 1438 902 1480; x_wconf 88' lang='lat' dir='ltr'>nationibus</span> <span class='ocrx_word' id='word_1_192' title='bbox 926 1448 968 1479; x_wconf 90' lang='lat' dir='ltr'>et</span> <span class='ocrx_word' id='word_1_193' title='bbox 999 1437 1214 1488; x_wconf 85' lang='lat' dir='ltr'>maximis,</span> <span class='ocrx_word' id='word_1_194' title='bbox 1238 1437 1555 1478; x_wconf 85' lang='lat' dir='ltr'>Germanorum</span> 
     </span>
     <span class='ocr_line' id='line_1_25' title="bbox 116 1494 1556 1552; baseline 0.001 -17"><span class='ocrx_word' id='word_1_195' title='bbox 116 1506 160 1535; x_wconf 86' lang='lat' dir='ltr'>et</span> <span class='ocrx_word' id='word_1_196' title='bbox 185 1494 483 1537; x_wconf 84' lang='lat' dir='ltr'>Helvetiorum</span> <span class='ocrx_word' id='word_1_197' title='bbox 506 1496 670 1552; x_wconf 73' lang='lat' dir='ltr'>proeliis</span> <span class='ocrx_word' id='word_1_198' title='bbox 702 1495 947 1536; x_wconf 89' lang='lat' dir='ltr'>felicissime</span> <span class='ocrx_word' id='word_1_199' title='bbox 977 1495 1235 1536; x_wconf 82' lang='lat' dir='ltr'>decertavit:</span> <span class='ocrx_word' id='word_1_200' title='bbox 1268 1504 1429 1535; x_wconf 88' lang='lat' dir='ltr'>ceteras</span> <span class='ocrx_word' id='word_1_201' title='bbox 1451 1509 1556 1536; x_wconf 88' lang='lat' dir='ltr'>con-</span> 
     </span>
     <span class='ocr_line' id='line_1_26' title="bbox 118 1551 1555 1609; baseline -0.001 -17"><span class='ocrx_word' id='word_1_202' title='bbox 118 1552 252 1603; x_wconf 89' lang='lat' dir='ltr'>trivit,</span> <span class='ocrx_word' id='word_1_203' title='bbox 276 1555 314 1583; x_wconf 81' lang='lat'>53</span> <span class='ocrx_word' id='word_1_204' title='bbox 329 1554 510 1605; x_wconf 87' lang='lat' dir='ltr'>domuit,</span> <span class='ocrx_word' id='word_1_205' title='bbox 535 1553 798 1609; x_wconf 87' lang='lat' dir='ltr'>[compulit,]</span> <span class='ocrx_word' id='word_1_206' title='bbox 821 1552 1001 1608; x_wconf 86' lang='lat' dir='ltr'>imperio</span> <span class='ocrx_word' id='word_1_207' title='bbox 1026 1552 1173 1608; x_wconf 88' lang='lat' dir='ltr'>populi</span> <span class='ocrx_word' id='word_1_208' title='bbox 1202 1551 1383 1592; x_wconf 83' lang='lat' dir='ltr'>Romani</span> <span class='ocrx_word' id='word_1_209' title='bbox 1409 1566 1555 1607; x_wconf 83' lang='lat' dir='ltr'>parere</span> 
     </span>
     <span class='ocr_line' id='line_1_27' title="bbox 117 1608 1554 1666; baseline 0.001 -17"><span class='ocrx_word' id='word_1_210' title='bbox 117 1609 358 1661; x_wconf 83' lang='lat' dir='ltr'>assuefecit,</span> <span class='ocrx_word' id='word_1_211' title='bbox 393 1621 449 1661; x_wconf 87' lang='lat' dir='ltr'>et,</span> <span class='ocrx_word' id='word_1_212' title='bbox 480 1626 583 1666; x_wconf 86' lang='lat' dir='ltr'>quas</span> <span class='ocrx_word' id='word_1_213' title='bbox 617 1611 828 1666; x_wconf 82' lang='lat' dir='ltr'>regiones,</span> <span class='ocrx_word' id='word_1_214' title='bbox 860 1625 1049 1666; x_wconf 83' lang='lat' dir='ltr'>quasque</span> <span class='ocrx_word' id='word_1_215' title='bbox 1083 1620 1232 1666; x_wconf 84' lang='lat' dir='ltr'>gentes</span> <span class='ocrx_word' id='word_1_216' title='bbox 1265 1608 1390 1649; x_wconf 83' lang='lat' dir='ltr'>nullae</span> <span class='ocrx_word' id='word_1_217' title='bbox 1428 1610 1554 1650; x_wconf 78' lang='lat' dir='ltr'>nobis</span> 
     </span>
     <span class='ocr_line' id='line_1_28' title="bbox 117 1665 1552 1718; baseline 0.001 -12"><span class='ocrx_word' id='word_1_218' title='bbox 117 1675 242 1707; x_wconf 88' lang='lat' dir='ltr'>antea</span> <span class='ocrx_word' id='word_1_219' title='bbox 273 1667 441 1718; x_wconf 83' lang='lat' dir='ltr'>litterae,</span> <span class='ocrx_word' id='word_1_220' title='bbox 464 1668 579 1709; x_wconf 87' lang='lat' dir='ltr'>nulla</span> <span class='ocrx_word' id='word_1_221' title='bbox 599 1683 700 1718; x_wconf 78' lang='lat' dir='ltr'>vox,</span> <span class='ocrx_word' id='word_1_222' title='bbox 730 1667 844 1708; x_wconf 86' lang='lat' dir='ltr'>nulla</span> <span class='ocrx_word' id='word_1_223' title='bbox 874 1666 989 1707; x_wconf 79' lang='lat' dir='ltr'>fama</span> <span class='ocrx_word' id='word_1_224' title='bbox 1018 1677 1141 1707; x_wconf 87' lang='lat' dir='ltr'>notas</span> <span class='ocrx_word' id='word_1_225' title='bbox 1173 1666 1346 1716; x_wconf 84' lang='lat' dir='ltr'>fecerat,</span> <span class='ocrx_word' id='word_1_226' title='bbox 1369 1665 1444 1706; x_wconf 87' lang='lat' dir='ltr'>has</span> <span class='ocrx_word' id='word_1_227' title='bbox 1474 1681 1552 1707; x_wconf 91' lang='lat' dir='ltr'>no-</span> 
     </span>
     <span class='ocr_line' id='line_1_29' title="bbox 117 1722 1551 1780; baseline 0.001 -18"><span class='ocrx_word' id='word_1_228' title='bbox 117 1732 202 1763; x_wconf 86' lang='lat' dir='ltr'>ster</span> <span class='ocrx_word' id='word_1_229' title='bbox 242 1724 487 1780; x_wconf 80' lang='lat' dir='ltr'>imperator,</span> <span class='ocrx_word' id='word_1_230' title='bbox 529 1736 756 1780; x_wconf 74' lang='lat' dir='ltr'>nosterque</span> <span class='ocrx_word' id='word_1_231' title='bbox 802 1725 1032 1775; x_wconf 81' lang='lat' dir='ltr'>exercitus,</span> <span class='ocrx_word' id='word_1_232' title='bbox 1073 1736 1116 1764; x_wconf 91' lang='lat' dir='ltr'>et</span> <span class='ocrx_word' id='word_1_233' title='bbox 1167 1723 1312 1779; x_wconf 86' lang='lat' dir='ltr'>populi</span> <span class='ocrx_word' id='word_1_234' title='bbox 1365 1722 1551 1764; x_wconf 82' lang='lat' dir='ltr'>Romani</span> 
     </span>
     <span class='ocr_line' id='line_1_30' title="bbox 117 1780 1553 1838; baseline 0 -18"><span class='ocrx_word' id='word_1_235' title='bbox 117 1795 234 1821; x_wconf 85' lang='lat' dir='ltr'>arma</span> <span class='ocrx_word' id='word_1_236' title='bbox 263 1792 558 1838; x_wconf 80' lang='lat' dir='ltr'>peragrarunt.</span> <span class='ocrx_word' id='word_1_237' title='bbox 618 1785 657 1813; x_wconf 79' lang='lat'>54</span> <span class='ocrx_word' id='word_1_238' title='bbox 673 1781 880 1823; x_wconf 79' lang='lat' dir='ltr'>Semitam</span> <span class='ocrx_word' id='word_1_239' title='bbox 914 1790 1081 1822; x_wconf 88' lang='lat' dir='ltr'>tantum</span> <span class='ocrx_word' id='word_1_240' title='bbox 1114 1780 1269 1824; x_wconf 86' lang='lat' dir='ltr'>Galhae</span> <span class='ocrx_word' id='word_1_241' title='bbox 1302 1781 1553 1821; x_wconf 88' lang='lat' dir='ltr'>tenebamus</span> 
     </span>
     <span class='ocr_line' id='line_1_31' title="bbox 117 1837 1554 1895; baseline 0.001 -18"><span class='ocrx_word' id='word_1_242' title='bbox 117 1848 258 1889; x_wconf 81' lang='lat' dir='ltr'>antea,</span> <span class='ocrx_word' id='word_1_243' title='bbox 281 1849 421 1894; x_wconf 86' lang='lat' dir='ltr'>patres</span> <span class='ocrx_word' id='word_1_244' title='bbox 450 1839 708 1895; x_wconf 87' lang='lat' dir='ltr'>conscripti:</span> <span class='ocrx_word' id='word_1_245' title='bbox 741 1849 894 1880; x_wconf 87' lang='lat' dir='ltr'>ceterae</span> <span class='ocrx_word' id='word_1_246' title='bbox 927 1847 1067 1894; x_wconf 88' lang='lat' dir='ltr'>partes</span> <span class='ocrx_word' id='word_1_247' title='bbox 1090 1853 1115 1878; x_wconf 87' lang='lat' dir='ltr'>a</span> <span class='ocrx_word' id='word_1_248' title='bbox 1136 1837 1337 1894; x_wconf 87' lang='lat' dir='ltr'>gentibus</span> <span class='ocrx_word' id='word_1_249' title='bbox 1367 1846 1442 1878; x_wconf 84' lang='lat' dir='ltr'>aut</span> <span class='ocrx_word' id='word_1_250' title='bbox 1471 1837 1554 1878; x_wconf 90' lang='lat' dir='ltr'>ini-</span> 
     </span>
     <span class='ocr_line' id='line_1_32' title="bbox 119 1894 1554 1952; baseline 0.001 -18"><span class='ocrx_word' id='word_1_251' title='bbox 119 1894 240 1935; x_wconf 90' lang='lat' dir='ltr'>micis</span> <span class='ocrx_word' id='word_1_252' title='bbox 266 1895 365 1937; x_wconf 87' lang='lat' dir='ltr'>huic</span> <span class='ocrx_word' id='word_1_253' title='bbox 388 1896 582 1952; x_wconf 85' lang='lat' dir='ltr'>imperio,</span> <span class='ocrx_word' id='word_1_254' title='bbox 605 1906 679 1938; x_wconf 85' lang='lat' dir='ltr'>aut</span> <span class='ocrx_word' id='word_1_255' title='bbox 701 1896 859 1947; x_wconf 81' lang='lat' dir='ltr'>infidis,</span> <span class='ocrx_word' id='word_1_256' title='bbox 876 1906 951 1947; x_wconf 81' lang='lat' dir='ltr'>aut</span> <span class='ocrx_word' id='word_1_257' title='bbox 972 1895 1220 1952; x_wconf 82' lang='lat' dir='ltr'>incognitis,</span> <span class='ocrx_word' id='word_1_258' title='bbox 1243 1905 1317 1936; x_wconf 86' lang='lat' dir='ltr'>aut</span> <span class='ocrx_word' id='word_1_259' title='bbox 1338 1903 1452 1935; x_wconf 87' lang='lat' dir='ltr'>certe</span> <span class='ocrx_word' id='word_1_260' title='bbox 1473 1894 1554 1935; x_wconf 89' lang='lat' dir='ltr'>im-</span> 
     </span>
     <span class='ocr_line' id='line_1_33' title="bbox 117 1951 1555 2007; baseline 0.001 -16"><span class='ocrx_word' id='word_1_261' title='bbox 117 1952 329 2004; x_wconf 89' lang='lat' dir='ltr'>manibus,</span> <span class='ocrx_word' id='word_1_262' title='bbox 350 1962 394 1994; x_wconf 92' lang='lat' dir='ltr'>et</span> <span class='ocrx_word' id='word_1_263' title='bbox 425 1955 630 2004; x_wconf 86' lang='lat' dir='ltr'>barbaris,</span> <span class='ocrx_word' id='word_1_264' title='bbox 651 1964 694 1995; x_wconf 90' lang='lat' dir='ltr'>et</span> <span class='ocrx_word' id='word_1_265' title='bbox 727 1953 937 1994; x_wconf 87' lang='lat' dir='ltr'>bellicosis</span> <span class='ocrx_word' id='word_1_266' title='bbox 968 1955 1249 2003; x_wconf 77' lang='lat' dir='ltr'>tenebantur3</span> <span class='ocrx_word' id='word_1_267' title='bbox 1280 1966 1383 2007; x_wconf 86' lang='lat' dir='ltr'>quas</span> <span class='ocrx_word' id='word_1_268' title='bbox 1414 1951 1555 1993; x_wconf 85' lang='lat' dir='ltr'>natio-</span> 
     </span>
     <span class='ocr_line' id='line_1_34' title="bbox 116 2009 1550 2066; baseline 0.002 -18"><span class='ocrx_word' id='word_1_269' title='bbox 116 2022 190 2049; x_wconf 89' lang='lat' dir='ltr'>nes</span> <span class='ocrx_word' id='word_1_270' title='bbox 214 2023 339 2050; x_wconf 91' lang='lat' dir='ltr'>nemo</span> <span class='ocrx_word' id='word_1_271' title='bbox 361 2025 565 2066; x_wconf 89' lang='lat' dir='ltr'>umquam</span> <span class='ocrx_word' id='word_1_272' title='bbox 589 2011 685 2062; x_wconf 87' lang='lat' dir='ltr'>fuit,</span> <span class='ocrx_word' id='word_1_273' title='bbox 707 2010 779 2066; x_wconf 92' lang='lat' dir='ltr'>qui</span> <span class='ocrx_word' id='word_1_274' title='bbox 803 2025 889 2051; x_wconf 90' lang='lat' dir='ltr'>non</span> <span class='ocrx_word' id='word_1_275' title='bbox 911 2009 1052 2066; x_wconf 85' lang='lat' dir='ltr'>frangi</span> <span class='ocrx_word' id='word_1_276' title='bbox 1074 2010 1323 2065; x_wconf 84' lang='lat' dir='ltr'>domarique</span> <span class='ocrx_word' id='word_1_277' title='bbox 1344 2019 1522 2065; x_wconf 89' lang='lat' dir='ltr'>cuperet</span> <span class='ocrx_word' id='word_1_278' title='bbox 1540 2025 1550 2051; x_wconf 73' lang='grc' dir='ltr'><strong>ε</strong></span> 
     </span>
     <span class='ocr_line' id='line_1_35' title="bbox 116 2066 1666 2124; baseline 0 -19"><span class='ocrx_word' id='word_1_279' title='bbox 116 2079 242 2107; x_wconf 89' lang='lat' dir='ltr'>nemo</span> <span class='ocrx_word' id='word_1_280' title='bbox 276 2068 490 2124; x_wconf 86' lang='lat' dir='ltr'>sapienter</span> <span class='ocrx_word' id='word_1_281' title='bbox 520 2068 573 2110; x_wconf 90' lang='lat' dir='ltr'>de</span> <span class='ocrx_word' id='word_1_282' title='bbox 609 2068 830 2124; x_wconf 85' lang='lat' dir='ltr'>republica</span> <span class='ocrx_word' id='word_1_283' title='bbox 860 2077 1005 2123; x_wconf 83' lang='lat' dir='ltr'>nostra</span> <span class='ocrx_word' id='word_1_284' title='bbox 1036 2068 1248 2124; x_wconf 83' lang='lat' dir='ltr'>cogitavit</span> <span class='ocrx_word' id='word_1_285' title='bbox 1268 2066 1361 2122; x_wconf 89' lang='lat' dir='ltr'>jam</span> <span class='ocrx_word' id='word_1_286' title='bbox 1396 2067 1494 2108; x_wconf 90' lang='lat' dir='ltr'>inde</span> <span class='ocrx_word' id='word_1_287' title='bbox 1527 2082 1596 2115; x_wconf 84' lang='lat' dir='ltr'>ap.</span> <span class='ocrx_word' id='word_1_288' title='bbox 1612 2073 1666 2108; x_wconf 77' lang='grc'>76.</span> 
     </span>
     <span class='ocr_line' id='line_1_36' title="bbox 117 2123 1595 2182; baseline 0.002 -19"><span class='ocrx_word' id='word_1_289' title='bbox 117 2123 332 2180; x_wconf 87' lang='lat' dir='ltr'>principio</span> <span class='ocrx_word' id='word_1_290' title='bbox 364 2125 491 2180; x_wconf 84' lang='lat' dir='ltr'>hujus</span> <span class='ocrx_word' id='word_1_291' title='bbox 523 2126 707 2182; x_wconf 88' lang='lat' dir='ltr'>imperii,</span> <span class='ocrx_word' id='word_1_292' title='bbox 737 2125 840 2180; x_wconf 89' lang='lat' dir='ltr'>quin</span> <span class='ocrx_word' id='word_1_293' title='bbox 873 2124 1057 2165; x_wconf 86' lang='lat' dir='ltr'>Galliam</span> <span class='ocrx_word' id='word_1_294' title='bbox 1099 2124 1286 2166; x_wconf 84' lang='lat' dir='ltr'>maxime</span> <span class='ocrx_word' id='word_1_295' title='bbox 1319 2123 1595 2166; x_wconf 42' lang='lat' dir='ltr'>timendam&amp;</span> 
     </span>
    </p>
   </div>
   <div class='ocr_carea' id='block_1_3' title="bbox 117 2236 1559 2868">
    <p class='ocr_par' dir='ltr' id='par_1_3' title="bbox 117 2236 1559 2868">
     <span class='ocr_line' id='line_1_37' title="bbox 159 2236 1556 2280; baseline 0.001 -13"><span class='ocrx_word' id='word_1_296' title='bbox 159 2240 198 2268; x_wconf 90' lang='lat'>50</span> <span class='ocrx_word' id='word_1_297' title='bbox 221 2238 323 2268; x_wconf 77' lang='lat' dir='ltr'>tribus</span> <span class='ocrx_word' id='word_1_298' title='bbox 338 2239 427 2268; x_wconf 77' lang='lat' dir='ltr'>novis</span> <span class='ocrx_word' id='word_1_299' title='bbox 435 2238 625 2279; x_wconf 76' lang='lat' dir='ltr'>provinciis]</span> <span class='ocrx_word' id='word_1_300' title='bbox 642 2239 813 2280; x_wconf 82' lang='lat' dir='ltr'>Bithynia,</span> <span class='ocrx_word' id='word_1_301' title='bbox 856 2238 981 2269; x_wconf 83' lang='lat' dir='ltr'>inverse</span> <span class='ocrx_word' id='word_1_302' title='bbox 1003 2239 1169 2278; x_wconf 74' lang='lat' dir='ltr'>compulit,</span> <span class='ocrx_word' id='word_1_303' title='bbox 1196 2237 1332 2273; x_wconf 72' lang='lat' dir='ltr'>domuit,</span> <span class='ocrx_word' id='word_1_304' title='bbox 1355 2236 1410 2268; x_wconf 90' lang='lat' dir='ltr'>sed</span> <span class='ocrx_word' id='word_1_305' title='bbox 1437 2242 1556 2268; x_wconf 83' lang='lat' dir='ltr'>neutro</span> 
     </span>
     <span class='ocr_line' id='line_1_38' title="bbox 117 2279 1555 2320; baseline 0.001 -10"><span class='ocrx_word' id='word_1_306' title='bbox 117 2279 236 2317; x_wconf 85' lang='lat' dir='ltr'>Ponto,</span> <span class='ocrx_word' id='word_1_307' title='bbox 252 2282 355 2320; x_wconf 75' lang='lat' dir='ltr'>Syria.</span> <span class='ocrx_word' id='word_1_308' title='bbox 858 2281 930 2310; x_wconf 82' lang='lat' dir='ltr'>loco</span> <span class='ocrx_word' id='word_1_309' title='bbox 944 2290 1074 2310; x_wconf 80' lang='lat' dir='ltr'>sensum</span> <span class='ocrx_word' id='word_1_310' title='bbox 1091 2281 1188 2311; x_wconf 81' lang='lat' dir='ltr'>habet</span> <span class='ocrx_word' id='word_1_311' title='bbox 1202 2281 1366 2319; x_wconf 75' lang='lat' dir='ltr'>compulit.</span> <span class='ocrx_word' id='word_1_312' title='bbox 1410 2280 1555 2311; x_wconf 86' lang='lat' dir='ltr'>Venerat</span> 
     </span>
     <span class='ocr_line' id='line_1_39' title="bbox 161 2321 1554 2362; baseline 0 -10"><span class='ocrx_word' id='word_1_313' title='bbox 161 2326 196 2353; x_wconf 88' lang='lat'>51</span> <span class='ocrx_word' id='word_1_314' title='bbox 223 2324 271 2353; x_wconf 76' lang='lat' dir='ltr'>ita</span> <span class='ocrx_word' id='word_1_315' title='bbox 286 2324 421 2354; x_wconf 79' lang='lat' dir='ltr'>subacta</span> <span class='ocrx_word' id='word_1_316' title='bbox 434 2323 490 2362; x_wconf 78' lang='lat' dir='ltr'>sit]</span> <span class='ocrx_word' id='word_1_317' title='bbox 514 2323 552 2353; x_wconf 89' lang='lat' dir='ltr'>ln</span> <span class='ocrx_word' id='word_1_318' title='bbox 572 2322 705 2362; x_wconf 87' lang='lat' dir='ltr'>optimis</span> <span class='ocrx_word' id='word_1_319' title='bbox 721 2321 814 2351; x_wconf 84' lang='lat' dir='ltr'>codd.</span> <span class='ocrx_word' id='word_1_320' title='bbox 860 2323 940 2352; x_wconf 78' lang='lat' dir='ltr'>mihi</span> <span class='ocrx_word' id='word_1_321' title='bbox 956 2323 1040 2353; x_wconf 85' lang='lat' dir='ltr'>idem</span> <span class='ocrx_word' id='word_1_322' title='bbox 1056 2323 1089 2352; x_wconf 90' lang='lat' dir='ltr'>in</span> <span class='ocrx_word' id='word_1_323' title='bbox 1107 2328 1265 2359; x_wconf 81' lang='lat' dir='ltr'>mentem,</span> <span class='ocrx_word' id='word_1_324' title='bbox 1278 2321 1364 2360; x_wconf 89' lang='lat' dir='ltr'>quod</span> <span class='ocrx_word' id='word_1_325' title='bbox 1380 2321 1554 2360; x_wconf 76' lang='lat' dir='ltr'>Lambino,</span> 
     </span>
     <span class='ocr_line' id='line_1_40' title="bbox 117 2363 1555 2405; baseline 0 -10"><span class='ocrx_word' id='word_1_326' title='bbox 117 2373 178 2396; x_wconf 87' lang='lat' dir='ltr'>scr.</span> <span class='ocrx_word' id='word_1_327' title='bbox 197 2372 361 2405; x_wconf 80' lang='lat' dir='ltr'>repertum</span> <span class='ocrx_word' id='word_1_328' title='bbox 385 2371 434 2396; x_wconf 80' lang='lat' dir='ltr'>est</span> <span class='ocrx_word' id='word_1_329' title='bbox 455 2368 597 2396; x_wconf 72' lang='lat' dir='ltr'>sublata.</span> <span class='ocrx_word' id='word_1_330' title='bbox 621 2374 680 2394; x_wconf 85' lang='lat' dir='ltr'>nec</span> <span class='ocrx_word' id='word_1_331' title='bbox 703 2363 815 2402; x_wconf 65' lang='lat' dir='ltr'>dis3.·n-</span> <span class='ocrx_word' id='word_1_332' title='bbox 856 2365 1011 2395; x_wconf 78' lang='lat' dir='ltr'>contudit.</span> <span class='ocrx_word' id='word_1_333' title='bbox 1057 2365 1119 2395; x_wconf 89' lang='lat' dir='ltr'>Sed</span> <span class='ocrx_word' id='word_1_334' title='bbox 1144 2365 1176 2395; x_wconf 85' lang='lat' dir='ltr'>id</span> <span class='ocrx_word' id='word_1_335' title='bbox 1196 2366 1268 2405; x_wconf 88' lang='lat' dir='ltr'>jam</span> <span class='ocrx_word' id='word_1_336' title='bbox 1296 2370 1345 2394; x_wconf 86' lang='lat' dir='ltr'>est</span> <span class='ocrx_word' id='word_1_337' title='bbox 1374 2365 1407 2394; x_wconf 85' lang='lat' dir='ltr'>iu</span> <span class='ocrx_word' id='word_1_338' title='bbox 1436 2366 1555 2395; x_wconf 73' lang='lat' dir='ltr'>contri-</span> 
     </span>
     <span class='ocr_line' id='line_1_41' title="bbox 117 2406 1556 2448; baseline -0.001 -10"><span class='ocrx_word' id='word_1_339' title='bbox 117 2410 210 2438; x_wconf 77' lang='lat' dir='ltr'>cebat</span> <span class='ocrx_word' id='word_1_340' title='bbox 228 2408 381 2445; x_wconf 84' lang='lat' dir='ltr'>Grutero,</span> <span class='ocrx_word' id='word_1_341' title='bbox 401 2418 458 2438; x_wconf 89' lang='lat' dir='ltr'>nec</span> <span class='ocrx_word' id='word_1_342' title='bbox 474 2408 568 2445; x_wconf 87' lang='lat' dir='ltr'>mihi,</span> <span class='ocrx_word' id='word_1_343' title='bbox 584 2414 717 2448; x_wconf 89' lang='lat' dir='ltr'>propter</span> <span class='ocrx_word' id='word_1_344' title='bbox 733 2406 815 2437; x_wconf 76' lang='lat' dir='ltr'>illud</span> <span class='ocrx_word' id='word_1_345' title='bbox 856 2408 913 2437; x_wconf 74' lang='lat' dir='ltr'>vic.</span> <span class='ocrx_word' id='word_1_346' title='bbox 958 2408 990 2437; x_wconf 91' lang='lat' dir='ltr'>Si</span> <span class='ocrx_word' id='word_1_347' title='bbox 1008 2407 1178 2446; x_wconf 61' lang='lat' dir='ltr'>assuefecit</span> <span class='ocrx_word' id='word_1_348' title='bbox 1198 2408 1335 2443; x_wconf 81' lang='lat' dir='ltr'>abesset,</span> <span class='ocrx_word' id='word_1_349' title='bbox 1353 2412 1462 2446; x_wconf 68' lang='lat' dir='ltr'>possvt</span> <span class='ocrx_word' id='word_1_350' title='bbox 1477 2417 1556 2437; x_wconf 88' lang='lat' dir='ltr'>con-</span> 
     </span>
     <span class='ocr_line' id='line_1_42' title="bbox 117 2449 1554 2489; baseline -0.001 -9"><span class='ocrx_word' id='word_1_351' title='bbox 117 2449 188 2480; x_wconf 63' lang='lat' dir='ltr'>scil.</span> <span class='ocrx_word' id='word_1_352' title='bbox 215 2455 251 2480; x_wconf 77' lang='lat' dir='ltr'>uc</span> <span class='ocrx_word' id='word_1_353' title='bbox 274 2451 328 2480; x_wconf 58' lang='lat' dir='ltr'>vix</span> <span class='ocrx_word' id='word_1_354' title='bbox 353 2454 465 2481; x_wconf 58' lang='lat' dir='ltr'>essm.</span> <span class='ocrx_word' id='word_1_355' title='bbox 492 2456 525 2480; x_wconf 87' lang='lat' dir='ltr'>et</span> <span class='ocrx_word' id='word_1_356' title='bbox 550 2451 687 2480; x_wconf 71' lang='lat' dir='ltr'>subacta</span> <span class='ocrx_word' id='word_1_357' title='bbox 712 2449 814 2479; x_wconf 85' lang='lat' dir='ltr'>nihilo</span> <span class='ocrx_word' id='word_1_358' title='bbox 850 2450 947 2488; x_wconf 83' lang='lat' dir='ltr'>jungi</span> <span class='ocrx_word' id='word_1_359' title='bbox 970 2460 1043 2479; x_wconf 74' lang='lat' dir='ltr'>cum</span> <span class='ocrx_word' id='word_1_360' title='bbox 1068 2450 1135 2479; x_wconf 87' lang='lat' dir='ltr'>his:</span> <span class='ocrx_word' id='word_1_361' title='bbox 1160 2451 1312 2489; x_wconf 70' lang='lat' dir='ltr'>compulit</span> <span class='ocrx_word' id='word_1_362' title='bbox 1327 2449 1462 2488; x_wconf 78' lang='lat' dir='ltr'>imperio</span> <span class='ocrx_word' id='word_1_363' title='bbox 1476 2459 1554 2489; x_wconf 79' lang='lat' dir='ltr'>pop.</span> 
     </span>
     <span class='ocr_line' id='line_1_43' title="bbox 117 2491 1555 2533; baseline -0.001 -11"><span class='ocrx_word' id='word_1_364' title='bbox 117 2492 191 2533; x_wconf 88' lang='lat' dir='ltr'>plus</span> <span class='ocrx_word' id='word_1_365' title='bbox 213 2497 275 2530; x_wconf 87' lang='lat' dir='ltr'>est,</span> <span class='ocrx_word' id='word_1_366' title='bbox 291 2503 389 2531; x_wconf 89' lang='lat' dir='ltr'>quam</span> <span class='ocrx_word' id='word_1_367' title='bbox 413 2493 546 2523; x_wconf 74' lang='lat' dir='ltr'>domita.</span> <span class='ocrx_word' id='word_1_368' title='bbox 591 2492 706 2530; x_wconf 81' lang='lat' dir='ltr'>Itaque</span> <span class='ocrx_word' id='word_1_369' title='bbox 730 2501 815 2522; x_wconf 83' lang='lat' dir='ltr'>rece.</span> <span class='ocrx_word' id='word_1_370' title='bbox 860 2491 953 2521; x_wconf 84' lang='lat' dir='ltr'>Rom.</span> <span class='ocrx_word' id='word_1_371' title='bbox 965 2501 1096 2531; x_wconf 78' lang='lat' dir='ltr'>parere.</span> <span class='ocrx_word' id='word_1_372' title='bbox 1129 2492 1267 2522; x_wconf 79' lang='lat' dir='ltr'>Videtur</span> <span class='ocrx_word' id='word_1_373' title='bbox 1280 2500 1347 2521; x_wconf 82' lang='lat' dir='ltr'>esse</span> <span class='ocrx_word' id='word_1_374' title='bbox 1364 2491 1471 2530; x_wconf 75' lang='lat' dir='ltr'>glossa</span> <span class='ocrx_word' id='word_1_375' title='bbox 1485 2501 1555 2522; x_wconf 69' lang='lat' dir='ltr'>ver-</span> 
     </span>
     <span class='ocr_line' id='line_1_44' title="bbox 118 2533 1554 2575; baseline -0.001 -11"><span class='ocrx_word' id='word_1_376' title='bbox 118 2535 163 2575; x_wconf 80' lang='lat' dir='ltr'>pi.</span> <span class='ocrx_word' id='word_1_377' title='bbox 859 2533 888 2563; x_wconf 83' lang='lat' dir='ltr'>bi</span> <span class='ocrx_word' id='word_1_378' title='bbox 907 2533 1089 2573; x_wconf 49' lang='lat' dir='ltr'>(tumefecit,</span> <span class='ocrx_word' id='word_1_379' title='bbox 1106 2544 1179 2573; x_wconf 85' lang='lat' dir='ltr'>quae</span> <span class='ocrx_word' id='word_1_380' title='bbox 1194 2534 1300 2564; x_wconf 80' lang='lat' dir='ltr'>alieno</span> <span class='ocrx_word' id='word_1_381' title='bbox 1315 2533 1415 2563; x_wconf 73' lang='lat' dir='ltr'>etiam</span> <span class='ocrx_word' id='word_1_382' title='bbox 1434 2533 1504 2563; x_wconf 78' lang='lat' dir='ltr'>loco</span> <span class='ocrx_word' id='word_1_383' title='bbox 1519 2534 1554 2563; x_wconf 87' lang='lat' dir='ltr'>in</span> 
     </span>
     <span class='ocr_line' id='line_1_45' title="bbox 162 2574 1553 2616; baseline -0.002 -8"><span class='ocrx_word' id='word_1_384' title='bbox 162 2578 202 2608; x_wconf 73' lang='lat'>52</span> <span class='ocrx_word' id='word_1_385' title='bbox 223 2585 297 2606; x_wconf 80' lang='lat' dir='ltr'>cum</span> <span class='ocrx_word' id='word_1_386' title='bbox 323 2585 372 2606; x_wconf 79' lang='lat' dir='ltr'>ac.</span> <span class='ocrx_word' id='word_1_387' title='bbox 397 2575 580 2606; x_wconf 72' lang='lat' dir='ltr'>nationibus</span> <span class='ocrx_word' id='word_1_388' title='bbox 605 2580 637 2606; x_wconf 79' lang='lat' dir='ltr'>et</span> <span class='ocrx_word' id='word_1_389' title='bbox 662 2577 816 2606; x_wconf 60' lang='lat' dir='ltr'>marimis</span> <span class='ocrx_word' id='word_1_390' title='bbox 858 2580 987 2605; x_wconf 74' lang='lat' dir='ltr'>textum</span> <span class='ocrx_word' id='word_1_391' title='bbox 999 2577 1098 2606; x_wconf 82' lang='lat' dir='ltr'>venit.</span> <span class='ocrx_word' id='word_1_392' title='bbox 1122 2576 1175 2606; x_wconf 85' lang='lat' dir='ltr'>Ita</span> <span class='ocrx_word' id='word_1_393' title='bbox 1187 2575 1284 2616; x_wconf 81' lang='lat' dir='ltr'>plane</span> <span class='ocrx_word' id='word_1_394' title='bbox 1297 2580 1395 2605; x_wconf 82' lang='lat' dir='ltr'>erunt</span> <span class='ocrx_word' id='word_1_395' title='bbox 1407 2574 1464 2604; x_wconf 82' lang='lat' dir='ltr'>illa</span> <span class='ocrx_word' id='word_1_396' title='bbox 1476 2575 1553 2612; x_wconf 84' lang='lat' dir='ltr'>tria,</span> 
     </span>
     <span class='ocr_line' id='line_1_46' title="bbox 125 2617 1554 2658; baseline -0.002 -9"><span class='ocrx_word' id='word_1_397' title='bbox 125 2619 164 2650; x_wconf 87' lang='lat' dir='ltr'>G.</span> <span class='ocrx_word' id='word_1_398' title='bbox 192 2622 223 2648; x_wconf 85' lang='lat' dir='ltr'>et</span> <span class='ocrx_word' id='word_1_399' title='bbox 252 2618 298 2648; x_wconf 89' lang='lat' dir='ltr'>H.</span> <span class='ocrx_word' id='word_1_400' title='bbox 323 2617 460 2657; x_wconf 73' lang='lat' dir='ltr'>praeliis]</span> <span class='ocrx_word' id='word_1_401' title='bbox 494 2617 565 2647; x_wconf 85' lang='lat' dir='ltr'>Hoc</span> <span class='ocrx_word' id='word_1_402' title='bbox 593 2624 718 2648; x_wconf 82' lang='lat' dir='ltr'>rectum</span> <span class='ocrx_word' id='word_1_403' title='bbox 749 2627 815 2648; x_wconf 82' lang='lat' dir='ltr'>non</span> <span class='ocrx_word' id='word_1_404' title='bbox 859 2628 931 2657; x_wconf 80' lang='lat' dir='ltr'>quae</span> <span class='ocrx_word' id='word_1_405' title='bbox 946 2627 1043 2658; x_wconf 82' lang='lat' dir='ltr'>supra</span> <span class='ocrx_word' id='word_1_406' title='bbox 1057 2630 1085 2648; x_wconf 82' lang='lat' dir='ltr'>c.</span> <span class='ocrx_word' id='word_1_407' title='bbox 1100 2621 1146 2648; x_wconf 82' lang='lat'>12.</span> <span class='ocrx_word' id='word_1_408' title='bbox 1160 2625 1242 2648; x_wconf 78' lang='lat' dir='ltr'>extr.</span> <span class='ocrx_word' id='word_1_409' title='bbox 1258 2617 1554 2655; x_wconf 61' lang='lat' dir='ltr'>subactffidomita,</span> 
     </span>
     <span class='ocr_line' id='line_1_47' title="bbox 119 2661 990 2699; baseline -0.001 -8"><span class='ocrx_word' id='word_1_410' title='bbox 119 2669 187 2691; x_wconf 87' lang='lat' dir='ltr'>est:</span> <span class='ocrx_word' id='word_1_411' title='bbox 211 2670 284 2690; x_wconf 81' lang='lat' dir='ltr'>cum</span> <span class='ocrx_word' id='word_1_412' title='bbox 310 2661 493 2690; x_wconf 63' lang='lat' dir='ltr'>nationibus</span> <span class='ocrx_word' id='word_1_413' title='bbox 516 2664 547 2690; x_wconf 82' lang='lat' dir='ltr'>et</span> <span class='ocrx_word' id='word_1_414' title='bbox 561 2661 687 2699; x_wconf 73' lang='lat' dir='ltr'>proeliis</span> <span class='ocrx_word' id='word_1_415' title='bbox 710 2661 816 2689; x_wconf 72' lang='lat' dir='ltr'>decer·</span> <span class='ocrx_word' id='word_1_416' title='bbox 855 2665 990 2699; x_wconf 73' lang='lat' dir='ltr'>pacata.</span> 
     </span>
     <span class='ocr_line' id='line_1_48' title="bbox 119 2699 1558 2741; baseline -0.003 -7"><span class='ocrx_word' id='word_1_417' title='bbox 119 2708 206 2737; x_wconf 70' lang='lat' dir='ltr'>tate,</span> <span class='ocrx_word' id='word_1_418' title='bbox 223 2712 288 2731; x_wconf 76' lang='lat' dir='ltr'>nun</span> <span class='ocrx_word' id='word_1_419' title='bbox 305 2703 435 2733; x_wconf 83' lang='lat' dir='ltr'>dicitur.</span> <span class='ocrx_word' id='word_1_420' title='bbox 467 2700 555 2741; x_wconf 57' lang='lat' dir='ltr'>Lego</span> <span class='ocrx_word' id='word_1_421' title='bbox 569 2713 576 2730; x_wconf 71' lang='grc' dir='ltr'>ε</span> <span class='ocrx_word' id='word_1_422' title='bbox 602 2711 676 2732; x_wconf 63' lang='lat' dir='ltr'>crem</span> <span class='ocrx_word' id='word_1_423' title='bbox 691 2712 740 2731; x_wconf 78' lang='lat' dir='ltr'>(w.</span> <span class='ocrx_word' id='word_1_424' title='bbox 758 2712 817 2731; x_wconf 79' lang='lat' dir='ltr'>na·</span> <span class='ocrx_word' id='word_1_425' title='bbox 903 2704 943 2732; x_wconf 74' lang='lat'>54</span> <span class='ocrx_word' id='word_1_426' title='bbox 959 2702 1119 2732; x_wconf 73' lang='lat' dir='ltr'>Semitam</span> <span class='ocrx_word' id='word_1_427' title='bbox 1134 2706 1263 2731; x_wconf 76' lang='lat' dir='ltr'>tantum</span> <span class='ocrx_word' id='word_1_428' title='bbox 1285 2701 1402 2731; x_wconf 71' lang='lat' dir='ltr'>Gallice</span> <span class='ocrx_word' id='word_1_429' title='bbox 1414 2699 1451 2739; x_wconf 81' lang='lat' dir='ltr'>t.]</span> <span class='ocrx_word' id='word_1_430' title='bbox 1469 2699 1558 2739; x_wconf 73' lang='lat' dir='ltr'>Quo-</span> 
     </span>
     <span class='ocr_line' id='line_1_49' title="bbox 121 2736 1559 2781; baseline -0.001 -6"><span class='ocrx_word' id='word_1_431' title='bbox 121 2747 258 2776; x_wconf 61' lang='lat' dir='ltr'>riom—&#39;bus</span> <span class='ocrx_word' id='word_1_432' title='bbox 270 2750 300 2774; x_wconf 73' lang='lat' dir='ltr'>et</span> <span class='ocrx_word' id='word_1_433' title='bbox 323 2745 434 2775; x_wconf 85' lang='lat' dir='ltr'>Germ.</span> <span class='ocrx_word' id='word_1_434' title='bbox 449 2748 480 2774; x_wconf 77' lang='lat' dir='ltr'>et</span> <span class='ocrx_word' id='word_1_435' title='bbox 496 2736 734 2781; x_wconf 60' lang='lat' dir='ltr'>Hefvetiornm,</span> <span class='ocrx_word' id='word_1_436' title='bbox 748 2754 818 2774; x_wconf 82' lang='lat' dir='ltr'>ma-</span> <span class='ocrx_word' id='word_1_437' title='bbox 861 2743 958 2773; x_wconf 75' lang='lat' dir='ltr'>modo</span> <span class='ocrx_word' id='word_1_438' title='bbox 974 2744 1082 2774; x_wconf 77' lang='lat' dir='ltr'>Gallia</span> <span class='ocrx_word' id='word_1_439' title='bbox 1103 2743 1326 2774; x_wconf 58' lang='lat' dir='ltr'>Narbonensis</span> <span class='ocrx_word' id='word_1_440' title='bbox 1341 2742 1457 2773; x_wconf 72' lang='lat' dir='ltr'>semita</span> <span class='ocrx_word' id='word_1_441' title='bbox 1479 2742 1559 2773; x_wconf 79' lang='lat' dir='ltr'>Gal-</span> 
     </span>
     <span class='ocr_line' id='line_1_50' title="bbox 121 2785 1559 2827; baseline -0.002 -9"><span class='ocrx_word' id='word_1_442' title='bbox 121 2790 221 2824; x_wconf 64' lang='lat' dir='ltr'>:cimis</span> <span class='ocrx_word' id='word_1_443' title='bbox 231 2788 354 2827; x_wconf 72' lang='lat' dir='ltr'>proeliis</span> <span class='ocrx_word' id='word_1_444' title='bbox 368 2787 557 2816; x_wconf 72' lang='lat' dir='ltr'>decertavit.</span> <span class='ocrx_word' id='word_1_445' title='bbox 862 2786 912 2814; x_wconf 70' lang='lat' dir='ltr'>cio»</span> <span class='ocrx_word' id='word_1_446' title='bbox 928 2786 1068 2824; x_wconf 75' lang='lat' dir='ltr'>dicatur,</span> <span class='ocrx_word' id='word_1_447' title='bbox 1084 2796 1144 2826; x_wconf 86' lang='lat' dir='ltr'>pro</span> <span class='ocrx_word' id='word_1_448' title='bbox 1157 2786 1274 2824; x_wconf 70' lang='lat' dir='ltr'>exigua</span> <span class='ocrx_word' id='word_1_449' title='bbox 1296 2791 1401 2825; x_wconf 78' lang='lat' dir='ltr'>parte,</span> <span class='ocrx_word' id='word_1_450' title='bbox 1419 2793 1487 2815; x_wconf 86' lang='lat' dir='ltr'>non</span> <span class='ocrx_word' id='word_1_451' title='bbox 1507 2785 1559 2819; x_wconf 77' lang='lat' dir='ltr'>in-</span> 
     </span>
     <span class='ocr_line' id='line_1_51' title="bbox 163 2826 987 2868; baseline -0.006 -6"><span class='ocrx_word' id='word_1_452' title='bbox 163 2834 203 2862; x_wconf 70' lang='lat'>53</span> <span class='ocrx_word' id='word_1_453' title='bbox 225 2829 362 2865; x_wconf 72' lang='lat' dir='ltr'>domuit,</span> <span class='ocrx_word' id='word_1_454' title='bbox 384 2829 539 2867; x_wconf 69' lang='lat' dir='ltr'>compunt</span> <span class='ocrx_word' id='word_1_455' title='bbox 561 2827 636 2867; x_wconf 61' lang='grc' dir='ltr'>δία]</span> <span class='ocrx_word' id='word_1_456' title='bbox 664 2827 746 2858; x_wconf 79' lang='lat' dir='ltr'>Edd.</span> <span class='ocrx_word' id='word_1_457' title='bbox 769 2837 818 2868; x_wconf 87' lang='lat' dir='ltr'>pr.</span> <span class='ocrx_word' id='word_1_458' title='bbox 860 2826 987 2867; x_wconf 73' lang='lat' dir='ltr'>telligo.</span> 
     </span>
    </p>
   </div>
  </div>
 </body>
</html>
