1785 3185
500 135 848 175 PHILIPPICA
875 134 1207 174 UNDECIMA.
1467 134 1564 171 1393

133 255 209 298 per
228 240 382 282 sororis
410 239 498 282 filio
521 238 680 281 infudit
702 252 927 290 vencnum,
951 252 1033 279 non
1059 238 1192 279 dedit.
1252 236 1334 278 Sed
1358 250 1443 277 non
1465 249 1564 291 pos-

133 308 233 339 sunt
255 312 340 339 non
374 297 553 353 prodige
577 296 732 347 vivere,
754 296 826 350 qui
863 304 1009 335 nostra
1032 296 1144 335 bona
1173 304 1358 350 sperant,
1380 307 1477 334 cum
1500 291 1564 332 ef-

133 353 323 396 fundunt
346 368 435 394 sua.
483 357 522 388 27
538 353 692 394 Videte
713 353 840 393 etiam
867 351 918 392 P.
944 350 1065 392 Decii
1099 353 1356 401 auctionem,
1378 349 1562 391 clarissi-

131 411 189 452 mi
228 411 331 454 viri:
380 410 452 466 qui
490 410 702 465 majorum
735 424 906 450 suorum
940 409 1137 464 exempla
1172 421 1441 463 pe1·sequenS‚
1480 420 1558 461 pro

130 467 268 509 alieno
289 481 332 508 se
354 482 437 508 aere
458 467 647 508 devovit.
677 475 815 508 emtor
838 475 976 506 tamen
1002 466 1042 506 in
1067 480 1116 505 ea
1137 464 1336 505 auctione
1359 464 1554 504 inventus
1568 471 1599 504 b.

127 535 194 566 est
222 539 364 566 nemO.
426 523 659 566 Hominem
691 523 930 574 ridiculum,
957 523 1029 576 qui
1072 536 1115 563 se
1145 522 1282 562 exire'
1305 534 1388 561 aere
1417 518 1555 560 alieno

128 581 169 613 28
183 591 306 637 putet
328 596 465 638 posse,
487 595 584 622 cum
609 581 764 622 vendat
786 581 936 621 aliena.
970 579 1079 620 Nam
1101 578 1200 634 quid
1225 592 1306 634 ego
1328 579 1368 611 29
1380 576 1432 617 de
1454 571 1617 616 Tre-14

128 637 256 680 bellio
286 639 455 680 dicam?
485 652 611 693 quem
644 637 744 678 ultae
776 638 975 678 videntur
997 637 1117 676 furiae
1149 635 1431 676 creditorum:
1467 634 1558 674 vin-

126 695 267 736 dicem
289 696 402 736 enim
437 695 677 736 tabularum
708 709 912 735 novarum
947 707 1101 734 novam
1138 691 1323 733 tabulam
1361 691 1557 731 vidimus.

128 751 246 798 Quid
259 753 313 794 de
330 752 377 794 L.
395 751 580 793 Planco?
602 766 725 806 quem
744 750 1120 806 praestantissimus
1134 750 1254 799 civis,
1268 747 1439 803 Aquila,
1460 747 1558 788 Pol-

123 807 258 850 lentia
277 809 458 864 expulit,
481 818 523 849 et
546 809 717 863 quidem
735 823 855 849 crure
878 809 1035 849 fracto:
1059 807 1172 863 quod
1193 807 1354 847 utinam
1378 815 1476 845 ante
1499 804 1557 849 illi

128 867 369 917 accidisset,
392 880 444 907 ne
477 866 562 906 huc
595 866 730 906 redire
762 865 990 920 potuisset!
1027 864 1189 905 Lumen
1223 874 1264 904 et
1293 863 1426 903 decus‘
1447 861 1556 902 illius

127 924 341 964 exercitus
367 937 488 978 paene
511 922 713 978 praeterii,
735 925 775 952 30
792 921 843 962 C.
867 921 1056 962 Annium
1089 921 1330 970 Cimbrum,
1367 919 1554 975 Lysidici

122 979 274 1031 filium,
301 980 546 1034 Lysidicum
572 981 710 1035 ipsum
730 982 765 1010 3¹
784 979 962 1033 [Graeco
992 979 1141 1032 verbo]
1173 978 1375 1032 quoniam
1409 977 1555 1017 omnia

118 1036 221 1092 jura
241 1037 460 1078 dissolvit:
494 1036 573 1077 nisi
610 1035 720 1077 forte
746 1035 846 1091 jure
878 1036 1140 1077 Germanum
1177 1035 1354 1076 Cimber
1377 1033 1552 1074 occidit.

123 1093 234 1135 Cum
258 1094 383 1144 hanc,
403 1103 446 1134 et
476 1094 602 1148 hujus
632 1094 799 1149 generis
832 1094 1001 1149 copiam
1034 1102 1197 1133 tantam
1230 1090 1387 1132 habeat
1412 1089 1552 1131 Anto-

119 1151 230 1202 nius,
253 1151 367 1206 quod
392 1150 526 1191 scelus
550 1152 748 1202 omittet;
781 1165 876 1191 cum
901 1149 1126 1191 Dolabella
1149 1149 1278 1190 tantis
1299 1163 1342 1189 se
1364 1147 1551 1189 obstrin-

116 1209 231 1250 xerit
255 1208 506 1264 parricidiis,
533 1221 802 1263 nequaquam
829 1208 918 1263 pari
941 1207 1152 1248 latronum
1180 1220 1304 1246 manu
1329 1214 1372 1246 et
1394 1204 1548 1261 copia?

120 1265 413 1322 Quapropter,
447 1276 494 1305 ut
524 1265 685 1305 invitus
720 1279 834 1320 saepe
863 1265 1041 1305 dissensi
1064 1280 1088 1305 a
1112 1264 1168 1310 Q..
1203 1263 1342 1315 Fufio,
1366 1262 1426 1302 ita
1455 1276 1545 1302 sum
1563 1266 1608 1300 15

119 1322 213 1377 ejus
236 1323 458 1363 sententiae
482 1321 663 1363 libenter
682 1336 889 1362 assensus
951 1321 1018 1363 Ex
1041 1336 1127 1376 quo
1149 1320 1347 1376 judicare
1368 1319 1552 1369 debetis,

115 1393 288 1421 menon
312 1394 407 1421 cum
433 1379 607 1419 homine
629 1379 777 1429 solere,
806 1379 876 1419 sed
912 1394 1008 1420 cum
1032 1394 1160 1419 causa
1182 1377 1399 1418 dissidere.
1461 1372 1550 1416 Ita-

116 1450 201 1491 que
221 1452 308 1478 non
330 1437 539 1477 assentior
561 1435 714 1485 solum,
738 1437 810 1477 sed
846 1436 974 1476 etiam
1008 1436 1165 1491 gratias
1197 1449 1280 1489 ago
1316 1436 1372 1481 Q.
1408 1433 1547 1474 Fufio.

112 1493 227 1534 dixit
248 1495 359 1534 enim
385 1507 588 1542 severam,
612 1507 800 1548 gravem,
824 1493 1043 1549 republica
1065 1493 1238 1548 dignam
1265 1491 1546 1532 sententiam:

106 1549 324 1606 judicavit
356 1550 522 1591 hostem
557 1548 849 1591 Dolabellam:
900 1551 1012 1591 bona
1049 1549 1140 1604 ejus
1174 1550 1340 1589 censuit
1375 1547 1548 1604 publice

111 1606 383 1663 possidenda.
407 1622 492 1662 quo
515 1622 613 1648 cum
647 1607 744 1648 addi
770 1605 875 1647 nihil
911 1616 1054 1663 posset
1078 1606 1200 1661 (quid
1222 1606 1334 1647 enim
1359 1605 1546 1653 atrocius

110 1665 270 1721 potuit,
309 1664 413 1720 quid
452 1664 637 1705 severius
679 1667 720 1695 32
733 1664 958 1705 decernere
976 1665 1008 1714 ἓ)
1039 1664 1152 1704 dixit
1183 1672 1340 1714 tamen,
1381 1663 1414 1703 si
1450 1661 1544 1718 quis

148 1812 188 1844 27
216 1810 326 1841 Videte
342 1810 457 1850 etiam]
474 1810 551 1841 Non
567 1809 732 1840 consentit
748 1810 794 1839 rei
838 1808 949 1848 liqua:
974 1818 1050 1838 cum
1075 1808 1209 1848 vulgata
1233 1808 1417 1849 impedierit
1439 1807 1542 1839 inter-

105 1856 140 1883 εἴ
153 1857 321 1890 contexto,
334 1852 454 1883 Videte.
477 1852 623 1882 Graevius
634 1851 733 1882 edidit
747 1851 801 1881 Vi-
844 1856 963 1891 preteS‚
982 1851 1171 1882 Manutium
1188 1856 1221 1880 et
1245 1851 1336 1881 alios.
1361 1850 1541 1881 Lambinus

106 1895 153 1931 di,
166 1894 252 1933 quod
272 1896 353 1924 bene
369 1895 562 1934 respondeat
580 1894 738 1934 superiori
753 1895 800 1923 vi·
843 1903 956 1924 verum
987 1902 1117 1924 sensum
1141 1893 1241 1923 vidit:
1273 1893 1328 1923 sed
1356 1893 1382 1922 is
1399 1892 1542 1931 vulgatae

106 1938 236 1967 dimus.-
257 1936 312 1966 ubi
336 1936 481 1966 Graevius
504 1937 626 1976 pariter
648 1935 736 1966 dedit
750 1936 798 1965 vi-
842 1944 909 1965 non
937 1936 1111 1965 consentit.
1156 1935 1219 1966 Res
1242 1940 1290 1965 est
1320 1936 1367 1964 ita
1397 1935 1540 1971 evidens,

106 1979 152 2009 di.
196 1978 296 2008 Favet
310 1978 373 2008 Gu.
390 1979 443 2017 qui
466 1978 565 2008 habet
580 1979 662 2009 vide.
685 1977 798 2007 malim
840 1984 879 2008 ut
891 1977 935 2008 sic
951 1978 1123 2016 corrigere,
1139 1982 1172 2007 et
1186 1977 1382 2008 creditorum
1399 1977 1541 2017 recipere

103 2026 139 2052 et
153 2020 206 2050 hic
220 2021 372 2057 vidimus,
388 2025 445 2051 aut
459 2020 592 2051 vidistis.
639 2020 716 2050 Mox
728 2029 799 2049 suo·
842 2019 874 2050 in
888 2024 1016 2049 textum
1033 2029 1098 2049 non
1113 2019 1301 2049 dubitarim.

104 2073 183 2093 rum
198 2062 286 2093 delet
308 2062 468 2098 Graevius,
483 2063 567 2101 quod
589 2063 622 2093 in
646 2062 707 2092 hoe
721 2070 799 2091 con-
884 2064 924 2091 30
953 2061 987 2092 C.
1020 2062 1181 2101 Annium]
1209 2062 1262 2093 Sic
1290 2060 1431 2090 correxit
1458 2060 1538 2090 olim

0 2190 2 2244 l

0 2287 2 2349 l

103 2110 196 2136 textu
213 2114 278 2135 non
291 2104 408 2144 placet.
424 2104 542 2135 alludit
557 2104 597 2135 ad
612 2103 799 2135 devotiones

104 2147 294 2182 Deciorum,
311 2147 427 2177 acerba
441 2147 556 2177 ironia.

145 2191 189 2220 28
217 2193 312 2228 putee
335 2198 425 2228 posse
454 2198 529 2218 cum
555 2187 689 2227 vendat]
736 2187 799 2218 Ms.

102 2230 216 2272 Huyd.
257 2231 418 2261 venderet.
463 2232 515 2260 An
550 2231 626 2266 fuit,
661 2234 799 2269 putaret

91 2283 287 2315 posse,.cum
309 2273 459 2303 venderet
479 2274 601 2303 aliena.
627 2281 703 2302 nam
719 2281 801 2312 prae-

88 2325 173 2348 -sens
189 2321 319 2355 tempus
342 2324 409 2345 non
431 2316 509 2345 satis
535 2320 651 2355 aptum
675 2321 725 2345 est
752 2315 797 2345 rei

99 2358 289 2400 praeteritae.

142 2403 182 2434 29
205 2400 243 2430 de
266 2398 437 2438 Trebellio]
462 2398 664 2429 Defenderat
688 2397 793 2437 legem

100 2441 140 2473 de
170 2442 261 2472 novis
289 2440 424 2478 tabulis,
447 2441 556 2480 itaque
584 2451 641 2481 pci-
665 2440 795 2470 tabulas

99 2483 319 2515 auctionarias
343 2483 504 2513 bonorum
527 2483 609 2520 eius,
625 2482 685 2519 ait,
699 2482 795 2522 puni-

98 2531 170 2557 tam
185 2535 252 2557 esse
265 2525 420 2565 injuriam
435 2524 634 2555 debitoribus
649 2525 682 2555 in
694 2535 732 2555 ea
745 2524 792 2554 fa-

99 2573 201 2599 ctam.
246 2567 310 2598 Hic
331 2576 442 2597 seusus
458 2567 555 2597 debet
575 2576 653 2598 esse.
675 2567 794 2596 vindex

97 2611 184 2642 tabb.
202 2619 359 2640 novarum
376 2614 426 2639 est
445 2609 557 2639 ultrix.
604 2609 700 2639 Enim
716 2618 792 2638 vero

99 2653 214 2684 Cicero
230 2651 322 2682 nullo
345 2651 440 2682 modo
463 2652 573 2691 potuit
588 2651 728 2690 gaudere
743 2650 792 2680 ul.

95 2696 189 2725 tione
212 2693 396 2725 debitorum
417 2703 514 2723 causa
528 2699 696 2723 exactam:
721 2702 798 2723 cum

95 2737 214 2776 etipse
239 2735 331 2766 novis
355 2734 477 2774 tabulis
497 2738 531 2765 et
555 2735 718 2765 voluntati
742 2734 798 2765 de-

97 2778 242 2809 bitorum
279 2776 464 2808 restitisset.
518 2776 634 2816 Itaque
670 2786 798 2816 semper

96 2820 216 2850 credidi
243 2829 303 2860 pro
325 2819 506 2850 debitorum
533 2819 708 2857 legendum
730 2827 798 2849 esse

93 2862 304 2894 creditorum.
349 2861 402 2893 Ita
427 2861 519 2893 nulla
538 2861 712 2891 difficultas
747 2869 797 2889 re-

843 2104 921 2133 Ant.
949 2104 1151 2142 Augustinus
1175 2114 1213 2133 ex
1230 2103 1300 2133 aliis
1324 2102 1537 2142 scriptoribus

842 2145 976 2176 latinis:
1014 2150 1178 2185 repertum
1201 2145 1316 2175 deinde
1341 2149 1391 2174 est
1414 2144 1448 2174 in
1469 2144 1534 2175 Ms.

844 2186 1075 2227 Adstipulatur
1098 2187 1208 2228 Huyd.
1225 2188 1279 2226 qui
1301 2187 1399 2216 habet
1421 2186 1454 2217 C'.
1469 2187 1537 2216 An-

843 2230 983 2260 nim‘um.
1000 2229 1038 2259 In
1053 2228 1126 2259 edd.
1142 2239 1189 2268 pr.
1204 2234 1252 2259 est
1271 2229 1445 2261 Caninius.-
1461 2233 1537 2268 post

843 2282 882 2302 ex
898 2271 968 2301 aliis
992 2281 1052 2301 scr.
1067 2270 1193 2302 editum
1219 2271 1257 2302 T.
1274 2271 1414 2308 Annius,
1431 2276 1469 2300 ut
1485 2275 1535 2304 est

842 2318 877 2345 et
891 2314 925 2343 in
941 2314 1002 2344 Gu.
1039 2313 1102 2344 Sed
1115 2313 1167 2344 hae
1181 2313 1254 2343 duae
1268 2314 1385 2349 Περι-ξε,
1401 2309 1537 2353 ρτωεεπέ

838 2356 899 2386 tim
915 2356 948 2386 in
975 2355 1092 2386 minori
1116 2355 1289 2395 scriptura,
1311 2365 1396 2396 saepe
1418 2355 1534 2386 confu-

838 2407 894 2435 sae,
910 2404 948 2428 ut
959 2401 1036 2428 ante
1051 2398 1249 2428 monuimus.

880 2443 914 2470 31
949 2440 1059 2470 Graeco
1079 2439 1186 2479 verbo]
1224 2439 1303 2469 Non
1324 2443 1448 2473 temere
1468 2437 1532 2468 hoe

838 2482 874 2512 P.
893 2482 1045 2512 Manutio
1059 2488 1246 2521 suspectum
1264 2482 1339 2512 fuit.
1353 2491 1370 2511 e
1384 2485 1463 2510 nota
1479 2489 1532 2510 or-

834 2529 907 2554 tum
922 2530 984 2554 est.
1009 2524 1164 2554 Ceterum
1176 2522 1361 2559 historiam,
1378 2522 1418 2552 ad
1431 2531 1531 2561 quam

835 2565 889 2596 hie
912 2566 1083 2602 alluditur,
1100 2566 1226 2604 ignoro.
1271 2565 1375 2596 Caedis
1399 2564 1431 2593 iu
1448 2564 1529 2594 Ger—

837 2617 935 2638 mano
950 2608 1043 2638 factae
1061 2617 1134 2638 reus
1148 2607 1277 2637 videtur
1291 2607 1388 2637 fuisse
1398 2612 1431 2636 et
1445 2604 1530 2635 male

835 2649 1016 2680 absolutus.
1062 2649 1253 2688 Lysidicum
1266 2651 1370 2689 {psum
1385 2654 1435 2678 est
1447 2659 1456 2676 z
1474 2648 1529 2686 qui

841 2692 909 2732 ipse
925 2701 998 2722 vere
1014 2690 1181 2730 Lysidicus
1196 2691 1273 2722 fuit.

883 2736 923 2764 32
944 2732 1128 2772 decernere]
1155 2733 1231 2764 Vat.
1254 2731 1369 2762 habuit
1383 2731 1421 2762 de
1432 2740 1530 2770 genea

838 2785 893 2808 νει
918 2776 1003 2805 unde
1026 2775 1215 2813 conjectura
1236 2774 1323 2804 facta
1339 2775 1377 2803 de
1396 2783 1528 2812 genero,

840 2817 1009 2855 ingeniosa
1022 2825 1100 2846 sane
1115 2821 1149 2846 et
1163 2816 1256 2846 valde
1271 2816 1426 2855 speciosa,
1443 2814 1529 2854 quod

840 2857 1015 2889 Dolabella
1032 2858 1114 2888 Fufii
1130 2867 1231 2897 gener
1244 2857 1320 2890 fuit.
1379 2864 1382 2867 “

773 2906 905 2943 ’ἔΧῧ
