1769 3174
0 1121 28 1169 ι·

0 1243 38 1363 ἑ

6 1375 30 1507 {j

517 158 632 196 PRO
660 157 748 194 CN.
776 157 1050 195 PLANCIO.
1426 164 1501 199 959

71 259 230 302 existo
249 260 413 302 ambitu
445 260 640 311 traxisse,
663 269 711 300 ut
742 259 1069 301 miserabiliores
1102 259 1295 315 epilogos
1331 276 1497 316 possem

73 316 227 358 dicere
290 318 390 358 Non
427 319 548 358 vobis
582 317 728 358 videor
766 332 863 358 cuni
895 317 1037 371 aliquo
1071 294 1370 368 declamatore,
1409 334 1495 360 non

27 373 34 408 .‘
71 373 402 415 ⁶6cu1nl·1b0ris
435 384 479 415 et
512 373 593 414 fori
625 374 837 429 discipulo
867 374 1114 429 disputare?
1144 373 1182 406 67
1201 373 1342 414 Rhodi
1367 377 1495 427 enim,
1508 381 1558 415 84

27 444 29 449 ·
72 428 228 485 inquit,
251 446 336 472 non
369 431 445 472 fui.
479 445 547 471 me
581 431 670 471 vult
692 430 848 472 fuisse:
879 431 918 461 68
934 430 1005 470 sed
1039 429 1116 479 fui,
1151 429 1306 485 inquit,
1332 431 1415 472 Nic
1407 448 1495 474 eae

17 513 23 530 s,
71 488 331 542 (putabam
322 503 365 528 m
398 487 588 529 Vaccaeis
620 487 854 538 dicturum)
878 487 942 528 bis
978 487 1041 540 [in
1067 486 1308 541 Bithynia}

19 544 34 598 sp
71 557 147 584 cus
171 544 300 585 habet
321 544 659 601 reprehensionis
682 558 824 585 ansam
850 543 1050 599 aliquam,
1070 545 1212 583 nescio
1236 546 1361 584 69cur
1383 560 1500 586 sevc-

71 599 225 642 riorem
260 601 455 642 Nicaeam
492 611 630 657 putes,
651 616 779 656 quain
815 601 1032 641 Rhodum.
1064 601 1097 640 si
1121 611 1254 656 spect
1252 601 1353 641 mclt
1375 617 1502 644 eausa

19 673 22 678 “
73 667 162 700 est:
194 668 238 699 et
259 667 304 699 tu
328 659 370 699 in
407 658 614 714 Bithynia
647 673 813 698 summa
842 672 940 698 cum
963 657 1176 713 dignitate
1197 658 1331 708 fuisti,
1353 669 1396 699 ct
1418 674 1500 716 ego

9 741 18 759 ι
74 713 219 756 Rhodi
250 730 335 756 non
365 715 543 756 minore.

19 774 37 828 ᾖ
71 772 187 826 quod
209 772 388 813 nimium
422 773 578 813 multos
601 771 890 812 defenderim:
923 772 1085 812 utinam
1112 780 1154 812 et
1182 782 1243 821 tu,
1266 774 1339 827 qui
1365 785 1500 828 potes,

1370 488 1414 528 Si
1439 489 1499 529 lo-

605 715 733 765 Nam,
763 715 877 770 quod
914 715 955 755 in
990 729 1040 754 eo
1076 728 1143 754 me
1176 705 1500 770 reprehendisti,

71 838 115 869 et
136 829 281 880 ceteri,
303 830 375 884 qui
397 829 640 885 defugiunt,
664 827 818 869 vellent
847 842 915 868 me
948 829 1093 869 labore
1124 828 1207 870 hoc
1229 830 1305 869 lev
1298 844 1393 870 ··11e.
1387 831 1393 856 ¹
1428 832 1500 872 scd

24 898 27 910 ¹
72 886 128 926 sit
149 889 190 920 70
205 896 341 927 vestra
361 872 717 942 dilioentia,qui
709 900 750 926 in
773 886 912 926 causis
936 885 1221 941 ponderandis
1243 901 1391 927 omncs
1411 887 1500 928 fere

23 939 31 998 f
71 943 318 999 repudiatis,
343 954 388 983 ut
409 944 462 984 ad
485 957 560 983 nos
585 943 797 998 pleraeque
824 943 1060 992 confluant,
1083 958 1155 997 qu1
1179 944 1342 984 miseris
1365 953 1408 984 et
1438 945 1498 985 la-

23 1001 34 1045 ἲ
74 1001 326 1041 boi-antibus
348 1000 451 1040 nihil
469 1014 624 1056 negare
646 1002 886 1055 possumus.

23 1068 25 1082 ³
71 1057 115 1098 in
140 1057 270 1098 Creta
288 1057 452 1107 fuisses,
474 1060 511 1090 71
527 1057 686 1120 aliquid
706 1057 746 1096 in
771 1057 1022 1112 petitionem
1037 1067 1154 1097 tuam
1176 1058 1260 1098 dici
1285 1060 1495 1113 potuisse:

930 999 1207 1041 Admonuisti
1224 1000 1368 1051 etiam,
1382 1003 1493 1056 quod
1509 1002 1558 1035 85

71 1129 140 1155 me
162 1115 203 1155 id
231 1115 476 1170 peididisse.
536 1114 644 1155 Uter
674 1113 807 1168 igitur
837 1114 1031 1154 nostrum
1059 1124 1123 1154 est
1146 1115 1344 1170 cupidior
1366 1116 1433 1155 (Ιί(·
1440 1118 1498 1159 ti?

27 1184 223 1236 egone,
242 1172 330 1227 qui,
351 1171 465 1226 quod
488 1171 572 1212 dici
597 1171 753 1226 potuit,
776 1185 859 1211 non
884 1171 1088 1212 dixeiim:
1121 1186 1174 1212 an
1196 1182 1256 1223 tu,
1277 1172 1350 1227 qui
1370 1173 1501 1214 etiam

73 1227 166 1285 ipse
189 1229 230 1269 in
255 1239 295 1270 te
316 1229 504 1270 dixeris?
534 1227 596 1268 'le
619 1229 762 1268 aiebas
785 1229 838 1269 de
862 1229 944 1269 tuis
967 1229 1092 1269 rebus
1116 1229 1247 1284 gestis
1269 1229 1405 1270 nullas
1430 1230 1500 1271 lit-

74 1294 183 1327 teras
207 1286 384 1337 misisse,
407 1285 521 1340 quod
542 1285 646 1325 mihi
667 1299 790 1335 meae,
811 1289 969 1340 72‘quas
992 1286 1044 1326 ad
1067 1264 1252 1341 aliquem
1276 1287 1500 1339 misissem,

75 1343 330 1384 obfuissent.
366 1358 470 1398 quas
503 1356 584 1397 ego
617 1342 721 1382 mihi
756 1341 947 1383 obfuisse
980 1357 1066 1383 non
1101 1343 1323 1400 intelligo:
1357 1345 1499 1401 reipu-

74 1401 198 1442 blicae
219 1401 344 1441 video
367 1400 565 1456 prodesse
589 1399 792 1454 potuisse.

130 1458 213 1499 Sed
249 1467 349 1498 sunt
381 1457 474 1498 haec
507 1456 690 1496 leviora:
724 1455 794 1496 illa
814 1471 912 1497 v·e10
938 1457 1136 1512 giwavima
1166 1466 1294 1513 atque
1323 1472 1495 1514 magna,
1510 1448 1580 1497 35

70 1515 183 1570 quod
214 1529 354 1556 meum
377 1514 623 1563 discessum,
643 1526 769 1567 quem
794 1528 907 1569 saepe
936 1514 1129 1564 defleras,
1152 1529 1266 1556 nunc
1287 1530 1359 1570 quK
1349 1517 1407 1556 asi
1433 1532 1494 1557 re-
1509 1521 1559 1555 86

0 1581 25 1636 ᾖ

20 1644 36 1653 1.

3 1661 34 1683 ,εἰ

13 1680 33 1690 e-

0 1694 47 1758 aa

70 1572 330 1629 prehendere
353 1581 396 1612 et
416 1571 695 1611 subaccusare
721 1571 905 1611 voluisti.
936 1571 1085 1612 dixisti
1115 1573 1245 1624 enirn,
1268 1588 1353 1613 non
1377 1575 1500 1615 auxi-

67 1714 157 1756 quod
192 1715 354 1755 scripsisse
383 1717 500 1744 contra
527 1713 626 1743 istum
659 1713 762 1743 ambi-

5 1759 12 1768 *
29 1749 47 1767 ’
71 1763 156 1795 tum,
171 1758 225 1797 qui
239 1761 289 1787 est
304 1757 338 1786 in
351 1756 436 1787 ludis
450 1755 606 1786 faciendis
628 1755 667 1785 ad
689 1765 762 1794 gra-

3 1844 14 1859 ’ἰ

72 1800 153 1831 tiam
175 1799 286 1839 populi
308 1798 517 1838 captandam,
536 1802 574 1826 ut
595 1798 620 1827 si
645 1798 762 1836 aliquis

71 1840 290 1872 defendendus
307 1846 391 1871 esset
413 1840 472 1870 aedi
477 1839 515 1870 lis
539 1849 611 1869 reus
632 1839 670 1869 de
693 1849 762 1870 ain-

28 1883 156 1933 ..RQ
170 1893 210 1914 ex
223 1884 302 1914 illo
295 1892 364 1923 ipso
378 1883 484 1923 capite
499 1882 616 1912 ducere
631 1882 763 1911 misera-

42 1918 196 1958 tionem
219 1927 254 1956 in
275 1925 411 1965 epilogis
435 1933 574 1972 possem:
617 1923 764 1964 Apparet

71 1967 282 1999 Laterensem
299 1968 450 2006 jocatum
471 1976 540 1996 esse
563 1966 597 1995 in
618 1966 764 2005 epilogos

35 2031 42 2036 υ
72 2010 272 2046 Ciceronis,
265 2019 299 2039 in
315 2009 430 2048 quibus
445 2009 541 2038 nimis
563 2017 648 2047 saepe
668 2008 765 2038 mise-

70 2053 195 2083 ra¹ione
220 2056 386 2082 uteretur:
411 2056 555 2080 ceterum
583 2050 652 2080 sine
681 2051 760 2081 vitio

35 2102 43 2110 '
56 2103 137 2137 ,esse
151 2094 272 2130 locum,
289 2103 356 2123 non
370 2093 580 2123 defenderim.

28 2135 55 2171 ”,
110 2136 152 2168 66
184 2146 259 2166 cum
289 2137 406 2166 laboris
431 2140 462 2165 et
485 2135 562 2174 sin-z
588 2134 757 2175 discipulo]

71 2172 260 2218 Eleganter,
287 2178 343 2217 qui
370 2179 404 2207 in
433 2178 538 2207 causis
567 2176 701 2215 agendis
727 2183 762 2207 et

71 2220 142 2251 foro
169 2220 317 2252 didicerit
343 2219 458 2249 dicere.
502 2219 543 2249 In
571 2218 662 2248 libris
688 2228 760 2249 ora-

71 2263 162 2293 toi-iis
195 2262 367 2301 aliquoties
394 2261 486 2299 dicit,
522 2261 556 2291 in
583 2261 654 2290 foro
681 2259 760 2291 disci

71 2305 192 2345 optime
207 2304 440 2343 eloquentiam.

113 2347 151 2380 67
167 2344 458 2385 thorll—nonfui]
478 2345 538 2375 Est
549 2345 642 2384 jocus
656 2344 690 2375 in
706 2344 761 2376 ci-

69 2398 233 2425 ceronem,
248 2389 303 2428 qui
318 2387 423 2419 Rhodi
438 2387 524 2428 apud
539 2387 709 2418 Molonem
726 2397 759 2418 se

71 2435 268 2467 exercuerat,
281 2430 366 2460 unde
381 2429 471 2460 illam
488 2430 615 2470 copiam
631 2430 665 2460 in
680 2429 759 2460 locis

70 2472 296 2503 communibus
315 2479 348 2503 et
371 2471 620 2502 redundantiam
645 2471 759 2502 hause-

73 2515 128 2552 rit,
136 2519 276 2564 propter
295 2524 381 2554 quai·
374 2526 393 2543 i
408 2515 568 2544 Asiaticus
588 2514 694 2544 dictus
710 2518 760 2545 est

73 2555 136 2588 ab'
129 2556 278 2586 inimicis.

113 2599 154 2630 68
175 2597 306 2638 sedJici,
322 2599 438 2638 inquit,
455 2598 577 2628 Nicaeis
589 2597 662 2637 &c.]
681 2597 761 2630 Edd.

72 2646 121 2680 pr.
146 2649 212 2670 non
240 2640 362 2670 liabent
392 2640 527 2676 Nicoeis,
556 2640 679 2680 primus
705 2641 763 2671 Vi-

72 2681 214 2712 ctorius:
237 2683 411 2721 emisitque
439 2682 596 2712 Graevius.
640 2682 703 2712 Sed
730 2681 763 2713 id

72 2733 192 2754 notuen
214 2724 321 2754 abesse
344 2734 411 2754 non
424 2728 546 2764 potest,
561 2723 636 2762 quia
657 2725 692 2754 in
714 2734 764 2754 so-

72 2765 243 2804 quentihus
269 2765 382 2796 Nicaea
406 2771 620 2801 memoratur,
645 2772 679 2797 et
705 2766 764 2797 illa

71 2806 210 2837 detorsio
225 2808 312 2838 verbi
333 2808 367 2838 in
384 2807 523 2838 lhccoeis
541 2807 574 2838 id
588 2806 760 2839 desiderat.

71 2848 148 2880 Sine
162 2849 259 2879 dul-,io
272 2853 382 2879 autem
406 2848 610 2879 ssu-ibendum
628 2849 761 2886 Nicoeae,

72 2894 111 2922 ut
130 2895 165 2922 et
186 2891 312 2921 Graevio
335 2891 514 2922 videbatur.
557 2890 762 2922 Terminatio

805 1716 936 1744 mutata
950 1717 1001 1744 est
1022 1725 1040 1744 e
1062 1713 1160 1744 verbo
1178 1712 1413 1746 Vaceoeis.1n
1438 1717 1503 1748 fine

805 1762 916 1785 autem
951 1763 1032 1796 puto
1058 1756 1233 1787 delendum
1261 1758 1296 1787 in
1325 1757 1466 1797 Βὲἱίίιμη
1469 1771 1502 1797 a,

805 1798 892 1836 quod
916 1799 1091 1828 manifeste
1115 1803 1164 1828 est
1186 1809 1205 1829 a
1226 1798 1415 1838 glossatore.
1460 1803 1504 1833 In

809 1840 961 1877 Vae-cccix,
986 1850 1043 1880 per
1067 1841 1250 1871 irrisionem
1273 1842 1320 1872 sie
1343 1842 1438 1879 dixit,
1465 1851 1504 1875 ut

805 1883 997 1912 Trebatium
1023 1881 1056 1913 in
1081 1883 1239 1922 Epistolis
1261 1888 1357 1914 vocat
1377 1885 1507 1923 dCtunt

806 1924 1114 1963 praestantissimum
1128 1926 1362 1956 Samarobrivis
1375 1927 1415 1957 ad
1423 1928 1501 1959 Div.

805 1967 884 2002 vll,
899 1968 930 1996 2.
946 1971 985 1996 ut
1000 1971 1087 1997 recte
1102 1967 1183 1997 vidit
1197 1968 1298 1998 etiam
1313 1968 1472 2000 olivetas.

848 2010 889 2043 69
918 2019 978 2039 cur
1010 2009 1201 2039 severiorem
1239 2010 1389 2040 Nic-ceam
1423 2012 1498 2052 &e.]

804 2051 889 2080 Puto
913 2051 954 2080 ad
979 2051 1202 2090 eloquentiam
1228 2053 1404 2091 pertinere.
1427 2064 1502 2092 quae

803 2093 925 2123 Nicaae
942 2103 1008 2123 non
1023 2093 1213 2132 castigatior
1226 2094 1281 2130 sit,
1297 2104 1393 2134 quam
1413 2096 1501 2127 Rho-

803 2135 854 2164 di:
893 2144 1092 2174 quamquam
1120 2137 1301 2174 sequeutia,
1330 2138 1368 2167 de
1395 2139 1499 2178 ‹ligni-

802 2182 886 2215 tate,
905 2177 1056 2207 videntur
1077 2176 1118 2207 ad
1141 2177 1216 2208 vitae
1241 2180 1403 2210 rationem
1428 2192 1500 2221 per-

802 2220 919 2250 tineime

845 2265 886 2295 70
908 2265 1015 2291 vestra
1032 2261 1114 2299 dilig
1117 2262 1205 2292 entia
1220 2262 1295 2301 &c.]
1320 2262 1416 2302 Quod
1432 2274 1499 2295 non

803 2303 902 2333 vultis
929 2303 1113 2341 defendere,
1144 2304 1178 2335 in
1205 2304 1322 2343 quibus
1353 2315 1420 2336 non
1448 2314 1499 2338 est

801 2347 973 2385 perspicua
987 2345 1186 2376 innocentia.

844 2391 880 2421 71
907 2388 1031 2418 dietum
1047 2388 1179 2427 aliquod
1202 2388 1237 2418 in
1258 2389 1415 2428 petitione
1439 2394 1499 2420 tua

802 2429 866 2460 dica·
883 2430 933 2470 μ]
956 2429 1085 2466 ,Omnes
1111 2429 1183 2460 edd.
1212 2440 1260 2468 pr.
1287 2430 1408 2461 habent
1435 2434 1498 2463 ‹tli-

801 2472 889 2511 quid.
933 2471 1063 2501 Primus
1090 2472 1222 2511 aliquod
1247 2471 1348 2502 edidit
1377 2474 1498 2504 Manu-

801 2513 880 2544 tius.
925 2514 1064 2545 Dictum
1088 2522 1138 2544 est
1165 2524 1184 2543 a
1209 2514 1400 2552 glossatore.
1445 2518 1499 2548 Ci-

804 2565 877 2586 cero
906 2555 1036 2596 scripsit
1071 2556 1141 2585 sine
1169 2555 1281 2594 dubio,
1308 2558 1438 2597 aliquid
1463 2560 1498 2589 in

797 2599 990 2637 petitionem
1002 2602 1096 2627 tuam
1111 2598 1175 2628 clici
1183 2599 1343 2637 potuisse.-
1367 2609 1497 2640 nempe,

804 2650 824 2670 a
846 2650 911 2677 me,
927 2640 966 2670 ad
990 2640 1295 2679 perstringendum:
1320 2650 1436 2680 nempe
1458 2653 1498 2672 ex

804 2691 856 2718 eo,
871 2682 957 2721 quod
971 2683 1143 2713 Cretenses
1166 2682 1348 2719 mendaces,
1365 2683 1497 2713 fallaces

805 2723 922 2760 habiti,
937 2730 970 2754 ct
986 2725 1020 2753 in
1037 2734 1091 2753 eos
1106 2724 1312 2763 proverbium
1327 2729 1424 2754 esset.

848 2769 888 2800 72
902 2776 983 2805 quas
997 2766 1043 2796 ad
1056 2767 1199 2805 aliquem
1215 2766 1272 2804 m.]
1300 2765 1499 2806 Intelligunt

804 2807 1011 2847 Pompeium,
1047 2807 1088 2838 ad
1122 2817 1220 2846 quem
1247 2808 1286 2838 de
1316 2809 1499 2841 Consulatu

803 2859 862 2880 suo
877 2851 911 2880 in
926 2850 1036 2882 Asiam
1050 2849 1224 2890 scripserit.

746 2937 872 2976 31³2
