1769 3174
569 123 686 160 PRO
725 119 780 159 M.
819 123 1029 162 COELIO.
1418 130 1515 165 1055

80 222 490 279 jucundissimarum
511 226 757 267 varietatem
777 225 908 276 dedit,
928 241 1011 281 qua
1030 240 1114 267 non
1133 228 1260 269 modo
1279 229 1372 271 haec
1395 238 1515 283 aetas,

87 281 160 322 sed
182 282 309 322 etiam
328 283 419 337 jam
442 283 716 324 corroborata
737 292 972 338 caperetur.
1016 283 1307 330 Quamobrem
1330 288 1362 327 si
1386 302 1511 342 quem
1525 297 1574 333 42

87 338 200 379 forte
220 339 491 390 inveneritis,
514 340 586 394 qui
620 352 867 395 aspernetur
896 339 1029 380 oculis
1060 340 1418 396 pulchritudinem
1450 359 1514 384 re-

86 409 196 446 rum,
220 410 303 437 non
326 398 456 437 odore
480 396 578 448 ullo,
600 410 685 436 non
708 406 840 447 tactu,
863 411 949 437 non
972 412 1120 453 sapore
1142 399 1349 454 capiatur,
1369 401 1515 441 exclu-

86 451 161 493 dat
190 454 362 494 auribus
383 468 551 494 omnem
586 453 865 505 suavitatem;
897 453 997 494 huic
1029 454 1191 494 homini
1215 468 1297 510 ego
1321 456 1513 508 fortasse,

86 519 130 549 et
162 510 301 564 pauci,
332 511 433 551 deos
470 511 693 566 propitios,
726 511 914 565 plerique
946 522 1087 551 autem
1123 511 1251 552 iratos
1285 514 1512 567 putabunt.

87 563 204 622 Ergo
227 566 320 608 haec
342 568 507 608 deserta
532 569 599 608 via
620 576 661 607 et
685 567 858 618 inculta,
881 577 1008 622 atque
1039 567 1373 624 interclusajam
1398 569 1512 610 fron·
1530 571 1596 618 18

83 622 227 673 dibus,
268 633 312 664 et
354 624 562 680 virgultis,
604 624 888 678 relinquatur:
921 625 1043 665 detur
1081 625 1239 680 aliquid
1283 626 1424 667 aetati:
1460 627 1514 666 sit

86 679 374 721 adolescentia
396 682 589 723 liberior:
624 695 708 721 non
739 682 884 721 omnia
911 681 1203 737 voluptatibus
1225 683 1512 738 denegentur:

85 750 174 777 non
208 751 374 793 semper
406 747 574 794 superet
612 751 709 778 vera
742 738 811 777 illa
843 748 885 778 ct
912 738 1074 779 directa
1102 739 1234 780 ratio:
1272 740 1412 781 vincat
1440 740 1516 780 ali-

86 794 257 848 quando
290 795 501 850 cupiditas
537 794 817 849 voluptasque
849 796 1071 846 rationein,
1102 797 1334 837 dummodo
1371 797 1440 837 illa
1472 797 1512 837 in
1527 811 1560 842 b,

87 850 171 891 hoc
193 865 347 906 genere
381 852 647 907 praescriptio
677 852 998 907 moderatioque
1033 863 1249 894 teneatur:
1285 854 1516 908 parcatju-

87 917 239 948 ventus
263 908 481 964 pudicitia}
516 924 618 959 suae,
649 923 701 948 ne
732 909 885 963 spoliet
916 910 1120 961 alienam3
1155 924 1205 950 ne
1231 909 1422 951 effundat
1446 926 1518 966 pa-

89 965 351 1016 trimonium,
373 980 424 1005 ne
446 966 614 1006 foenore
637 966 885 1017 trucidetur,
906 981 957 1006 ne
981 966 1167 1007 incurrat
1189 967 1229 1006 in
1254 967 1424 1008 alterius
1443 969 1519 1008 do-

87 1036 204 1062 mum
235 1032 363 1077 atque
397 1022 579 1064 famam:
612 1037 664 1063 ne
688 1024 890 1078 probrum
918 1024 1059 1073 castis,
1083 1024 1221 1064 labem
1245 1024 1435 1080 integris,
1456 1025 1518 1064 in-

89 1079 263 1119 famiam
298 1079 420 1120 bonis
453 1079 632 1121 inferat:
666 1094 718 1119 ne
749 1094 874 1135 quem
907 1080 948 1121 vi
982 1091 1158 1121 terreat:
1192 1095 1244 1122 ne
1267 1081 1433 1122 intersit
1456 1082 1519 1122 in-

87 1136 229 1177 sidiis:
262 1136 415 1177 scelere
438 1146 602 1178 careat:
637 1145 867 1192 postremo,
887 1152 984 1177 cum
1002 1137 1518 1193 paruerit'voluptatibus,
1543 1150 1545 1153 ’

88 1193 252 1234 dederit
284 1193 443 1248 aliquid
477 1194 681 1249 temporis
709 1194 760 1234 ad
794 1193 940 1234 ludum
971 1194 1125 1245 aetatis,
1147 1205 1274 1250 atque
1296 1196 1348 1236 ad
1374 1197 1518 1236 inanes

89 1250 215 1291 hasce
237 1250 532 1291 adolescentiae
556 1250 839 1306 cupiditates3
871 1261 1042 1292 revocet
1064 1266 1107 1291 se
1129 1251 1356 1306 aliquando
1375 1253 1426 1293 ad
1445 1268 1519 1293 cu-

88 1322 178 1348 ram
228 1308 286 1348 rei
320 1308 582 1359 domesticae,
607 1308 664 1348 rei
698 1307 893 1358 forensis,
923 1309 982 1348 rei
1015 1308 1224 1363 publicae:
1260 1319 1305 1349 ut
1336 1323 1399 1359 ea,
1422 1324 1518 1365 quae

88 1365 253 1405 ratione
284 1374 409 1406 antea
437 1379 522 1405 non
556 1374 844 1420 perspexerat,
879 1365 1073 1406 satietate
1103 1366 1324 1422 abjecisse,
1352 1367 1521 1422 experi-

87 1421 197 1464 endo
219 1423 496 1462 contemsisse
519 1422 725 1463 videatur.

146 1477 212 1519 Ac
234 1479 355 1519 multi
389 1489 431 1520 et
458 1488 602 1519 nostra
623 1489 665 1519 et
688 1487 854 1535 patrum
887 1479 1183 1534 majorumque
1214 1481 1431 1532 memoria,
1447 1481 1580 1536 ju-43

87 1535 217 1588 dices,
239 1537 393 1577 summi
424 1536 633 1586 homines,
656 1547 698 1576 et
728 1535 949 1577 clarissimi
982 1537 1096 1577 cives
1131 1537 1316 1589 fuerunt,
1338 1553 1520 1592 quorum

86 1607 185 1634 cum
208 1593 505 1634 adolescentiae
530 1593 788 1649 cupiditates
819 1593 1113 1644 defervissent,
1132 1595 1304 1635 eximiae
1332 1605 1522 1646 virtutes,

87 1650 255 1691 firmata
279 1650 374 1705 jam
416 1660 558 1701 aetate,
589 1651 862 1691 exstiterunt.
897 1665 950 1690 ex
985 1651 1140 1704 quibus
1175 1652 1387 1692 neminem
1418 1654 1521 1693 mihi

86 1721 258 1748 necesse
286 1716 350 1748 est
376 1707 622 1748 nominare:
658 1717 823 1748 vosmet
846 1708 1069 1748 vobiscum
1103 1709 1400 1749 recordamini.
1426 1710 1524 1750 nolo

86 1764 201 1808 enim
224 1764 477 1820 cujusquam
509 1764 630 1805 fortis
657 1774 786 1819 atque
808 1763 981 1805 illustris
1006 1765 1084 1804 viri
1107 1780 1159 1805 ne
1182 1765 1404 1806 minimum
1430 1767 1523 1821 qui·

85 1821 182 1863 dem
199 1831 386 1863 erratum
407 1836 504 1862 cum
527 1821 719 1862 maxima
742 1821 864 1862 laude
894 1822 1172 1877 conjungere.
1195 1823 1309 1877 quod
1334 1823 1366 1863 si
1385 1823 1524 1864 facere

86 1878 252 1930 vellem,
277 1879 397 1920 multi
431 1894 456 1919 a
487 1892 556 1919 me
585 1878 739 1919 summi
773 1886 901 1934 atque
932 1879 1190 1919 ornatissimi
1217 1880 1293 1920 viri
1316 1881 1523 1935 praedica-

83 1944 257 1987 rentur3
278 1950 459 1991 quorum
479 1935 631 1992 partim
652 1936 784 1976 nimia
799 1936 971 1976 libertas
991 1936 1033 1976 in
1052 1935 1352 1987 adolescentia,
1366 1938 1522 1992 partim

83 1991 263 2049 profusa
283 1994 486 2044 luxuries,
519 1993 772 2049 magnitudo
807 1993 903 2033 aeris
930 1993 1072 2044 alieni,
1105 2003 1284 2044 sumtus,
1307 1993 1521 2045 libidines,

82 2049 431 2092 nominarentur:
463 2064 560 2105 quae
590 2049 733 2091 multis
763 2060 912 2106 postea
943 2050 1173 2090 virtutibus
1201 2051 1388 2102 obtecta,
1418 2053 1519 2092 ado-

81 2105 317 2158 lescentiae,
347 2108 419 2162 qui
451 2106 591 2158 vellet,
622 2107 900 2148 excusatione
929 2106 1191 2148 defenderet.
1250 2108 1310 2148 At
1344 2123 1444 2149 vero
1476 2109 1518 2149 in
1537 2109 1603 2163 19

83 2161 154 2205 M.
179 2163 323 2206 Coelio
345 2165 505 2217 (dicam
525 2164 639 2204 enim
656 2164 748 2219 jam
772 2163 1058 2205 confidentius
1080 2164 1132 2204 de
1155 2164 1305 2205 studiis
1329 2165 1420 2221 ejus
1443 2165 1519 2206 ho·
1532 2180 1582 2211 44

83 2221 232 2273 nestis,
253 2222 457 2277 quoniam
482 2222 618 2262 audeo
648 2221 861 2276 quaedam,
891 2220 1024 2261 fretus
1054 2231 1193 2262 vestra
1225 2222 1448 2277 sapientia,
1471 2223 1520 2263 li-

84 2277 186 2321 bere
216 2279 432 2330 confiteri)
454 2278 569 2320 nulla
600 2278 788 2319 luxuries
822 2278 1069 2333 reperietur,
1092 2278 1193 2318 nulli
1226 2290 1405 2330 sumtus,
1428 2280 1521 2320 nul-

81 2333 172 2378 lum
204 2351 262 2377 aes
295 2335 495 2387 alienum,
527 2335 644 2376 nulla
683 2334 980 2376 conviviorum
1004 2350 1070 2382 >ac
1105 2335 1336 2378 lustrorum
1371 2337 1521 2379 libido.

84 2393 200 2448 quod
223 2393 395 2448 quidem
419 2393 569 2434 vitium
593 2393 751 2434 ventris
785 2404 828 2433 et
859 2392 1043 2449 gutturis
1073 2407 1159 2434 non
1182 2394 1311 2434 modo
1333 2409 1420 2435 non
1443 2395 1522 2434 mi-

83 2451 181 2490 nuit
203 2460 306 2491 aetas
338 2450 600 2501 hominibus,
629 2450 702 2490 sed
733 2449 863 2491 etiam
888 2459 1032 2504 auget.
1091 2450 1273 2492 Amores
1300 2461 1458 2501 autem,
1480 2461 1564 2496 etp.
1581 2459 1632 2491 47-

84 2505 155 2548 hae
180 2507 346 2548 deliciae
372 2523 469 2563 quae
492 2516 715 2557 vocantur,
738 2521 834 2561 quae
860 2506 1047 2547 firmiore
1077 2507 1222 2547 animo
1245 2507 1436 2564 praeditis
1458 2508 1521 2548 di·
1534 2510 1563 2530 λ·

85 2564 200 2604 utius
223 2564 415 2605 molestae
446 2579 531 2605 non
565 2564 702 2605 solent
722 2578 812 2604 esse
833 2567 1017 2616 (mature
1038 2564 1153 2604 enim
1175 2573 1217 2604 et
1236 2564 1428 2605 celeriter
1449 2564 1521 2604 de-

83 2620 337 2671 florescunt)
358 2636 593 2676 numquam
610 2621 727 2662 hunc
757 2631 1017 2676 occupatum
1038 2621 1378 2676 impeditumque
1401 2630 1522 2661 tenu·

87 2686 226 2719 erunt.
285 2677 493 2729 Audistis,
515 2693 613 2719 cum
647 2693 722 2733 pro
755 2692 799 2718 se
829 2678 1014 2718 diceret:
1047 2678 1225 2719 audistis
1258 2688 1396 2728 antea,
1423 2692 1522 2718 cum
1536 2688 1584 2722 45

86 2743 306 2776 accusaret
327 2735 583 2776 defendendi
615 2735 709 2776 haec
739 2749 880 2785 causa,
903 2749 988 2774 non
1011 2734 1221 2790 gloriandi
1243 2734 1416 2789 loquor:
1449 2749 1540 2790 gez—-

85 2804 166 2831 nus
197 2791 416 2843 orationis,
446 2791 710 2842 facultatem,
732 2792 902 2846 copiam
933 2791 1241 2832 sententiarum
1271 2801 1399 2846 atque
1429 2805 1523 2832 ver-

88 2846 256 2898 borum,
289 2863 386 2903 quae
419 2858 557 2890 vestra
587 2849 815 2905 prudentia
844 2857 922 2900 est,
951 2849 1244 2906 perspexistis.
1305 2847 1449 2903 Atque
1479 2850 1524 2889 in

752 2910 776 2945 :3
805 2918 825 2945 z
851 2911 876 2945 2
