1812 3147
0 2463 7 2484 ..

10 2430 42 2509 Μ’

43 2483 50 2509 ψ.»
35 2431 42 2447 ¹*

620 120 738 163 PRO
763 124 806 162 P.
833 124 1038 165 SULLA.
1454 126 1526 166 781

95 228 279 272 ‚inveniri
310 235 436 271 nemo
460 235 616 284 potest.
667 231 706 260 28
730 228 876 285 Longe
898 243 923 270 a
943 243 1011 269 me
1033 228 1154 268 abest
1175 227 1292 281 regni
1322 226 1525 282 suspici-3.

99 286 145 327 Si
173 287 344 341 quaeris,
364 286 438 341 qui
470 285 556 326 sint
586 284 946 343 Romae-regnum
977 299 1190 340 occupare
1220 283 1379 330 conati,
1404 294 1449 322 ut
1472 290 1589 327 n027

98 344 277 398 replices
298 342 516 384 annalium
534 343 801 393 memoriam,
823 358 877 384 ex
900 343 1146 384 domesticis
1179 340 1439 395 imaginibus
1461 341 1527 380 in-

99 401 256 441 venies.
318 399 406 440 Res
443 400 558 440 enim
590 410 739 456 gestas,
769 401 911 449 credo,
946 414 1070 451 meae,
1105 412 1172 439 me
1201 397 1329 436 nimis
1361 396 1526 436 extule-

97 465 210 508 runt,
232 471 282 497 ac
303 457 410 498 mihi
432 457 578 498 nescio
600 471 707 512 quos
730 458 903 514 spiritus
925 457 1174 498 attulerunt.
1205 454 1360 508 quibus
1389 454 1442 493 dc
1464 468 1528 493 re-

97 513 176 554 bus
200 523 286 554 tam
317 513 456 564 claris,
479 523 567 554 tam
598 514 927 564 immortalibus,
952 514 1137 570 judices,
1160 512 1243 552 hoc
1267 524 1438 566 possum
1461 510 1526 550 di-

94 583 204 622 cere,
227 585 310 622 me,
332 572 406 626 qui
428 585 451 612 e
477 572 654 614 summis
685 572 913 629 eripuerim
947 570 1143 627 perieulis
1167 569 1316 609 urbem
1350 567 1458 607 hanc
1480 579 1525 607 et

95 627 228 668 vitam
250 629 445 670 omnium
467 629 642 680 civium,
665 630 766 671 satis
795 629 997 685 adeptum
1021 628 1125 677 fore,
1149 627 1180 666 si
1213 641 1266 666 ex
1290 624 1373 664 hoc
1401 633 1522 664 tanto

93 683 138 725 in
156 699 305 727 omnes
324 685 522 727 mortales
548 686 755 729 beneficio
774 687 937 727 nullum
956 687 998 726 in
1021 682 1344 740 me'perieulum
1368 681 1521 721 redun-

92 741 218 783 darit.
273 742 460 794 Etenim,
478 743 522 784 in
544 757 629 798 qua
649 745 825 785 civitate
849 757 911 784 res
934 753 1073 784 tantas
1095 741 1313 796 gesserim,
1330 738 1581 787 1nen1i11i,<28

93 807 138 839 et
166 799 207 840 in
233 815 317 855 qua
348 801 453 841 urbe
486 814 640 853 verser,
661 801 871 857 intelligo.
903 800 1074 856 plenum
1105 798 1246 839 forum
1277 807 1342 837 est
1373 809 1520 836 eorum
1563 821 1567 824 -

94 855 334 908 hominum,
358 872 465 912 quos
494 872 577 914 ego
603 873 628 899 a
659 859 808 900 vestris
838 858 1078 899 cervicibus
1107 855 1266 910 depuli,
1291 853 1476 908 judices,
1499 868 1525 893 a

92 914 198 954 meis
221 929 306 955 non
337 915 515 956 removi.
546 915 628 956 nisi
659 930 759 958 vero
791 930 951 972 paucos
982 914 1113 956 fuisse
1143 911 1426 963 arbitramini,
1449 911 1522 964 qui

92 971 252 1022 conari,
279 982 353 1012 aut
375 987 543 1029 sperare
566 984 754 1028 possent,
776 988 820 1014 se
851 983 1018 1013 tantum
1050 970 1275 1026 imperium
1310 982 1432 1023 posse
1453 970 1526 1008 de·

91 1026 190 1069 lere.
252 1028 422 1071 Horum
445 1045 527 1086 ego
553 1030 665 1071 faces
695 1032 858 1087 eripere
879 1030 932 1070 de
962 1029 1175 1077 manibus,
1197 1037 1238 1067 et
1263 1025 1426 1080 gladios
1449 1039 1525 1064 ex-

93 1094 290 1142 torquere
310 1087 448 1142 potui,
471 1088 582 1128 sicut
605 1087 712 1130 feci:
746 1088 986 1129 voluntates
1012 1100 1111 1126 vero
1142 1083 1450 1125 consceleratas
1473 1097 1524 1122 ac

91 1143 274 1185 nefarias
296 1159 375 1186 nec
398 1159 545 1186 sanare
577 1147 713 1202 potui,
735 1160 814 1187 nec
840 1145 1001 1185 tollere.
1062 1144 1207 1189 Quare
1230 1155 1313 1180 non
1336 1154 1427 1180 sum
1451 1153 1522 1179 ue.-

93 1200 219 1252 scius,
238 1211 398 1257 quanto
423 1202 611 1258 periculo
634 1203 775 1244 vivam
799 1204 841 1243 in
864 1212 985 1243 tanta
1005 1199 1280 1242 multitudine
1303 1198 1521 1252 improbo-
1537 1202 1568 1233 b.

91 1271 202 1310 rum,
220 1274 318 1300 cum
340 1259 447 1300 mihi
468 1261 542 1301 uni
561 1275 660 1301 cum
681 1261 880 1302 omnibus
899 1258 1107 1316 improbis
1126 1268 1332 1297 aeternum
1357 1255 1520 1294 videam

93 1314 251 1358 bellu'm
280 1330 371 1358 esse
401 1327 662 1373 susceptum.
723 1317 891 1364 Quodsi
923 1317 1004 1357 illis
1034 1316 1139 1356 meis
1173 1312 1381 1369 praesidiis
1410 1311 1520 1352 sorte
1539 1319 1609 1366 10

93 1371 277 1417 invides:
312 1383 369 1424 et,
391 1375 425 1415 si
447 1389 497 1416 ea
521 1376 598 1416 tibi
624 1376 742 1431 regia
765 1376 976 1425 videntur,
996 1374 1110 1428 quod
1133 1386 1281 1412 omues
1306 1369 1406 1409 boni
1428 1383 1582 1427 0111-‹39

91 1429 211 1492 flium
234 1446 438 1487 generum
461 1441 590 1488 atque
608 1434 822 1482 ordinum,
843 1447 960 1472 suam
985 1431 1162 1471 salutem
1184 1443 1280 1468 cum
1306 1442 1399 1466 mea
1419 1441 1522 1467 con-

83 1499 300 1544 jungunt:
332 1489 552 1530 consolare
581 1499 636 1541 te,
662 1490 776 1545 quod
807 1489 999 1530 omnium
1036 1496 1198 1528 mentes
1226 1486 1524 1539 improborum

90 1545 197 1586 mihi
221 1546 293 1586 uni
315 1547 504 1587 maxime
528 1557 628 1587 sunt
658 1547 837 1588 infensae
859 1557 902 1587 et
925 1547 1130 1587 adversae.
1160 1543 1234 1598 qui
1256 1556 1325 1582 me
1349 1556 1432 1581 non
1457 1557 1524 1581 so-

88 1601 176 1643 lum
195 1602 354 1645 idcirco
376 1603 572 1654 oderunt,
591 1605 706 1659 quod
728 1619 875 1646 eorum
897 1612 1077 1645 conatus
1094 1601 1251 1657 impios
1272 1609 1315 1639 et
1335 1598 1523 1639 furorem

90 1661 425 1702 consceleratum
447 1663 648 1718 repressi:
682 1662 752 1703 sed
772 1677 823 1703 eo
845 1662 976 1703 etiam
999 1659 1152 1715 magis,
1171 1657 1284 1713 quod
1309 1655 1520 1709 nibiljam

89 1732 135 1758 se
152 1718 305 1770 simile,
328 1733 396 1760 me
418 1719 532 1770 vivo,
554 1720 700 1761 conari
729 1734 851 1776 posse
872 1718 1148 1760 arbitrantur.
1208 1715 1268 1755 At
1296 1728 1394 1754 vero
1418 1713 1521 1768 quid
1533 1719 1586 1753 30

89 1789 172 1832 ego
203 1776 348 1826 miror,
382 1777 416 1817 si
455 1777 558 1831 quid
589 1778 644 1818 ab
677 1777 885 1833 improbis
915 1777 970 1817 de
1005 1778 1074 1815 me
1111 1773 1308 1829 improbe
1336 1771 1518 1811 dicitur:

90 1835 130 1868 29
142 1847 240 1875 cum
265 1833 313 1874 L.
336 1833 579 1889 Torquatus
603 1835 708 1891 ipse,
728 1835 933 1890 primum,
955 1833 1021 1874 his
1045 1829 1335 1872 fundamentis
1357 1828 1521 1868 adoles-

89 1890 244 1931 centiae
271 1891 418 1946 jactis,
445 1907 495 1933 ea
525 1906 601 1947 spe
632 1893 854 1948 proposita
879 1890 1155 1946 amplissimae
1186 1886 1426 1943 dignitatis,
1450 1885 1523 1926 de-

87 1947 187 1988 inde
213 1947 261 1988 L.
280 1947 502 2004 Torquati,
522 1949 746 1990 fortissimi
768 1948 970 1998 consulis,
989 1944 1325 1988 constantissimi
1355 1953 1525 1983 senato-

88 2003 160 2056 ris,
183 2019 350 2061 semper
370 2007 523 2063 optimi
555 2007 676 2058 civis,
698 2007 826 2058 filius,
847 2006 1063 2046 interdum
1093 2003 1295 2045 efferatur
1315 2000 1525 2041 immode-

89 2062 255 2103 ratione
287 2064 541 2106 verborum?
574 2065 662 2119 qui,
687 2079 787 2105 cum
819 2077 1046 2119 suppressa
1076 2074 1180 2101 voce
1203 2060 1256 2100 de
1289 2058 1446 2098 sceiere
1473 2057 1524 2097 P.

92 2117 276 2171 Lentuli,
308 2120 362 2161 de
399 2121 580 2162 audacia
611 2121 935 2176 conjuratorum
971 2119 1166 2160 omnium
1199 2116 1396 2165 dixisset,
1429 2125 1524 2154 tan-

91 2178 312 2219 tummodo
330 2187 380 2219 ut
401 2193 491 2229 vos,
511 2179 583 2231 qui
603 2194 652 2219 ea
672 2178 878 2234 probatis,
896 2177 1101 2218 exaudire
1120 2174 1322 2231 possetis:
1351 2172 1404 2212 de
1423 2187 1523 2227 sup-

90 2233 218 2289 plicio
242 2235 291 2275 P.
318 2235 504 2286 Lentuli,
519 2237 572 2276 de
594 2250 777 2287 carcere,
796 2249 955 2291 magna
974 2244 1018 2275 et
1039 2231 1308 2289 queribunda
1331 2244 1436 2270 voce
1458 2230 1522 2270 ‹ii-

89 2291 228 2332 eebat.
290 2291 340 2332 In
362 2307 450 2348 quo
468 2293 653 2348 primum
677 2293 780 2334 illud
802 2302 893 2333 erat
914 2291 1162 2341 absurdum,
1184 2288 1314 2344 quod,
1337 2300 1435 2327 cum
1457 2300 1580 2336 ea,f,>1

88 2350 238 2404 3⁰quae
270 2348 422 2391 leniter
448 2350 631 2402 dixerat,
668 2351 789 2392 vobis
824 2350 1005 2407 probare
1040 2347 1225 2398 volebat,
1257 2359 1330 2386 eos
1363 2354 1521 2395 autem,

87 2517 176 2549 Mur.
201 2521 253 2552 37.
276 2507 494 2550 successorem
516 2529 611 2550 suurn
639 2521 673 2550 in
697 2520 784 2551 Con·
869 2521 909 2554 29
931 2527 1005 2548 cum
1023 2517 1063 2548 L.
1082 2516 1276 2556 Torquatus,
1286 2515 1434 2554 primum
1442 2511 1522 2552 ipse]

88 2559 196 2591 sulatu
219 2555 399 2600 Murenam
415 2566 513 2592 vocat
533 2563 697 2593 vicarium
718 2572 785 2593 suae
827 2560 1017 2599 Legendum
1040 2567 1104 2597 est,
1123 2568 1198 2589 cum
1223 2558 1264 2588 L.
1289 2557 1328 2588 T.
1351 2557 1430 2595 ipse,
1452 2566 1527 2594 ,urz-

88 2603 274 2642 diligentiae.
828 2613 932 2640 mum,
947 2609 986 2633 ut
1000 2601 1096 2633 facile
1112 2602 1258 2632 monitus
1272 2600 1376 2630 lector
1389 2599 1522 2628 sentiet.

131 2648 171 2676 28
194 2645 308 2683 Longe
321 2655 342 2675 α
356 2654 407 2675 me
422 2645 514 2685 abest-
521 2647 616 2684 regni
629 2646 780 2685 suspicio]
868 2649 909 2676 30
930 2653 1001 2684 6¹²4ae
1013 2645 1131 2675 leniter
1149 2642 1292 2681 dixerat]
1319 2642 1456 2671 Leui‘er
1469 2639 1523 2668 de—

90 2687 123 2717 A
142 2697 192 2717 me
205 2699 223 2718 e
240 2687 318 2718 Mss.
339 2687 409 2718 Erf.
428 2687 545 2718 etPal.
568 2689 695 2728 optimo
710 2688 783 2718 addi
825 2687 855 2717 di
872 2698 930 2728 pro
946 2687 1081 2726 vulgato
1104 2687 1229 2722 leviter,
1245 2684 1330 2723 quod
1353 2692 1402 2712 res
1419 2682 1523 2720 requi-

89 2728 195 2758 voluit
209 2729 386 2760 Gruterus:
410 2728 467 2760 sed
479 2739 586 2770 operae
601 2730 783 2769 neglexere.
825 2731 881 2763 rit,
897 2734 932 2760 et
953 2730 1145 2766 conjectura
1158 2727 1296 2758 assecuti
1313 2731 1392 2754 sunt
1407 2731 1440 2753 et
1455 2723 1523 2759 alii,

88 2769 221 2811 Addidit
244 2771 401 2802 Graevius.
425 2770 541 2802 Addidi
564 2777 597 2802 et
619 2773 699 2812 ipse,
718 2772 781 2802 etsi
827 2772 980 2808 Ursinus,
1000 2770 1194 2801 Lambinus.
1240 2768 1327 2808 Quid
1350 2776 1431 2805 opus
1445 2776 1523 2795 eot-

89 2811 184 2842 eredo
205 2812 303 2843 etiam
325 2813 434 2844 abesse
462 2823 552 2852 posse
571 2813 660 2844 salvo
675 2823 781 2844 sensu.
820 2814 979 2853 jectum?
1006 2813 1122 2843 leniter
1137 2813 1207 2852 jam
1223 2810 1324 2840 editio
1346 2808 1442 2838 dunt.
1469 2808 1524 2837 ha.

91 2854 177 2884 Nam
191 2854 284 2885 facile.
298 2855 438 2894 intelligi
452 2862 573 2896 potest,
589 2857 674 2893 hinc,
688 2867 709 2886 a
720 2866 781 2887 me.
826 2856 894 2886 bet.

150 2921 325 2949 vot..11.
352 2922 461 2956 1’.11.
808 2914 876 2949 312
