1785 3185
493 109 841 152 PHILIPPICA
867 108 1160 149 SECUNDA.
1443 107 1542 149 1267

117 214 310 257 oratione
333 222 474 258 tecum
496 215 587 272 ipse
608 227 819 270 pugnares
838 229 848 254 z
880 221 928 253 ut
949 227 1033 254 non
1058 213 1186 253 modo
1209 225 1294 252 non
1320 209 1544 252 cohaeren-

119 272 181 312 tia
206 271 316 313 inter
336 287 379 313 se
410 273 585 323 diceres,
607 272 678 312 sed
702 271 890 311 maxime
916 269 1131 323 disjuncta
1151 278 1277 322 atque
1299 267 1542 308 contraria?

115 337 164 370 ut
193 343 278 370 non
300 338 418 369 tanta
449 342 632 379 mecum,
664 337 825 383 quanta
858 336 1001 367 tecum
1034 326 1112 366 tibi
1146 334 1257 365 esset
1288 324 1541 365 contentio?

116 385 328 427 vitricum
350 394 468 427 tuum
493 387 536 426 in
560 394 679 426 tanto
701 384 831 425 fuisse
860 383 1015 424 scelere
1046 382 1250 430 fatebare,
1277 395 1409 435 poena
1439 379 1542 421 affe-

113 449 233 483 ctum
253 443 498 498 querebare.
521 442 722 497 ita‚quod
744 441 915 498 proprie
936 453 1078 480 meum
1100 448 1178 491 cst,
1200 437 1401 500 laudasti:
1426 436 1542 491 quod

115 506 256 540 totum
284 509 454 541 senatus
486 510 564 550 est,
586 498 909 555 reprehendisti.
944 511 1058 547 nam,
1087 494 1414 550 comprehensio
1446 508 1543 533 son-

114 555 238 606 tium,
260 570 378 608 mea3
409 557 734 606 animadversio,
757 566 925 596 senatus
948 554 1044 594 fuit.
1085 552 1233 594 Homo
1255 550 1436 592 disertus
1457 564 1543 590 non

114 611 332 669 intelligit,
351 628 463 665 eum,
486 627 612 669 quem
645 622 795 654 contra
823 613 943 662 dicit,
961 610 1120 651 laudari
1154 625 1179 650 a
1207 623 1274 660 se3
1316 621 1403 657 eos,
1425 606 1539 661 apud

111 683 221 724 quos
243 670 363 722 dicit,
383 670 629 727 vituperari.
686 669 786 712 Jam
813 669 913 710 illud
937 668 1059 723 cujus
1081 675 1159 717 est,
1180 680 1266 707 non
1289 665 1386 728 dinco
1409 663 1538 704 auda·
1552 670 1599 704 19

111 726 209 777 cim,
230 728 371 783 (cupit
400 729 514 768 enim
544 742 587 768 se
609 726 813 767 audacem
840 726 961 777 diem
983 725 1070 775 sed,
1093 723 1206 779 quod
1236 722 1412 763 minime
1432 719 1539 771 vult,

114 783 325 834 stultitiae,
346 799 432 840 qua
464 784 597 825 vincit
625 797 787 834 omnes,
809 783 909 823 clivi
934 781 1170 838 Capitolini
1192 779 1455 820 mentionem
1478 777 1542 841 fa-

114 854 224 891 cere,
244 856 340 882 cum
375 842 485 882 inter
510 840 706 881 subsellia
737 849 883 880 nostra
905 850 1122 880 versentur
1154 837 1331 878 armati?
1367 848 1466 876 cum
1497 849 1542 875 in

114 896 196 938 hac
217 897 323 938 cella
345 897 615 948 Concordiae,
637 912 662 938 o
687 897 745 937 dii
769 896 1052 938 immortales!
1085 896 1128 936 in
1162 909 1246 950 qua
1266 907 1335 933 me
1352 890 1541 955 consule,

113 952 315 995 salutares
337 955 558 999 sententiae
582 954 710 995 dictae
738 964 849 1005 sunt,
872 954 1027 1008 quibus
1054 953 1105 994 ad
1141 952 1251 992 hanc
1283 951 1397 991 diem
1431 962 1542 989 Vixt-

112 1023 223 1061 mus,
253 1026 350 1054 cum
385 1012 535 1068 gladiis
567 1010 762 1052 homines
795 1011 992 1052 collocati
1024 1011 1163 1051 stent?
1222 1007 1393 1049 Accusa
1422 1020 1543 1046 sena-

110 1074 228 1109 tum:
260 1083 414 1110 accusa
445 1078 684 1125 equestrem
713 1068 921 1118 ordinem,
944 1068 1016 1124 qui
1043 1076 1134 1108 turn
1163 1081 1262 1107 cum
1292 1072 1441 1105 senatu
1469 1077 1544 1103 co-

111 1124 282 1181 pulatus
305 1125 411 1167 fuit:
443 1126 597 1167 accusa
623 1139 768 1166 omnes
791 1125 975 1176 ordines,
997 1138 1143 1165 omnes
1164 1124 1294 1173 cives,
1316 1122 1418 1184 dum
1439 1134 1544 1183 con-

112 1180 272 1233 fiteare,
296 1182 411 1224 hunc
443 1183 650 1234 ordinem,
680 1182 762 1224 hoc
794 1183 887 1239 ipso
924 1193 1130 1238 tempore,
1159 1182 1213 1221 ab
1245 1178 1431 1234 Ithyreis
1459 1191 1543 1218 clr-
1602 1234 1605 1237 Ι

109 1240 363 1281 cumsederi.
425 1239 535 1281 Haec
558 1250 603 1280 tu
626 1254 712 1280 non
729 1250 902 1296 propter
920 1239 1142 1281 audaciam
1163 1237 1270 1278 dicis
1289 1244 1376 1276 tam
1398 1235 1541 1290 impu-

109 1295 275 1348 denter,
297 1297 369 1338 sed
386 1298 540 1352 44quia
569 1306 732 1338 tantam
764 1311 904 1338 rerum
931 1295 1260 1353 repugnantiam
1288 1307 1374 1333 non
1405 1292 1539 1332 vides.

113 1351 237 1394 Nihil
276 1353 470 1410 profecto
502 1355 649 1410 sapis..
701 1354 818 1401 Quid
858 1362 922 1395 est
959 1354 1074 1394 enim
1107 1350 1362 1401 dementius,
1395 1363 1540 1404 quam,

109 1424 211 1451 cum
232 1410 322 1467 ipse
349 1411 596 1467 reipublicae
625 1411 865 1466 perniciosa
887 1426 1004 1452 arma
1023 1411 1201 1466 ceperiS,
1223 1408 1412 1462 objicere
1434 1405 1538 1470 alte-

109 1467 146 1508 ri
170 1467 398 1510 salutaria?
456 1467 521 1508 At
541 1468 670 1509 etiam
702 1469 887 1523 quodam
918 1468 1014 1509 loco
1043 1467 1206 1508 facetus
1237 1479 1328 1505 esse
1351 1463 1602 1504 voluist1.20

113 1523 257 1571 Quam
290 1525 330 1566 id
357 1525 435 1578 (dii
456 1524 557 1567 Boni
573 1527 602 1576 ἔ)
625 1540 710 1566 non
732 1526 937 1567 decebat?
995 1527 1036 1556 45
1054 1524 1105 1565 In
1128 1538 1213 1580 quo
1235 1532 1299 1563 est
1321 1531 1396 1562 tua
1412 1519 1540 1575 culpa

108 1581 329 1623 nonnulla.
360 1582 520 1638 aliquid
541 1584 654 1623 enim
680 1583 776 1624 salis
808 1583 862 1624 ab
895 1596 1030 1623 uxore
1058 1583 1191 1622 mima
1218 1579 1384 1621 trahere
1412 1585 1539 1633 potu-

106 1636 195 1680 isti.
229 1653 429 1681 CEDANT
455 1653 594 1681 ARMA
617 1653 773 1681 TOGAE.
834 1640 979 1687 Quid?
1011 1650 1101 1680 tum
1124 1651 1269 1680 nonne
1289 1644 1507 1677 cesserunt
1524 1636 1583 1675 ?b.

108 1694 171 1737 At
201 1706 348 1752 postea
369 1697 452 1738 tuis
474 1697 602 1738 armis
624 1698 752 1738 cessit
773 1706 888 1753 toga.
950 1697 1204 1744 Quaeramus
1227 1695 1373 1750 igitur,
1395 1702 1541 1733 utrum

108 1753 260 1794 melius
293 1753 441 1796 fuerit:
473 1754 661 1795 libertati
692 1755 839 1810 popuii
872 1753 1058 1795 Romani
1081 1753 1382 1794 sceleratorum
1409 1764 1540 1799 arma,

76 1829 78 1831 ·
108 1823 165 1850 an
198 1810 438 1852 libertatem
469 1821 658 1852 nostram
691 1812 819 1853 armis
853 1812 936 1852 tuis
972 1811 1135 1852 cedere.
1196 1810 1290 1851 Nec
1327 1822 1426 1849 vero
1461 1808 1541 1847 tibi

107 1866 150 1897 46
163 1867 215 1908 de
239 1869 429 1909 versibus
458 1869 752 1924 respondebo:
783 1879 953 1909 tantum
987 1869 1127 1909 dicam
1163 1867 1370 1908 breviter:
1402 1878 1542 1919 neque

109 1922 219 1974 illos,
248 1940 384 1980 neque
418 1925 520 1967 ullas
555 1935 595 1966 te
618 1926 793 1967 omnino
823 1926 984 1966 litteras
1013 1939 1160 1966 nosse:
1193 1938 1260 1964 me
1292 1937 1370 1964 nec
1399 1922 1542 1977 reipu-

107 1980 250 2032 blicae,
274 1997 350 2023 nec
368 1983 515 2024 amicis
538 1997 740 2038 umquam
763 1982 963 2033 defuisse,
985 1992 1028 2023 et
1062 1993 1203 2023 tamen
1233 1980 1352 2021 omni
1385 1993 1540 2034 genere

107 2048 484 2080 monumentorum
522 2054 714 2080 meorum
758 2039 986 2096 perfecisse
1026 2039 1179 2095 operis
1207 2037 1457 2087 subsecivis,
1494 2045 1542 2077 ut

106 2108 216 2137 meae
245 2096 420 2153 vigiliae,
440 2110 632 2153 meaeque
660 2097 830 2149 litterae,
849 2107 892 2137 et
910 2096 1132 2152 juventuti
1161 2095 1375 2146 utilitatis,
1396 2103 1440 2134 et
1461 2107 1539 2134 no-

147 2227 190 2256 44
210 2226 287 2265 qaia
309 2230 440 2257 tantam
461 2236 575 2257 rerum
589 2235 657 2265 rep.
674 2236 737 2257 non
752 2227 799 2256 vi-

104 2267 196 2307 deas]
220 2267 339 2299 Videas
361 2269 482 2299 habent
505 2269 570 2299 fere
593 2278 717 2299 omnes.
739 2279 798 2309 pro

106 2311 185 2349 quia
207 2309 333 2341 edidere
348 2311 476 2350 quidam
496 2312 562 2350 qui,
580 2316 618 2340 ut
640 2312 798 2342 Graevius.

107 2352 144 2382 Si
157 2352 267 2382 videas
282 2363 393 2383 verum
407 2358 469 2390 est,
487 2354 555 2383 sine
570 2353 667 2383 dubio
689 2353 800 2393 legen-

106 2393 186 2424 dum
199 2395 266 2434 qui,
280 2395 365 2433 quod
379 2403 412 2426 et
427 2395 497 2425 edd.
516 2405 563 2436 pr.
579 2395 718 2425 habent:
743 2395 799 2426 sed

106 2445 175 2466 non
200 2438 353 2467 convenit
376 2437 445 2468 haec
469 2438 576 2468 forma
602 2437 797 2477 praecedenti

97 2482 236 2519 propter
256 2479 443 2510 audaciam.
488 2479 699 2510 Scribendum
722 2481 800 2519 quia

106 2524 237 2550 tantam
261 2530 289 2550 r.
313 2531 338 2551 r.
362 2531 396 2552 n.
421 2522 518 2552 vides.
562 2522 606 2551 Et
631 2522 677 2551 sic
701 2521 798 2553 edidi.

106 2560 170 2593 Ed.
183 2561 256 2592 vie.
278 2571 341 2593 sec.
355 2564 484 2595 videris.
501 2574 562 2594 nec
583 2563 645 2594 hoc
668 2563 767 2602 male,
781 2575 799 2595 e

105 2613 190 2635 corr.
205 2603 395 2636 Omniboni.

138 2648 180 2676 45
196 2645 239 2675 In
250 2649 449 2688 quo—culpa
461 2647 633 2688 nonnulla]
651 2646 800 2679 Primum

107 2687 234 2718 editum
249 2692 298 2718 est
312 2691 424 2723 nullm
447 2694 486 2721 ut
506 2695 557 2720 est
577 2690 612 2721 in
635 2691 716 2722 Mss.
731 2689 800 2729 ple-

104 2730 226 2768 risque,
250 2737 429 2770 nempemt
452 2731 549 2772 culpa
574 2737 659 2763 esset
684 2732 795 2762 uxoris

106 2771 300 2811 Cytheridis.
325 2772 381 2803 sed
403 2773 435 2805 id
456 2783 524 2804 non
550 2780 601 2805 est
629 2776 664 2805 in
687 2779 795 2804 textu.

105 2812 214 2854 Immo
227 2813 366 2844 refertur
378 2815 440 2846 hoc
454 2815 494 2846 ad
508 2825 572 2846 non
586 2817 727 2847 decebat.
750 2815 797 2846 Et

102 2853 184 2886 dicit
207 2855 402 2890 nonnullam
416 2867 486 2891 esse
499 2858 636 2891 Antonii
651 2858 795 2900 culpam,

840 2225 927 2266 quod
949 2226 1065 2267 frigide
1079 2231 1113 2258 et
1135 2227 1246 2268 inepte
1262 2228 1444 2268 jocaretur,
1459 2229 1538 2268 quia

841 2269 882 2298 ab
895 2279 995 2300 uxore
1010 2270 1130 2300 discere
1148 2271 1309 2310 potuisset
1330 2271 1412 2302 bene
1428 2272 1536 2311 jocari

841 2315 876 2341 et
889 2311 994 2342 facete
1008 2311 1126 2343 dicere.

884 2353 925 2383 ⁴6
947 2354 986 2383 de
999 2355 1142 2384 versibus
1162 2354 1365 2394 respondebo]
1389 2354 1535 2386 Faernus

840 2405 858 2425 e
867 2395 1013 2426 Ms.Vat.
1025 2396 1259 2435 addiditplura
1271 2410 1280 2427 .·
1296 2407 1435 2436 eumque
1444 2407 1536 2428 secu-

839 2438 867 2467 ti
878 2443 968 2475 sunt,
979 2438 1034 2478 qui
1049 2448 1255 2475 consuevere,
1269 2439 1385 2470 Lamb.
1401 2439 1534 2471 Manat.

841 2480 999 2511 Graevius.
1042 2480 1169 2520 Nempe
1197 2482 1370 2521 putabant,
1397 2482 1442 2510 sie
1468 2491 1536 2512 me-

841 2521 908 2552 lius·
916 2523 1037 2562 opponi
1051 2524 1274 2562 sequentibu3‚
1282 2528 1415 2554 tantum
1426 2523 1536 2554 dicam

843 2564 1000 2595 breviter.-
1023 2565 1109 2604 quod
1124 2574 1190 2595 non
1205 2570 1265 2595 est.
1296 2566 1382 2596 Nam
1398 2566 1535 2595 omnino

841 2606 881 2636 de
896 2607 1037 2637 versibus
1054 2607 1114 2637 sibi
1137 2607 1287 2647 objectis,
1302 2607 1426 2638 ridendi
1442 2617 1534 2637 caus-

841 2657 889 2686 sa,
913 2648 995 2679 nihil
1017 2649 1119 2679 dixit:
1143 2658 1221 2688 ergo
1248 2658 1315 2679 non
1344 2648 1532 2690 respondit:

841 2690 898 2721 sed
921 2694 1054 2721 tantum
1079 2691 1172 2729 dicit,
1195 2691 1377 2722 Antonium
1402 2700 1462 2721 nee
1487 2691 1536 2731 ip.

837 2741 912 2763 sum
936 2743 1045 2763 versus
1069 2733 1207 2763 scribere
1234 2742 1339 2772 posse,
1367 2743 1426 2763 nec
1445 2733 1537 2772 judi-

838 2784 912 2804 care
926 2774 965 2805 de
979 2775 1136 2815 versibus,
1152 2782 1288 2821 propter
1308 2775 1472 2808 inscitiam
1496 2776 1535 2807 li-

837 2820 994 2849 terarum.

762 2905 896 2946 4114
