1785 3185
395 137 741 176 PHILIPPICA
770 136 1103 175 UNDECIMA.
1393 139 1490 178 1401

72 251 305 303 peratoreS,
328 255 409 297 ego
442 250 485 282 et
519 239 584 281 M.
620 239 814 289 Bibulus,
846 240 889 280 in
924 239 1175 295 propinquis
1213 238 1496 295 finitimisque

73 299 321 359 provinciis.
345 299 399 339 ab
421 297 570 338 eodem
600 306 700 352 rege
732 295 869 350 adjuti
903 311 1047 337 sumus
1076 306 1119 336 et
1146 296 1338 350 equitatu
1363 307 1406 337 et
1429 311 1502 352 pe·

70 356 282 396 destribus
303 354 455 410 copiis.
520 354 724 395 Secutum
757 363 822 393 est
853 353 936 394 hoc
972 352 1295 395 acerbissimum
1322 363 1366 393 et
1386 354 1499 395 cala-

68 413 392 453 mitosissimum
420 410 550 452 civile
572 410 744 451 bellum.
777 410 818 450 in
847 424 948 466 quo,
970 410 1071 465 quid
1095 409 1339 450 faciendum
1366 409 1499 451 Deio-

72 478 181 520 taro,
209 469 312 525 quid
347 468 524 510 omnino
561 467 716 509 rectius
749 465 891 519 fuerit,
913 467 1054 508 dicere
1086 481 1171 507 non
1205 475 1271 506 est
1303 480 1497 510 necesse:

73 526 329 589 praesertim,
353 539 451 566 cum
471 535 634 575 contra,
664 538 713 565 ac
748 523 977 565 Deiotarus
1006 523 1152 574 sensit,
1188 522 1366 564 victoria
1401 523 1634 566 belm-23⁸-

65 582 288 642 Judicarit.
309 597 396 638 quo
415 583 458 624 in
480 582 589 623 bello
603 583 637 622 si
658 580 740 622 fuit
761 595 889 632 error,
909 580 1149 622 communis
1165 580 1202 620 ei
1223 579 1305 621 fuit
1318 595 1416 621 cum
1436 594 1500 620 se·
1511 578 1542 599 ³·

70 648 198 682 natu:
221 640 281 680 sin
303 649 421 681 recta
444 639 669 688 sententia,
689 651 741 678 ne
765 639 876 679 victa
897 638 1070 694 quidem
1083 637 1501 693 causavituperanda

69 706 148 737 est.
195 696 262 738 Ad
287 697 361 737 has
383 696 530 752 copias
555 694 760 737 accedent
778 695 847 736 alii
872 709 1006 750 reges,
1028 694 1156 735 etiam
1173 694 1362 735 delectus
1376 708 1498 735 acce-

69 753 187 795 dent.
231 754 382 808 Neque
396 768 494 794 vero
517 752 669 794 classes
688 752 890 793 deerunt:
922 752 1029 793 tanti
1044 751 1163 807 Tyrii
1180 750 1377 792 Cassium
1392 752 1496 792 faci-
1511 755 1562 788 35

71 818 164 862 unt,
185 810 291 851 tanti
310 810 402 864 ejus
424 810 466 851 in
488 809 612 866 Syria
634 823 786 850 nomen
804 819 932 865 atque
956 808 1167 850 Phoenice
1183 817 1261 848 est.
1295 808 1500 849 Paratum
1518 810 1588 864 14

71 866 203 908 habet
225 867 540 922 imperatorem,
560 865 611 907 C.
627 865 839 917 Cassium,
862 876 1003 922 patres
1021 865 1271 921 conscripti,
1290 865 1498 922 respubli-

71 939 122 965 ca
134 933 284 965 contra
303 923 584 974 Dolabellam,
606 937 684 964 nec
704 933 895 978 paratum
917 923 1068 973 solum,
1087 923 1159 963 sed
1175 923 1359 976 peritum
1373 932 1503 978 atque

72 979 242 1022 fortem.
259 995 435 1035 magnas
458 980 527 1021 ille
549 994 612 1021 res
631 980 764 1035 gessit
777 990 875 1020 ante
895 979 1055 1029 Bibuli,
1070 979 1224 1020 summi
1238 980 1331 1029 viri,
1345 980 1504 1020 adven-

74 1046 180 1088 tum,
203 1052 300 1079 cum
325 1037 476 1078 Pacori
497 1037 785 1078 nobilissimos
805 1037 932 1077 duces
957 1037 1250 1091 maximasque
1271 1037 1417 1092 copias
1436 1036 1507 1077 fu-

71 1093 150 1146 dit,
173 1094 425 1150 Syriamque
439 1094 614 1136 immani
640 1093 893 1134 Parthorum
913 1093 1076 1149 impetu
1095 1093 1308 1134 liberavit.
1355 1093 1504 1134 Maxi-

74 1166 189 1193 mam
202 1152 239 1207 ej
249 1166 294 1192 us
307 1161 350 1192 et
364 1151 620 1208 singularem
635 1150 800 1191 laudem
817 1150 1114 1206 praetermitto.
1129 1150 1252 1205 cujus
1266 1151 1379 1191 enim
1394 1165 1504 1207 prae-

73 1209 234 1250 dicatio
267 1208 457 1250 nondum
490 1208 690 1250 omnibus
723 1218 845 1263 grata
871 1218 950 1259 est,
973 1207 1083 1248 hanc
1104 1208 1324 1249 memoriae
1344 1207 1502 1264 potius,

73 1280 201 1322 quam
226 1265 344 1307 vocis
379 1266 626 1306 testimonio
648 1279 964 1306 conservemus.
1021 1263 1336 1316 Animadverti,
1360 1275 1501 1320 patres
1513 1274 1566 1307 36

74 1323 323 1377 conscripti,
355 1323 553 1378 dicijam
579 1322 893 1378 aqfflbusdam,
926 1322 1124 1363 exornari
1157 1322 1289 1363 etiam
1321 1322 1502 1363 nimium

75 1395 102 1420 a
131 1394 198 1420 me
233 1379 431 1430 Brutum,
467 1380 648 1421 nimium
678 1377 874 1420 Cassium
897 1379 1064 1420 ornari:
1098 1378 1249 1420 Cassio
1286 1393 1383 1420 vero
1409 1393 1504 1420 sen-

77 1437 212 1478 tentia
230 1451 325 1478 mea
346 1437 613 1479 dominatum
637 1446 679 1477 et
705 1437 994 1492 principatum
1016 1435 1122 1476 dari.
1183 1436 1305 1481 Quos
1329 1451 1412 1492 ego
1435 1451 1505 1477 or-

76 1497 164 1536 no?
194 1508 348 1550 nempe
370 1509 457 1545 eos,
477 1494 548 1550 qui
572 1494 653 1550 ipsi
671 1504 772 1535 sunt
787 1502 1039 1537 ornamenta
1060 1493 1323 1549 reipublicae.
1357 1494 1506 1540 Quid?

80 1551 139 1593 D.
178 1550 361 1592 Brutum
404 1566 546 1592 nonne
594 1551 794 1591 omnibus
835 1550 1057 1591 sententiis
1103 1564 1270 1606 semper
1327 1550 1505 1592 ornavi?

78 1610 120 1642 70
135 1623 238 1649 num
272 1607 405 1664 igitur
437 1608 774 1665 reprehenditis?
816 1622 868 1649 an
891 1607 1106 1648 Antonios
1131 1608 1275 1663 potius
1296 1622 1506 1656 ornarem,

78 1679 166 1706 non
192 1665 319 1706 modo
342 1680 511 1707 suarum
535 1665 808 1716 familiarum,
831 1665 904 1705 sed
929 1664 1114 1705 Romani
1138 1665 1324 1705 nominis
1349 1665 1508 1720 probra

79 1731 209 1778 atque
241 1722 477 1764 dedecora?
512 1737 564 1763 an
589 1722 874 1763 Censorinum
908 1736 1070 1773 ornem,
1104 1722 1147 1762 in
1178 1720 1302 1762 bello>
1322 1721 1507 1774 hostem,

79 1778 125 1821 in
156 1793 260 1836 pace
292 1782 529 1821 sectorem?
572 1794 624 1820 an
648 1783 842 1822 7¹cetera
873 1793 926 1819 ex
958 1779 1108 1820 eodem
1142 1778 1368 1820 latrocinio
1404 1793 1508 1819 nau-

82 1835 220 1892 fragia
242 1836 470 1893 colligam?
513 1835 608 1893 Ego
645 1851 742 1877 vero
779 1837 899 1887 istos,
932 1832 1026 1886 otii,
1058 1836 1317 1885 concordiae,
1348 1836 1508 1892 legum,

76 1892 358 1949 judiciorum,
387 1893 596 1935 libertatis
630 1894 844 1944 inimicos,
867 1902 1033 1934 tantum
1057 1894 1178 1934 abest
1205 1904 1252 1934 ut
1274 1907 1436 1944 ornem,
1460 1903 1508 1934 ut

83 1950 198 1992 effici
220 1965 304 1992 non
329 1950 477 2006 possit,
498 1951 602 2006 quin
633 1965 705 1992 eos
730 1961 818 1992 tam
839 1951 1018 2001 oderim,
1040 1965 1169 2005 quam
1199 1950 1507 2005 rempublicam

83 2007 234 2064 diligo.
293 2008 418 2057 Vide,
452 2008 606 2063 inquit,
640 2022 692 2048 ne
715 2017 935 2049 veteranos
965 2007 1174 2048 offendas.
1200 2007 1284 2048 hoc
1306 2007 1420 2047 enim
1445 2006 1571 2050 ve137

85 2064 276 2105 maxime
297 2064 497 2106 exaudio.
542 2067 582 2098 72
598 2064 692 2121 Ego
728 2079 827 2106 vero
857 2074 1079 2106 veteranos
1106 2065 1216 2105 tueri
1244 2064 1407 2116 debeo,
1437 2064 1511 2105 sed

87 2121 180 2172 hos,
202 2122 358 2177 quibus
382 2122 539 2162 sanitas
561 2131 649 2163 est:
681 2132 796 2163 certe
819 2122 968 2164 timere
1001 2136 1088 2163 non
1109 2121 1260 2163 debeo.
1291 2135 1363 2162 eos
1397 2130 1514 2162 vete-

85 2192 225 2230 ranos,
248 2179 321 2234 qui
355 2192 433 2234 pro
466 2178 686 2234 republica
713 2193 831 2220 arma
851 2188 1072 2234 ceperunt,
1095 2179 1316 2233 secutique
1338 2188 1437 2219 sunt
1460 2177 1513 2220 C.

87 2234 319 2287 Caesarem,
352 2238 392 2270 73
407 2235 663 2276 auctoritate
695 2235 1003 2277 beneficiorum
1044 2245 1335 2292 paternorum,
1363 2235 1515 2277 hodie-

86 2306 169 2348 que
201 2291 511 2348 rempublicam
534 2292 770 2334 defendunt
797 2307 897 2333 cum
929 2307 1088 2349 magno
1111 2292 1315 2348 periculo,
1337 2307 1425 2334 non
1448 2297 1558 2335 tu-b-

87 2349 148 2391 eri
168 2349 320 2400 solum,
354 2349 427 2390 sed
455 2350 585 2390 etiam
615 2350 852 2391 commodis
886 2364 1043 2405 augere
1079 2350 1231 2390 debeo.
1265 2350 1338 2405 qui
1371 2359 1518 2391 autem

86 2406 328 2461 quiescunt,
361 2415 409 2447 ut
448 2416 570 2448 sexta
605 2417 648 2447 et
688 2416 840 2447 octava
880 2406 1009 2462 legio,
1046 2406 1088 2447 in
1121 2421 1280 2462 magna
1307 2407 1444 2463 gloria
1475 2417 1518 2448 et

87 2462 212 2504 laude
236 2463 457 2520 ponendos
480 2473 601 2520 puto.
621 2464 800 2522 comites
831 2477 930 2506 vero
952 2463 1148 2516 Antonii,
1171 2464 1260 2519 qui,
1290 2474 1520 2520 postquam

131 2589 173 2620 70
195 2595 275 2616 num
289 2587 313 2617 i.
327 2586 577 2627 reprehenditis]
603 2586 720 2618 Malim
734 2597 785 2617 re·
871 2590 912 2622 72
934 2587 1010 2626 Ego
1025 2587 1152 2627 antem]
1179 2588 1270 2619 Bene
1290 2587 1436 2619 Faernus
1451 2598 1469 2619 e
1484 2587 1523 2619 li-

85 2628 315 2673 prehendistis.
330 2629 474 2668 pertinet
494 2632 583 2659 enim
604 2630 644 2659 ad
667 2636 786 2670 praete-
829 2628 888 2660 bro
915 2639 976 2660 scr.
1004 2629 1082 2669 Ego
1111 2640 1194 2661 vero.
1215 2630 1301 2669 quod
1314 2634 1360 2661 ‘et
1375 2630 1522 2663 Graevius

92 2671 206 2701 ritum.
223 2671 287 2701 Ms.
307 2670 419 2711 Huyd.
435 2672 658 2712 reprehendes.
691 2671 784 2702 Idem
828 2679 960 2702 secutus
972 2676 1034 2702 est.
1079 2672 1165 2702 Nam
1186 2672 1257 2702 haec
1280 2672 1386 2702 forma
1408 2678 1459 2702 est
1473 2682 1523 2704 as·

95 2712 222 2742 omittit
238 2723 296 2743 an.
580 2720 583 2723 “
828 2714 1001 2744 sentientis
1016 2718 1050 2743 et
1065 2714 1290 2750 concedentis,
1306 2723 1372 2744 non
1387 2714 1454 2744 illa.

138 2756 175 2787 71
201 2754 539 2794 cetera—naufragia
565 2754 610 2794 c.]
636 2755 658 2785 i.
683 2755 790 2785 horni-
875 2759 915 2790 73
938 2757 1135 2786 auctoritate
1157 2756 1256 2796 benef.
1274 2756 1423 2795 pater-n]
1449 2755 1525 2786 Ele-

93 2804 151 2831 ues
180 2805 449 2832 commemorem,
487 2797 542 2835 qui
581 2797 791 2837 naufragium
833 2802 952 2837 ganter
979 2807 1038 2837 pro
1054 2799 1211 2828 memoria
1239 2798 1266 2828 b.
1287 2807 1324 2837 p.
1350 2808 1423 2841 quae
1448 2798 1527 2840 ipsis

94 2836 257 2869 bonorum
272 2839 390 2875 fecere,
411 2844 445 2870 et
472 2839 547 2871 inde
569 2837 728 2878 latroneS,
742 2848 793 2870 se·
834 2845 919 2874 esset
933 2840 1024 2880 quasi
1038 2846 1155 2873 auctor
1168 2841 1236 2880 ejus
1252 2840 1309 2873 rei,

95 2883 202 2913 ctos-es
218 2880 298 2915 facti
314 2885 405 2915 sunt.
