1817 3169
611 84 681 123 IN
708 83 755 122 L.
783 83 1068 124 PISONEM.
1463 89 1563 129 118⁹

120 187 340 253 exercitu,
361 195 481 230 tanta
512 187 751 244 provincia,
774 187 960 228 triennio
992 195 1105 243 post,
1137 187 1490 235 Macedonicus
1480 208 1560 235 rm-

120 256 306 313 perator,
330 246 371 286 in
397 247 547 287 urbem
571 260 614 286 se
639 245 797 295 intulit,
821 255 870 285 ut
901 245 1057 285 nullius
1088 248 1370 300 negotiatoris
1399 251 1556 292 obscu-

117 304 274 344 risslmi
298 304 460 344 reditus
493 317 697 358 umquam
721 302 850 342 fuerit
879 301 1100 342 desertior.
1132 303 1174 342 in
1196 318 1283 358 quo
1307 320 1373 347 me
1396 316 1556 359 tamen,

112 360 191 415 qui
222 369 333 401 esset
365 369 537 417 paratus
569 359 622 400 ad
656 373 699 401 se
727 358 1059 422 defendendum,
1093 361 1380 415 reprehendit.
1441 364 1554 407 Cum

113 429 199 473 ego
224 417 549 459 Coelimontana
571 426 696 481 porta
727 415 924 457 introisse
954 415 1174 481 dixissem,
1207 419 1437 473 sponsione
1470 435 1553 474 me,

113 474 160 515 ni
213 473 462 530 Esquiliana
503 475 734 525 introisset,
779 473 909 514 homo
951 474 1265 529 promtissimus
1312 475 1550 519 lacessivit.

110 531 235 595 quasi
269 546 369 572 vero
401 532 444 573 id
477 541 552 572 aut
586 546 668 587 ego
690 531 798 572 scire
830 530 1068 582 debuerim,
1090 534 1128 565 9¹
1146 540 1192 572 ut
1224 533 1412 574 vestrum
1434 535 1550 589 quis-

112 588 228 644 piam
252 589 450 640 audierit,
472 599 546 630 aut
569 565 637 629 ade>
645 603 730 629 rem
754 588 979 644 pertineat,
997 602 1084 643 qua
1105 597 1148 628 tu
1174 599 1297 644 porta
1320 590 1592 643 introieris,h.

111 645 243 686 modo
266 660 320 686 ne
348 645 620 702 triumphali:
653 660 749 701 quae
783 654 906 709 porta
930 644 1228 686 Macedonicis
1262 661 1436 702 semper
1450 663 1548 704 pro-
1591 675 1593 678 v

108 702 360 743 consulibus
383 713 481 744 ante
504 713 545 744 te
570 704 723 758 putuit.
758 712 801 742 tu
826 702 1024 743 inventus
1046 716 1105 753 eS,
1127 703 1199 758 qui
1223 705 1434 746 consulari
1468 706 1547 746 im-

111 759 231 815 perio
254 760 474 816 praeditus,
493 775 547 801 ex
573 760 636 800 M-
629 759 835 800 rccdonia
854 774 940 800 non
964 759 1262 814 triumphares.

167 816 228 858 At
249 817 441 867 audistis,
464 828 604 873 patres
625 816 874 872 conscripti,
897 816 1143 881 philosophi
1168 831 1332 858 vocem.
1354 832 1452 875 neg·
1450 817 1628 871 ivit,‘24

105 886 156 914 ee
187 874 393 930 triumphi
425 874 627 930 cupidum
663 889 864 929 umquam
897 873 1040 915 fuisse.
1101 873 1141 915 O
1173 874 1322 926 scelus,
1350 890 1376 916 o
1399 886 1544 932 pestis,
1558 889 1606 923 56

106 944 137 971 ο
158 929 297 972 labes!
330 946 428 972 cum
447 932 753 978 exstinrruebas
777 940 987 982 senatum,
1012 931 1222 972 vendebas
1244 934 1545 975 auctoritatem

104 986 238 1042 hujus
269 988 445 1039 ordinis,
468 989 695 1029 addicebas
729 989 902 1029 tribuno
933 989 1068 1044 plebis
1104 989 1374 1031 consulatum
1408 999 1545 1042 tuum,

105 1045 418 1100 rempublicam
448 1047 684 1109 eve1·tebaS‚
713 1046 922 1102 prodebas
955 1054 1086 1102 caput
1117 1056 1161 1086 et
1193 1046 1372 1088 salutem
1407 1063 1546 1090 meam

95 1104 247 1142 ⁴92una
285 1103 478 1143 mercede
523 1104 782 1159 proxinciae:
823 1118 854 1144 ει
897 1103 1163 1158 triumphum
1202 1118 1287 1145 non
1326 1106 1546 1171 cupiebas,

103 1158 230 1214 cujus
255 1160 426 1201 tandem
459 1160 517 1201 rei
542 1171 583 1202 te
602 1161 839 1216 cupiditate
861 1160 1012 1201 arsisse
1033 1160 1264 1203 defendes?
1295 1177 1410 1217 saepe
1431 1163 1546 1205 enim

105 1215 210 1267 vidi,
232 1217 305 1272 qui
328 1227 372 1258 et
389 1217 495 1258 mihi
518 1228 562 1258 et
591 1218 743 1258 ceteris
764 1217 1006 1272 cupidiores
1029 1217 1262 1273 provinciae
1286 1219 1545 1271 viderentur,

103 1273 313 1329 triumphi
336 1275 510 1315 nomine
531 1278 571 1309 93
587 1286 728 1331 tegere
761 1284 890 1338 atque
928 1275 1064 1315 velare
1095 1275 1378 1331 cupiditatem
1409 1291 1544 1320 suam.

105 1328 208 1372 Hoc
231 1331 359 1372 modo
381 1331 437 1373 D.
459 1331 626 1373 Silanus
648 1332 798 1373 consul
819 1346 862 1372 m
885 1331 968 1373 hoc
986 1332 1149 1382 ordine,
1167 1332 1249 1373 hoc
1271 1347 1390 1374 meus
1412 1335 1542 1376 etiam

104 1387 270 1444 collega
291 1389 475 1430 dicebat.
500 1404 637 1444 neque
660 1391 775 1430 enim
796 1389 1022 1444 quisquam
1047 1398 1188 1445 potest
1209 1391 1447 1432 exercitum
1470 1407 1544 1433 cu-

101 1458 217 1500 pere,
254 1456 484 1501 aperteque
517 1456 673 1502 peter,e
706 1456 752 1488 ut
784 1461 871 1487 non
904 1457 1116 1502 praetexat
1147 1448 1426 1503 cupiditatem
1465 1449 1538 1490 tri-

101 1502 268 1557 umphi.
330 1504 496 1549 Quodsi
529 1513 570 1544 te
602 1514 771 1545 senatus
804 1504 1073 1560 populusque
1106 1504 1327 1546 Romanus
1357 1515 1430 1546 aut
1451 1521 1536 1548 non
1551 1509 1601 1548 57

101 1569 393 1623 appetentem,
415 1573 489 1601 aut
518 1561 648 1602 etiam
680 1571 962 1612 r,ecusantem
984 1561 1142 1602 bellum
1169 1563 1397 1627 suscipere,
1416 1578 1539 1605 exer-

99 1616 236 1657 citum
268 1617 423 1658 ducere
456 1618 695 1674 coegisset:
739 1628 882 1659 tamen
910 1628 1001 1659 erat
1035 1619 1205 1674 angusti
1247 1620 1378 1661 animi
1412 1629 1542 1676 atque

99 1672 287 1725 demissi,
317 1675 472 1730 94justi
509 1676 715 1732 triumphi
749 1676 957 1717 honorem
987 1686 1115 1732 atque
1145 1676 1403 1732 dignitatem
1433 1693 1537 1720 con-

99 1738 303 1772 temnere.
326 1746 440 1783 nam,
470 1742 519 1773 ut
552 1732 737 1774 levitatis
769 1742 848 1784 est,
872 1734 1042 1775 inanem
1077 1735 1278 1789 aucupari
1311 1749 1540 1798 rumorem,

97 1789 139 1822 95
155 1797 214 1839 ut,
234 1803 381 1830 omnes
401 1791 572 1830 umbras
594 1790 724 1831 etiam
743 1790 861 1831 falsae
885 1790 1034 1847 gloriae
1057 1791 1319 1833 consectari:
1354 1792 1414 1833 sic
1435 1792 1539 1834 levis

96 1853 164 1885 est
184 1847 330 1897 animi,
353 1846 490 1888 lucem
525 1847 879 1912 splendoremque
912 1848 1134 1904 fugienti5‚
1152 1848 1316 1903 justam
1340 1849 1538 1904 gloriam,

95 1901 171 1956 qui
193 1911 257 1943 est
275 1902 439 1945 fructus
462 1919 571 1946 veiae
596 1904 766 1946 virtutis
789 1905 1129 1955 honestissimus,
1154 1906 1390 1961 repudiare.
1424 1907 1537 1949 Cum

96 1972 198 2000 vero
224 1974 311 2001 non
344 1961 473 2002 modo
505 1976 591 2002 non
624 1962 868 2018 postulante
897 1971 1026 2018 atque
1066 1974 1266 2018 cogente,
1296 1963 1368 2004 sed
1401 1964 1536 2006 invito

95 2024 225 2073 atque
247 2032 451 2074 oppresso
471 2028 634 2071 senam,
657 2034 744 2061 non
766 2020 896 2061 modo
926 2019 1044 2061 nullo
1067 2020 1214 2075 populi
1240 2020 1426 2061 Romani
1449 2031 1536 2063 stu-

137 2159 178 2192 91
205 2161 244 2188 ut
276 2162 420 2188 vestmm
446 2159 606 2198 quispiam
635 2158 791 2199 audierit]

94 2198 177 2232 Edd.
192 2203 273 2230 vett.
297 2198 420 2230 habent
435 2205 504 2230 aut.
528 2201 562 2231 in
575 2211 640 2240 qua
655 2201 795 2232 lectione

94 2240 269 2281 legendum
281 2247 366 2272 esset
376 2252 393 2272 e
406 2242 470 2272 Ms.
484 2243 508 2272 Γ
510 2253 599 2273 aerm
613 2245 794 2283 quisquam.

96 2283 158 2314 Sed
180 2288 216 2314 et
239 2283 328 2314 aliud
350 2284 595 2315 incommodum
618 2291 677 2316 est.
705 2295 793 2323 nam,

95 2329 134 2356 ut
156 2331 243 2357 recte
265 2326 372 2357 videre
395 2327 539 2357 Faernus
553 2332 585 2358 et
601 2328 716 2358 Lamb.
733 2338 793 2358 au-

96 2367 194 2407 dierit
217 2378 284 2398 non
305 2374 355 2399 est
378 2374 504 2409 aptum.
527 2370 689 2409 quomodo
703 2370 792 2400 enim

97 2409 211 2440 Cicero
247 2410 308 2441 hoc
336 2421 432 2441 ausus
461 2412 504 2442 sit
531 2413 659 2443 dicere?
698 2412 792 2451 idque

94 2451 175 2482 adeo
201 2452 380 2483 Lambinus
412 2453 542 2484 delevit.
587 2456 746 2485 Gruterus
774 2465 792 2485 e

96 2492 178 2524 Mss.
204 2494 284 2524 Pau.
308 2495 430 2535 recepit
453 2501 502 2533 ut,
527 2497 621 2533 bene,
645 2497 699 2527 sed
723 2507 791 2527 non

95 2535 280 2576 explicavit.
303 2536 403 2569 dicit:
426 2538 452 2567 si
480 2540 619 2569 maxime
644 2540 790 2570 vestrssm

96 2578 257 2617 quispiam
278 2579 426 2610 audierit.
449 2580 496 2610 ita
509 2587 542 2610 et
558 2582 719 2621 quispiam
742 2592 791 2612 re-

95 2624 189 2649 ctum
202 2629 269 2649 esse
285 2626 386 2660 patet.

136 2663 178 2693 92
214 2671 282 2691 una
309 2664 452 2693 mercede
480 2664 670 2703 provinc-ite]
716 2663 792 2695 Una

97 2706 185 2732 recte
200 2703 312 2734 aberat
333 2705 397 2736 Ms.
413 2706 540 2736 Faerui.
565 2715 640 2736 nam
666 2706 790 2737 nullam

96 2743 150 2774 hic
178 2745 244 2774 vim
280 2745 390 2784 habet,
424 2747 615 2786 frustraque
644 2748 789 2779 defendit

93 2785 262 2816 Graevius.
297 2796 373 2818 nam
401 2794 434 2818 et
461 2789 532 2819 aliis
557 2790 636 2819 locis
663 2791 788 2831 simpli-

93 2827 176 2858 aiter
188 2827 266 2859 dicit
272 2838 318 2869 pv
319 2830 379 2860 etio
392 2831 443 2861 vel
456 2833 599 2862 mercede
612 2833 788 2872 provinciae

838 2158 1000 2199 proditam
1027 2168 1095 2190 esse
1116 2162 1151 2190 et
1176 2159 1342 2192 venditam
1371 2161 1536 2197 Ciceronis

828 2201 991 2234 .salutem.

879 2246 919 2278 93
943 2247 1052 2282 teme
1065 2248 1162 2283 atque
1183 2244 1306 2284 velare]
1332 2245 1395 2276 Ms.
1418 2246 1536 2278 Faerni

837 2287 954 2316 vetare.
963 2285 1050 2325 quod
1063 2290 1113 2316 est
1127 2285 1324 2325 elegantius,
1334 2295 1372 2318 ut
1386 2290 1513 2328 opinor.

878 2331 920 2362 94
936 2326 1025 2367 justi
1053 2329 1212 2367 triumphi
1240 2331 1405 2369 honorem]
1442 2332 1537 2362 dum

835 2369 907 2400 edd.
921 2375 1002 2401 vett.
1019 2379 1086 2400 non
1101 2369 1236 2401 habent.
1259 2377 1293 2401 et
1308 2380 1372 2402 non
1389 2373 1428 2403 de
1437 2375 1533 2411 iusto

835 2412 1016 2452 triumpho,
1032 2412 1086 2443 sed
1101 2411 1140 2442 de
1154 2413 1324 2453 triumpho
1340 2415 1534 2455 simpliciter

833 2462 940 2484 sermo
958 2464 1026 2485 esse
1049 2455 1189 2492 videtur,
1204 2465 1393 2496 semperque
1417 2458 1452 2487 in
1475 2468 1533 2489 an-

833 2497 1058 2527 tecedentibus
1074 2496 1159 2527 nude
1171 2499 1319 2538 ponitur,
1335 2506 1373 2528 ut
1386 2504 1419 2529 et
1434 2500 1532 2537 infra,

834 2538 895 2569 hoe
921 2540 990 2579 ipso
1015 2540 1049 2569 in
1079 2539 1197 2578 capite.
1243 2540 1396 2571 Habuere
1420 2547 1532 2573 tamen

834 2580 911 2611 Mss.
930 2581 1045 2611 Faerni
1058 2586 1093 2611 et
1108 2581 1177 2612 Erf.
1201 2586 1235 2612 et
1259 2583 1292 2612 in
1314 2590 1534 2622 consequente

833 2629 882 2652 est
888 2622 986 2663 justa
999 2625 1119 2662 gloria.
1165 2624 1278 2663 Itaque
1292 2625 1425 2654 servavi.

875 2668 916 2699 95
939 2671 976 2695 ut
991 2676 1098 2696 onmes
1112 2665 1160 2704 u.]
1193 2666 1235 2696 Ue
1259 2666 1338 2695 mihi
1358 2667 1531 2705 aliquando

833 2714 1020 2746 suspectum
1049 2708 1125 2744 fuit,
1155 2708 1251 2746 idque
1277 2713 1334 2738 aut
1357 2708 1531 2742 delendum

831 2755 890 2780 aut
904 2754 936 2780 et
951 2750 1172 2789 reponendum
1188 2751 1303 2779 visum.
1349 2750 1459 2781 Deleri
1477 2762 1532 2782 vo-

832 2791 894 2821 luit
909 2798 942 2822 et
958 2792 1193 2829 Pantagathus.
1208 2791 1262 2821 sed
1275 2796 1325 2821 est
1337 2796 1450 2824 tamen
1464 2804 1530 2826 non

831 2833 944 2872 inepta
959 2834 1120 2874 repetitio,

770 2882 897 2916 424
