1812 3147
522 72 640 110 PRO
664 71 897 109 ARCHIA
924 73 1130 110 POETA.
1467 75 1541 108 811

111 176 348 236 praesertim
378 189 478 217 cum
507 189 636 216 omne
660 174 763 216 olim
785 175 975 216 studium
1004 183 1132 229 atque
1164 189 1290 215 omne
1323 175 1543 230 ingenium

110 234 340 277 contulerit
369 231 552 274 Archias
583 232 636 273 ad
667 231 818 288 populi
850 231 1038 273 Romani
1078 231 1258 287 gloriam
1292 231 1546 287 laudemque

110 291 436 333 celebrandam?
489 289 602 330 Nam
629 299 673 330 et
696 288 938 330 Cimbricas
957 302 1024 329 res
1048 288 1293 329 adolescens
1318 289 1479 344 attigit,
1502 300 1546 330 et

111 349 193 406 ipsi
217 347 277 389 illi
303 347 355 388 C.
381 345 538 397 Mario,
561 347 636 401 qui
660 346 806 387 durior
836 346 889 387 ad
913 345 1008 387 haec
1035 345 1176 386 studia
1209 345 1447 395 videbatur,
1471 346 1545 400 ju-

110 405 274 447 cundus
317 404 414 445 fuit.
477 404 630 460 Neque
671 404 786 444 enim
829 403 1054 458 quisquam
1087 414 1153 443 est
1192 412 1278 443 tam
1312 416 1482 442 aversus
1520 418 1608 452 2120

112 461 269 512 Musis,
287 462 360 517 qui
383 475 470 502 non
492 461 684 502 mandari
707 461 900 502 versibus
923 471 1131 501 aeternum
1155 473 1328 500 suorum
1349 458 1546 500 laborum

109 518 288 560 34facile
319 519 585 575 praeconium
626 518 829 575 patiatur.
888 516 1224 558 Themistoclem
1264 516 1398 566 illum,
1432 531 1547 557 sum-

107 590 227 618 mum
248 574 432 617 Athenis
456 576 610 628 virum,
633 575 795 617 dixisse
825 575 964 625 aiunt,
986 589 1083 616 cum
1114 589 1167 615 ex
1191 588 1241 614 eo
1267 582 1546 628 quaereretur,

111 631 221 691 quod
249 648 455 684 acroama,
480 641 553 675 aut
579 633 692 689 cujus
720 647 853 674 vocem
885 631 1142 673 libentissime
1173 630 1354 672 audiret.-
1391 631 1488 686 ejuS,
1521 647 1547 672 α

108 705 188 748 quo
227 705 301 732 sua
343 690 471 732 virtus
509 690 659 746 optime
696 689 1006 745 praedicaretur.
1068 689 1221 744 Itaque
1263 687 1331 728 ille
1378 687 1546 729 Marius

111 751 152 779 3⁵
165 748 270 789 item
288 748 446 789 eximie
469 747 519 789 L.
540 747 732 789 Plotium
753 747 921 798 dilexit,
941 747 1064 801 cujus
1085 747 1259 802 ingenio
1282 746 1463 801 putabat
1481 759 1546 796 ea,

112 805 154 837 36
165 820 262 861 quae
284 814 489 862 gesserat,
511 819 636 861 posse
666 804 886 846 celebrari.
949 803 1301 845 Mithridaticum
1334 817 1433 844 vero
1459 802 1605 844 bel-21

110 861 215 914 lum,
231 877 436 918 magnum
460 872 590 918 atque
611 862 802 913 difficile,
820 872 861 902 et
885 863 928 902 in
950 862 1086 902 multa
1104 861 1309 902 varietate
1330 870 1440 900 terra
1457 875 1547 901 ma-

111 919 232 975 rique
252 929 482 970 versatum,
505 929 646 961 totum
669 920 723 961 ab
746 919 829 960 hoc
851 933 1100 975 expressum
1123 928 1211 960 est:
1244 918 1317 973 qui
1340 918 1438 958 libri
1461 933 1549 958 non

110 976 241 1018 modo
270 977 319 1018 L.
343 977 584 1028 Lucullum,
607 977 891 1018 fortissimum
921 986 964 1017 et
995 976 1278 1017 clarissimum
1300 975 1454 1026 virum,
1478 990 1550 1016 ve-

112 1048 205 1075 rum
227 1034 356 1075 etiam
380 1035 527 1091 populi
553 1035 741 1075 Romani
763 1049 919 1075 nomen
943 1033 1170 1075 illustrant.
1219 1032 1413 1089 Populus
1434 1033 1550 1073 enim

113 1091 336 1136 Romanus
374 1092 556 1148 aperuit,
593 1092 771 1133 Lucullo
812 1092 1064 1148 imperante,
1100 1091 1305 1141 Pontum,
1340 1100 1383 1130 et
1421 1090 1550 1146 regiis

110 1149 329 1204 quondam
351 1150 522 1206 opibus,
544 1160 587 1192 et
615 1150 708 1206 ipsa
735 1158 888 1190 natura
917 1149 1107 1205 regionis
1139 1148 1366 1189 vallatum:
1400 1147 1550 1203 populi

114 1205 303 1248 Romani
333 1208 563 1259 exercitus,
590 1207 742 1248 eodem
773 1207 896 1258 duce,
925 1221 1009 1247 non
1044 1207 1232 1247 maxima
1263 1220 1390 1246 manu
1424 1206 1550 1245 innu-

111 1264 337 1306 merabiles
372 1264 677 1306 Armeniorum
708 1265 854 1320 copias
886 1263 1023 1306 fudit:
1056 1263 1205 1320 populi
1239 1263 1427 1304 Romani
1458 1261 1549 1303 laus

110 1330 191 1373 est,
210 1323 359 1363 urbem
381 1323 687 1364 amicissimam
707 1321 1038 1378 Cyzicenorum,
1062 1321 1254 1377 ejusdem
1277 1320 1473 1372 consilio,
1493 1334 1548 1360 ex

111 1379 231 1420 omni
252 1380 417 1436 impetu
439 1380 574 1436 regio,
597 1395 646 1421 ac
678 1381 811 1420 totius
834 1379 934 1421 belli
958 1394 1031 1420 ore
1053 1394 1102 1420 ac
1133 1379 1330 1419 faucibus
1355 1389 1548 1433 ereptam

108 1450 201 1478 esse
221 1445 351 1493 atque
371 1448 606 1479 servatam:
639 1440 679 1470 37
693 1448 840 1478 nostra
859 1451 1026 1492 semper
1047 1437 1207 1478 feretur
1229 1446 1272 1476 et
1291 1435 1547 1491 praedicabi-

112 1501 196 1545 tur,
220 1493 269 1535 L.
294 1494 472 1536 Lucullo
494 1494 742 1545 dimicante,
764 1509 864 1535 cum
886 1494 1124 1536 interfectis
1143 1494 1325 1535 ducibus
1348 1493 1547 1549 depressa
1560 1517 1589 1546 p.
1610 1508 1679 1540 190.

111 1550 303 1594 hostium
334 1551 494 1603 classis,
524 1562 567 1593 et
598 1552 860 1593 incredibilis
899 1552 1014 1608 apud
1043 1551 1266 1592 Tenedum
1300 1565 1447 1607 pugna
1477 1549 1588 1590 illaa-

110 1608 296 1651 navalis:
328 1618 473 1650 nostra
496 1619 596 1651 sunt
617 1619 795 1665 tropaea,
817 1619 965 1650 nostra
993 1618 1289 1659 monumenta,
1313 1608 1448 1649 nostri
1472 1607 1548 1647 tri-

107 1665 277 1723 umphi.
323 1668 363 1697 38
379 1668 538 1718 Quare,
561 1682 744 1722 quorum
766 1667 952 1723 ingeniis
971 1667 1067 1708 haec
1089 1666 1298 1717 feruntur,
1318 1667 1372 1706 ab
1396 1666 1447 1706 iis
1471 1680 1548 1721 po-

108 1723 199 1779 puli
222 1723 409 1765 Romani
433 1724 547 1765 fama
576 1724 829 1766 celebratur.
891 1724 1027 1766 Carus
1049 1724 1132 1765 fuit
1154 1724 1362 1764 Africano
1385 1723 1548 1779 superi·
1559 1748 1613 1783 22

106 1780 174 1822 ori
191 1790 337 1824 noster
360 1781 538 1823 Ennius.
569 1783 713 1838 itaque
732 1782 863 1824 etiam
886 1783 929 1823 in
950 1782 1176 1839 sepulchro
1196 1781 1451 1837 Scipionum
1471 1796 1549 1836 pu-

111 1847 227 1882 tatur
264 1839 299 1879 is
336 1853 428 1880 esse
465 1840 727 1881 constitutus
758 1843 835 1880 39e
875 1855 1102 1881 marmore.
1162 1839 1224 1880 At
1265 1839 1315 1879 iis
1351 1838 1550 1879 laudibus

112 1905 228 1937 certe
251 1911 338 1938 non
367 1897 502 1938 solnm
535 1897 631 1953 ipsi,
654 1898 727 1953 qui
753 1897 995 1948 laudantur,
1019 1898 1091 1938 sed
1115 1897 1245 1938 etiarn
1277 1896 1428 1952 populi
1461 1895 1552 1936 Ro-

107 1953 227 1995 mani
248 1968 406 1997 nomen
428 1965 618 1996 ornatur.
680 1954 732 1996 In
756 1955 918 1997 coelum
941 1955 1070 2011 liujus
1093 1969 1277 2012 proavus
1303 1953 1414 1995 Cato
1438 1953 1552 1994 tolli-

149 2096 192 2127 34
202 2096 313 2137 facile
328 2099 529 2138 proeeonium
545 2099 715 2138 patimur]
742 2099 808 2129 De-

852 2099 896 2129 sic
922 2098 994 2129 edd.
1017 2108 1066 2139 pr.
1093 2098 1194 2129 Male.
1212 2107 1288 2127 nam
1316 2105 1383 2126 non
1409 2095 1553 2126 cohaeret

109 2138 208 2170 bebat
226 2149 295 2170 esse
309 2139 387 2180 11.χῖ
403 2142 570 2181 patiatur.
594 2141 655 2171 Sed
681 2143 809 2171 numeri

852 2141 914 2172 hoe
930 2142 1011 2171 bene
1027 2151 1102 2171 eum
1119 2140 1402 2171 antecedentibus.
1436 2139 1554 2179 ‚Quare

79 2212 91 2225 ο
110 2184 208 2212 causa
231 2185 435 2224 transposuit
451 2184 575 2213 Cicero.
599 2194 676 2214 nam
695 2183 809 2214 meiius

112 2223 158 2253 sic
173 2224 261 2254 cadit
275 2226 380 2256 oratio
395 2231 428 2256 et
443 2236 618 2256 concursus
635 2226 731 2256 nimis
746 2226 810 2256 fre-

111 2275 211 2304 quens
223 2267 366 2307 ejusdem
381 2269 625 2298 terminationis
640 2269 775 2299 vitatur.

152 2310 191 2340 35
213 2311 291 2340 ite-m
314 2311 444 2350 eximie]
480 2310 557 2341 Mss.
582 2311 634 2340 Fr.
656 2317 691 2341 et
717 2309 806 2340 Pith.

110 2351 273 2382 omittunt
287 2353 376 2382 item.
398 2363 515 2393 nempe
530 2353 652 2383 librarii
673 2362 740 2383 non
755 2364 808 2383 ca-

111 2393 245 2432 piebant
267 2395 333 2424 vim
351 2395 451 2431 verbi,
466 2395 553 2434 qnod
571 2396 684 2426 Cicero
703 2396 807 2425 liben-

111 2439 164 2465 ter
183 2446 240 2476 pro
267 2439 367 2466 etiam
391 2437 482 2473 dicit,
500 2438 531 2466 in
555 2438 640 2477 qnod
655 2446 689 2468 et
711 2439 813 2469 inter-

110 2476 189 2507 dum
208 2479 241 2509 in
257 2478 346 2509 libris
359 2486 595 2510 commutatur.

153 2520 194 2550 36
216 2530 286 2560 quoe
298 2522 458 2561 gesserat]
486 2522 513 2551 E
526 2531 585 2552 sua
599 2532 738 2562 persona
750 2522 811 2552 hoc

113 2560 212 2592 dixit:
236 2564 316 2594 alias
331 2564 469 2594 debebat
484 2574 551 2594 esse
564 2566 724 2603 gessisset.

155 2607 192 2637 37
217 2611 329 2636 nostra
351 2617 377 2637 s.
397 2605 548 2646 seretur]
588 2607 716 2637 A'ostra
742 2617 811 2637 ma-

111 2644 199 2676 xime
213 2658 288 2677 cum
304 2659 421 2687 pzfgsmt
435 2651 565 2679 navalis
575 2661 584 2678 .·
600 2660 658 2690 per
670 2649 812 2690 συζυγίαι

113 2697 190 2717 cum
204 2691 315 2720 elassis
323 2692 336 2729 j
344 2693 491 2730 ungitur.

154 2732 194 2760 38
217 2731 344 2772 Quare,
371 2743 508 2772 quorum
538 2733 611 2773 δια]
651 2734 814 2773 Pantaga-

115 2769 193 2801 (hus
205 2775 388 2814 corrigebat
404 2777 494 2815 quia,
511 2775 598 2814 quod
611 2777 644 2806 in
659 2777 739 2806 Mss.
753 2777 813 2806 Dr.

112 2819 150 2843 et
166 2814 216 2846 Fr.
240 2822 405 2857 repertum
428 2819 550 2858 recepit
567 2818 724 2849 Graevius.
770 2819 815 2849 Et

852 2185 977 2224 primus
995 2190 1082 2214 reete
1094 2184 1207 2214 Aldus.
1231 2183 1359 2212 Vitium
1376 2186 1487 2211 ortum
1503 2188 1554 2211 est

853 2237 870 2256 e
886 2226 1080 2266 compendio
1095 2225 1267 2256 scribendi.

893 2272 933 2303 39
956 2279 972 2298 e
990 2268 1167 2307 marmore]
1194 2267 1276 2298 Edd.
1298 2276 1347 2306 pr.
1364 2270 1395 2296 et
1411 2276 1554 2296 marmo-

850 2312 934 2341 ratis
947 2312 1111 2347 laudibus,
1129 2315 1166 2341 u't
1187 2317 1221 2341 et
1236 2310 1316 2340 Mss.
1342 2309 1470 2339 Primus
1483 2318 1555 2338 eor-

850 2354 934 2383 rexit
945 2354 980 2383 P.
996 2354 1168 2384 Manutius
1182 2353 1233 2383 ed.
1253 2355 1343 2383 1540.
1360 2358 1457 2381 recte.
1475 2351 1555 2380 Sen-

851 2405 904 2426 sus
927 2402 977 2426 est
992 2408 1001 2426 z
1032 2395 1119 2435 quod
1142 2396 1354 2425 simulacrum
1375 2403 1555 2422 marmore-

857 2448 912 2468 um
929 2445 977 2469 est
993 2439 1027 2468 in
1043 2444 1260 2468 monumento
1275 2437 1432 2471 Afric-nni,
1449 2435 1481 2464 id
1496 2445 1556 2474 pn-

856 2485 929 2511 tant
944 2480 1043 2520 vulgo
1059 2490 1127 2510 esse
1152 2479 1263 2510 Ennii.
1308 2480 1464 2509 Ceterum
1488 2486 1556 2506 non

854 2523 989 2558 frustra,
1007 2528 1043 2553 ut
1061 2523 1190 2562 opinor,
1207 2522 1389 2561 suspicatus
1411 2526 1461 2550 est
1476 2519 1556 2548 Gni-

855 2565 1009 2601 lielmins',
1035 2565 1088 2595 hic
1112 2565 1233 2603 aliquid
1258 2563 1422 2593 excidisse.
1468 2561 1555 2591 Nam

855 2608 889 2637 in
913 2608 963 2638 his
991 2607 1095 2638 Carus
1107 2607 1246 2645 filit—e
1273 2615 1447 2640 marmore,
1473 2603 1556 2632 nihil

856 2656 918 2686 est,
938 2651 991 2680 eni
1015 2650 1232 2689 respondeant
1255 2648 1442 2686 sequentia:
1468 2650 1503 2674 a!
1519 2646 1557 2674 iis

857 2693 1029 2722 laudibus:
1052 2702 1128 2722 nam
1153 2692 1191 2721 de
1214 2691 1252 2721 iis
1277 2690 1321 2720 nil
1344 2697 1392 2718 est
1416 2689 1449 2717 in
1474 2687 1556 2717 istis.

858 2734 906 2764 Eo
922 2735 1036 2770 etiarn,
1050 2743 1095 2764 Sc.
1110 2743 1183 2772 quae
1195 2733 1400 2767 exciderunt,
1417 2730 1558 2760 referen-

857 2776 935 2807 duni
961 2776 1054 2813 illud,
1079 2777 1134 2816 qui
1160 2774 1388 2814 Iaeoecfeccsat:
1419 2781 1494 2802 nam
1521 2781 1560 2801 ea.

856 2818 911 2850 hic
927 2828 994 2849 non
1010 2824 1193 2849 memorata
1207 2824 1297 2848 sunt.
