1769 3174
225 116 324 150 1023
824 113 1070 152 ORATIO

221 213 408 255 tenebris
430 215 678 258 extraham:
711 217 940 273 omniaque
962 233 1056 259 mea
1079 219 1161 259 tela
1193 219 1253 259 sic.
1285 219 1325 259 in
1361 227 1402 260 te
1423 217 1660 274 conjicien-

223 282 305 322 tur,
329 281 375 311 ut
398 286 522 312 nemo
546 287 619 327 per
649 283 769 314 tuum
800 274 910 315 latus
932 276 1066 330 (quod
1099 275 1207 316 soles
1238 276 1398 325 dicere)
1420 277 1658 317 saucietur:

176 320 266 371 Sin
299 329 382 368 tuis
417 329 690 385 pulmonibus
722 345 771 371 ac
794 333 1028 372 visceribus
1061 332 1300 374 liaerebunt.
1364 332 1432 384 Et,
1454 333 1659 388 quoniam

163 386 416 430 14omnium
462 400 598 427 rerum
639 402 891 444 magnarum
926 405 950 429 a
981 390 1062 429 diis
1098 390 1409 430 immortalibus
1450 388 1662 445 principia.

222 442 452 493 ducuntur,
481 443 577 484 volo
610 455 656 485 ut
687 445 791 485 mihi
827 446 1096 500 respondeas,
1132 456 1191 496 tu,
1223 447 1296 500 qui
1329 457 1369 486 te
1402 445 1662 502 Pythagori-

222 514 318 540 cum
351 499 458 541 solcs
480 500 636 550 (licere,
658 510 700 541 et
723 501 909 542 hominis
938 502 1174 542 doctissimi
1207 517 1360 543 nomen
1394 504 1477 543 tuis
1509 505 1660 544 imma-

220 557 348 597 nibus
370 567 412 597 et
436 557 624 598 barbaris
648 559 837 599 moribus
864 560 1151 613 praetendcre3
1183 574 1278 613 quae
1303 570 1344 599 te
1376 569 1496 600 tanta
1517 558 1660 615 pravi-

224 622 287 654 tas
322 615 474 654 mcntis
510 616 708 665 tenuerit,
739 615 811 669 qui
846 625 988 655 tantus
1019 615 1150 666 furor,
1177 627 1239 666 ut,
1260 631 1358 657 cum
1390 617 1582 657 inaudita
1611 629 1661 656 ac

223 669 386 711 nefaria
430 685 548 711 sacra
590 672 839 727 susceperiS,
877 686 975 712 cum
1013 672 1246 713 inferorum
1289 674 1452 714 animas
1493 673 1661 722 elicere,

224 742 323 768 cum
358 742 581 782 puerorum
605 728 717 768 extis
740 728 840 769 deos
875 743 1016 769 manes
1049 740 1234 770 mactare
1266 730 1424 782 soleas3
1456 729 1661 785 auspicia,

226 784 381 839 quibus
406 784 498 825 liaec
521 786 620 825 urbs
643 785 818 826 condita
839 795 916 836 est,
935 786 1091 840 quibus
1111 787 1249 827 omnis
1272 787 1512 843 respublica
1533 797 1663 841 atque

227 841 452 896 imperium
478 850 658 893 tenetur,
681 843 985 884 contemseris?
1017 843 1226 898 initioque
1249 845 1490 885 tribunatus
1515 845 1574 884 tui
1599 857 1663 884 se-

228 898 346 938 natui
369 898 647 949 denuntiaris,
671 899 755 939 tuis
786 900 1030 940 actionibus
1063 915 1271 956 augurum
1304 916 1506 957 responsa
1535 906 1663 955 atque

169 971 214 1004 15
228 955 320 1009 ejus
354 955 523 1011 collegii
557 957 843 1011 arrogantiam
883 958 1189 1012 impedimento
1222 973 1304 998 non
1340 959 1556 1000 futuram?
1588 960 1664 998 Se-

229 1011 414 1052 cundum
439 1026 487 1052 ea
513 1027 675 1067 quaero,
707 1015 745 1046 97
761 1014 994 1054 servarisne
1026 1014 1067 1055 in
1100 1029 1150 1055 eo
1174 1015 1329 1057 fitlcm?
1360 1030 1461 1056 num
1493 1015 1664 1071 quando

120 1081 149 1111 1·-
166 1074 216 1101 32·
233 1069 308 1109 tibi
340 1084 503 1109 moram
536 1069 741 1120 attulerit,
774 1085 859 1125 quo
895 1073 1033 1111 minus
1066 1072 1296 1113 concilium
1326 1074 1570 1122 advocares,
1607 1072 1665 1113 le-

185 1124 414 1180 ³·gemque
447 1126 592 1175 ferres,
614 1127 728 1182 quod
752 1142 802 1168 eo
825 1128 893 1168 die
927 1129 1053 1169 scires
1082 1129 1134 1170 de
1165 1130 1278 1170 coelo
1300 1144 1390 1170 esse
1421 1131 1664 1171 servatum?

231 1183 301 1233 Et,
334 1183 537 1237 quoniam
572 1183 641 1224 liic
676 1184 792 1225 locus
830 1199 936 1226 unus
970 1195 1048 1236 est,
1078 1201 1202 1241 quem
1244 1187 1322 1227 tibi
1359 1201 1457 1228 cum
1493 1186 1664 1228 Caesare

229 1254 501 1280 communem
524 1255 614 1280 esse
638 1240 778 1283 dicas:
813 1243 1035 1297 sejungam
1061 1252 1101 1284 te
1123 1245 1176 1284 ab
1201 1243 1286 1294 illo,
1310 1259 1394 1284 non
1426 1243 1562 1284 solum
1585 1244 1664 1284 rei-

230 1297 414 1351 publicae
437 1312 578 1347 causa,
602 1312 746 1338 verum
771 1300 900 1339 etiam
924 1300 1122 1351 Caesaris,
1147 1316 1199 1341 nc
1221 1315 1306 1355 qua
1326 1315 1379 1341 ex
1405 1310 1478 1342 tua
1499 1315 1666 1342 summa

229 1353 488 1409 indignitate
511 1354 625 1395 labes
650 1355 759 1396 illius
781 1356 984 1411 dignitati
1007 1358 1206 1413 adspersa
1229 1358 1435 1399 videatur.
1470 1357 1664 1398 Primum

228 1425 390 1465 quaero,
414 1426 515 1451 num
549 1421 592 1452 tu
626 1413 790 1453 senatui
823 1429 993 1454 causam
1018 1424 1133 1455 tuam
1167 1416 1401 1471 permittas,
1424 1415 1538 1470 quod
1562 1414 1668 1455 facit

230 1468 405 1510 Cazsar?
435 1469 603 1520 deinde,
627 1485 723 1524 quae
757 1471 811 1509 sit
843 1472 1074 1512 auctoritas
1097 1472 1203 1526 ejus,
1226 1473 1298 1527 qui
1332 1488 1375 1513 sc
1409 1472 1580 1513 alterius
1603 1471 1665 1512 fa-

228 1534 315 1575 cto,
337 1540 422 1565 non
447 1540 523 1566 Suo
545 1525 775 1569 defendat?
806 1528 959 1569 deinde
981 1534 1195 1585 (erumpet
1216 1531 1329 1570 enim
1358 1529 1588 1584 aliquando
1610 1543 1664 1570 ex

227 1596 296 1622 me
329 1597 427 1623 vera
460 1598 558 1634 vox,
581 1592 624 1624 et
657 1584 796 1624 (licam
829 1585 919 1625 sine
950 1587 1241 1637 cunctatione,
1272 1588 1387 1642 quod
1421 1586 1594 1637 sentio)
1632 1585 1666 1626 si

222 1639 315 1694 jam
341 1639 566 1680 violentior
588 1640 729 1696 aliqua
753 1642 793 1681 in
824 1656 866 1682 re
890 1642 939 1682 C.
965 1642 1111 1684 Caesar
1135 1644 1297 1694 fuisset,
1321 1645 1354 1684 si
1377 1658 1473 1684 eum
1499 1643 1665 1699 magni-

231 1697 334 1737 tutlo
356 1698 660 1747 contentionis,
684 1699 870 1739 studium
896 1700 1059 1754 gloriae,
1086 1711 1290 1756 praestans
1320 1702 1502 1750 animus,
1523 1700 1666 1741 excel-

229 1753 318 1793 lens
340 1753 540 1794 nobilitas
566 1754 708 1810 aliquo
734 1756 984 1811 impulisset,
1004 1759 1118 1812 quod
1143 1758 1183 1798 in
1219 1758 1288 1799 illo
1314 1759 1402 1799 viro
1424 1766 1466 1798 et
1490 1767 1580 1798 tum
1604 1757 1666 1797 fe-

232 1810 407 1851 rendum
431 1821 556 1859 esset,
578 1823 622 1852 ct
645 1813 843 1853 maximis
866 1815 1006 1863 rebus,
1028 1830 1132 1869 quas
1157 1825 1304 1870 postea
1324 1815 1470 1871 gessit,
1493 1815 1666 1855 oblitte-

230 1868 436 1908 randum:
472 1869 511 1908 id
545 1879 590 1908 tu
624 1869 717 1920 tibi,
750 1870 938 1921 furcifer,
971 1886 1124 1922 sumes,
1148 1882 1191 1912 ct
1217 1873 1376 1913 Vatinii
1410 1873 1586 1912 latronis
1617 1886 1668 1912 ac

233 1925 427 1980 sacrilegi
454 1940 537 1965 vox
560 1926 769 1972 audietur,
794 1927 876 1968 hoc
908 1930 1175 1983 postulantis,
1201 1939 1245 1970 ut
1268 1930 1378 1970 idem
1411 1928 1492 1968 sibi
1515 1943 1670 1970 conce-

188 1980 218 2032 7
234 1981 372 2031 datur,
395 1983 509 2036 quod
534 1982 723 2030 Caesari?
756 1985 826 2024 Sic
849 1987 962 2026 enim
985 2000 1037 2026 cx
1063 1997 1103 2026 tc
1124 2001 1286 2041 quaerO.
1340 1985 1556 2027 Tribunus
1581 1985 1668 2041 ple·

175 2038 299 2084 16bis
334 2039 476 2080 fuisti:
510 2040 688 2095 sejunge
723 2050 762 2081 te
794 2044 832 2072 28
847 2057 871 2082 a
893 2043 1091 2084 consule:
1125 2044 1309 2100 collegas
1343 2043 1531 2085 habuisti
1555 2045 1667 2084 viros

234 2095 364 2135 sortes
390 2111 558 2137 novem.
620 2097 686 2138 Ex
720 2097 784 2138 his
816 2107 899 2140 tres
922 2110 1056 2151 erant,
1079 2115 1186 2156 quos
1209 2110 1254 2141 tu
1277 2101 1470 2156 quotidie
1503 2099 1667 2141 sciebas

233 2166 399 2193 servare
421 2154 473 2193 (lc
495 2153 616 2204 caelo,
639 2170 745 2209 quos
778 2156 998 2207 irridebas,
1020 2159 1059 2191 29
1073 2173 1179 2212 quos
1213 2158 1401 2213 privatos
1431 2171 1522 2198 esse
1552 2157 1668 2198 dice-

235 2209 323 2259 bas,
346 2209 398 2250 de
420 2210 575 2264 quibus
598 2211 703 2252 duos
727 2223 1008 2267 praetcxtatos
1036 2215 1228 2255 sedentes
1252 2215 1383 2266 vides,
1406 2218 1447 2246 30
1462 2226 1502 2255 te
1533 2213 1670 2255 aedili-

234 2266 344 2306 ciam
385 2276 640 2321 praetextam
676 2279 836 2325 togam,
876 2285 1004 2326 quam
1037 2271 1195 2313 frustra
1228 2271 1489 2322 confeceras,
1522 2271 1670 2312 vendi-

234 2323 360 2375 disse,
384 2325 557 2364 tertium
587 2326 668 2366 scis
699 2340 751 2367 cx
786 2327 856 2368 illo
878 2328 1052 2369 obsesso
1085 2338 1213 2385 atquc
1248 2328 1410 2370 afflicto
1448 2329 1669 2371 tribunatu

232 2478 267 2502 tu
284 2473 369 2504 clarc
385 2475 473 2506 solus
491 2477 636 2516 improbe
653 2479 771 2516 fecisti,
786 2489 823 2510 cri
838 2489 927 2510 com-
1011 2483 1053 2514 29
1073 2490 1148 2521 quos
1166 2482 1316 2521 privatos
1337 2491 1402 2513 esse
1423 2481 1501 2522 dicu]
1525 2481 1668 2523 Nempe,

232 2516 439 2564 memorabo:
464 2519 558 2557 quale
588 2526 637 2550 est
666 2521 752 2561 quod
780 2523 926 2561 proxime
969 2527 1008 2552 ut
1034 2523 1182 2561 legitime
1211 2524 1249 2554 de
1279 2524 1360 2554 caelo
1391 2533 1458 2554 non
1486 2529 1667 2562 servarent,

234 2563 391 2596 sequitur.
503 2598 507 2603 ι
973 2575 1033 2596 nec
1055 2577 1094 2596 ea
1117 2576 1150 2596 rc
1173 2566 1233 2596 sibi
1255 2567 1491 2607 impedimento
1505 2575 1573 2597 esse
1597 2576 1670 2607 pos-

276 2604 315 2633 27
338 2601 521 2632 εενινανὶεηε
542 2604 575 2633 in
589 2613 623 2633 eo
627 2604 734 2644 fidem*
746 2605 776 2644 ?]
803 2606 931 2637 Festiva.
972 2613 1057 2638 sent.

234 2642 338 2673 ironia
353 2649 415 2679 est,
432 2653 502 2683 pm,
518 2650 615 2684 atque
639 2646 685 2676 ita
700 2648 798 2677 etiam
813 2648 929 2678 fecisti.
1015 2653 1056 2680 30
1080 2654 1111 2680 te
1133 2650 1305 2681 oediliciam
1327 2660 1383 2690 pr.
1408 2649 1668 2690 t.-2›endidisse]

275 2686 316 2715 528
343 2695 365 2714 (ι
393 2687 535 2726 consule]
568 2688 631 2718 Ms.
654 2689 720 2719 Erf.
749 2699 771 2719 a
793 2692 930 2721 consuli·
973 2691 1067 2722 Nihil
1084 2698 1146 2729 est,
1164 2692 1250 2722 unde
1274 2693 1413 2731 pendeat
1430 2698 1461 2724 te
1482 2693 1670 2723 vendidisse.

234 2725 308 2755 bus.-
332 2727 420 2765 quod
449 2728 598 2768 placebat
627 2731 772 2761 Grau-50⁸:
808 2733 929 2770 nescit),
974 2734 1082 2764 Sensit
1105 2735 1140 2764 P.
1157 2734 1343 2771 Manutius,
1366 2735 1587 2774 intelligitque
1601 2735 1673 2765 scis.

233 2777 345 2805 quare.
368 2778 444 2799 nam
468 2770 553 2801 alter
567 2773 680 2802 consul
703 2774 839 2804 Bibulus
862 2784 929 2804 non
973 2775 1036 2806 Sed
1059 2777 1091 2807 id
1112 2776 1205 2807 valde
1228 2776 1360 2806 durum.
1404 2778 1489 2808 Puto
1505 2776 1672 2816 corrigen-

233 2809 297 2839 hnc
324 2811 479 2850 pertinet,
509 2823 567 2843 nec
594 2814 737 2855 aliquam
763 2826 840 2848 curn
866 2817 930 2848 Va·
973 2818 1070 2848 dum:
1095 2819 1358 2849 tta—vendidisti.
1382 2819 1559 2852 Redundat
1570 2819 1673 2850 etiam

232 2852 317 2882 tinio
333 2855 600 2894 conjunctionem
616 2857 741 2888 habuit.
973 2859 1007 2891 h.
1021 2860 1044 2892 1.
1062 2871 1128 2891 non
1146 2861 1230 2892 belle
1245 2865 1366 2900 tog-am.
