1785 3185
464 138 581 176 PRO
607 138 651 175 T.
679 137 874 174 ANNIO
901 137 1150 174 MILONE.
1424 143 1521 177 1185

90 238 224 280 laetari
256 247 435 292 ceteioS,
456 241 603 297 lugere
632 255 729 282 eum
761 239 912 290 solum,
936 248 1110 295 piopter
1130 254 1257 295 quem
1281 243 1410 284 ceteri
1442 243 1518 286 lae-

87 300 306 339 tarentur?
338 298 613 353 Quamquam
644 298 727 338 hoc
757 297 901 337 animo
932 310 1098 351 semper
1121 296 1278 338 fuimus
1300 314 1448 341 omnes
1471 301 1576 347 inse

88 354 237 408 patria:
269 355 560 409 proditoribus
595 354 904 410 opprimendis,
934 363 997 402 ut,
1028 353 1232 407 quoniam
1271 367 1414 397 nostra
1449 357 1515 398 fu-

86 420 182 451 tura
212 422 323 452 esset
355 411 774 468 glori·1‚pe1iculu1n
808 425 980 466 quoque
1011 420 1055 450 et
1086 409 1292 451 invidiam
1327 424 1516 456 nostram

84 479 345 521 putaremus
371 484 466 510 nam
489 485 584 524 quae
617 469 722 509 mihi
747 469 825 524 ipsi
854 470 889 498 13
907 467 1132 508 tribuenda
1152 466 1242 507 laus
1268 481 1393 520 esset,
1416 486 1515 512 cum

83 533 250 566 tantum
275 525 316 566 in
349 527 571 567 consulatu
604 541 699 566 meo
733 540 808 581 pro
834 525 954 565 vobis
977 538 1026 564 ac
1048 524 1191 565 liberis
1214 526 1365 565 vestris
1387 542 1514 568 ausus

81 594 234 632 essem,
269 583 301 623 si
337 583 393 633 id,
424 585 538 639 quod
571 584 771 632 conabam,
805 583 895 623 sinc
930 581 1129 622 maximis
1161 581 1512 625 dimicationibus

82 639 188 679 meis
215 654 283 680 me
313 655 404 681 esse
434 656 634 681 ·ιυ5υι·ιιιῐι
665 641 919 681 arbitrar·?e1
950 653 1046 693 quae
1080 638 1230 679 mulier
1261 639 1400 680 sceler·
1394 651 1510 683 ·1tu1n

81 709 132 736 ac
164 698 449 760 perniciosum
483 699 521 739 ci
527 713 619 738 vcm
653 697 847 738 occidere
878 710 962 737 non
995 696 1184 746 ··,1ude1et
1208 696 1240 736 si
1273 697 1509 761 periculum

81 765 168 793 non
203 754 398 796 timeret?
432 755 659 810 Proposita
693 754 868 804 invidia,
905 762 1055 804 morte,
1091 768 1236 808 poena,
1266 754 1338 809 qui
1374 755 1509 796 nihilo

80 810 252 864 segnius
284 812 592 868 rempublicam
624 811 830 859 defendit,
863 811 947 850 l-lis
973 810 1034 850 vir
1056 824 1152 850 vere
1182 811 1396 866 putandus
1428 824 1506 853 est.

80 865 285 930 Populit>
261 869 369 908 “rati
391 878 468 918 est,
492 869 678 925 praemiis
702 868 870 908 afficere
893 868 1000 907 bene
1024 867 1195 907 meritos
1214 868 1266 908 de
1288 869 1508 924 republica

79 926 331 966 cives:vi1i
367 926 504 976 fortis,
538 940 590 966 ne
624 925 845 981 suppliciis
880 924 1053 979 quidem
1090 925 1267 976 moveii,
1303 938 1349 966 ut
1380 926 1504 968 forti-

77 991 141 1020 ter
171 981 321 1023 secisse
351 984 577 1038 poenite-it.
639 983 931 1028 Quamobrem
957 990 1145 1022 uteretur
1164 982 1310 1023 eadem
1334 984 1561 1025 confes-83

73 1037 193 1079 sione
231 1037 281 1079 T.
310 1038 492 1090 Annius,
530 1055 614 1095 qua
644 1039 797 1089 Ahala,
830 1054 915 1094 qui
953 1038 1126 1088 Nasica,
1162 1054 1246 1094 qua
1284 1039 1501 1095 Opimius,

70 1108 157 1148 qua
180 1094 362 1147 Marius,
384 1112 468 1152 qua
495 1107 662 1138 nosmet
692 1097 803 1152 ipsi:
835 1106 892 1147 et,
915 1096 947 1135 si
972 1107 1093 1151 grata
1115 1096 1356 1151 respublica
1376 1109 1501 1150 esset,

71 1150 312 1194 laetaretur:
346 1154 378 1194 si
412 1154 593 1210 ingrata,
617 1166 774 1205 tamen,
799 1154 841 1194 in
873 1155 993 1209 olavi
1024 1152 1212 1204 fortuna,
1239 1155 1504 1197 conscientia

71 1223 147 1250 sua
171 1210 442 1252 ¹5n1teretui

129 1266 212 1308 Sed
254 1267 380 1323 hujus
425 1269 623 1310 beneficii
669 1268 866 1324 gratiam,
909 1267 1095 1322 judices,
1137 1267 1310 1309 fortuna
1353 1270 1498 1326 populi

69 1321 272 1376 Romani,
294 1335 339 1366 et
361 1336 499 1367 vestra
520 1326 717 1376 felicitas,
739 1334 783 1366 et
818 1325 854 1355 16
867 1325 926 1365 dii
958 1325 1218 1365 imn101tales
1249 1326 1330 1366 sibi
1353 1327 1498 1368 deberi

68 1389 236 1435 putant.
261 1397 338 1423 nec
361 1397 460 1424 vero
483 1383 707 1438 quisquam
729 1382 850 1423 aliter
872 1383 1067 1423 arbitrali
1091 1393 1248 1437 potest,
1272 1383 1351 1423 nisi
1378 1387 1414 1417 17
1424 1387 1497 1439 qui

67 1437 227 1480 nullam
250 1440 336 1480 vim
359 1454 449 1481 esse
470 1441 604 1492 ducit,
627 1454 840 1481 numenve
862 1439 1078 1480 divinum:
1108 1454 1233 1494 quem
1258 1455 1396 1495 neque
1418 1442 1498 1482 im-

64 1496 173 1550 perii
197 1497 323 1538 vestri
355 1498 625 1554 magnitudo,
646 1511 784 1552 neque
815 1496 878 1537 sol
908 1496 992 1547 ille,
1014 1510 1093 1537 nec
1122 1496 1223 1537 coeli
1256 1512 1498 1553 Signmum-

63 1565 147 1607 que
167 1564 324 1605 motUS,
348 1569 426 1595 nec
449 1555 762 1596 vicissitudines
783 1568 923 1595 rerum
945 1566 1073 1608 atque
1104 1554 1273 1594 ordines
1304 1567 1496 1608 movent,
1504 1572 1509 1577 ·

63 1622 217 1664 neque,
256 1612 298 1652 id
333 1612 449 1667 quod
490 1611 728 1653 maximum
769 1621 847 1661 est,
884 1610 1098 1675 majorum
1140 1622 1385 1653 nost1··01um
1429 1628 1495 1654 sa-

60 1665 254 1721 pientia:
286 1670 358 1723 qui
393 1684 525 1721 sacra,
561 1669 635 1724 qui
674 1669 958 1719 caerimonias,
994 1668 1067 1723 qui
1101 1668 1293 1724 auspicia
1327 1680 1370 1710 et
1409 1670 1490 1726 ipsi

59 1724 327 1766 sanctissime
356 1726 594 1777 coluerunt,
624 1736 667 1766 et
695 1725 836 1775 nobis,
859 1725 944 1765 suis
976 1726 1172 1781 posteris,
1194 1726 1488 1781 prodiderunt.

61 1778 154 1831 Est,
174 1791 240 1823 est
261 1783 456 1838 profecto
479 1783 550 1824 illa
571 1783 660 1825 vis:
696 1786 731 1814 18
746 1797 884 1837 neque
906 1783 948 1823 in
982 1783 1046 1823 bis
1068 1783 1336 1839 corpoiibus,
1359 1781 1566 1840 atque31

58 1836 103 1878 in
134 1837 215 1880 hac
244 1840 539 1882 imbecillitate
568 1850 728 1892 nostra,
751 1841 862 1881 inest
882 1840 1101 1894 quiddam,
1123 1840 1238 1895 quod
1270 1841 1413 1894 vigeat
1442 1852 1547 1888 et84

60 1895 230 1946 sentiat,
261 1906 304 1938 et
336 1912 422 1938 non
455 1899 567 1938 inest
597 1897 641 1938 in
673 1897 757 1939 hoc
789 1906 910 1938 tanto
950 1907 1114 1938 naturae
1154 1907 1243 1937 tam
1280 1898 1528 1953 praeclarOP·
1548 1905 1618 1935 118.

55 1961 193 1993 motu.
214 1953 295 1994 nisi
319 1953 429 1996 forte
450 1955 612 1996 idcirco
634 1969 724 1996 esse
752 1969 839 1995 non
872 1964 1039 2010 putant,
1061 1954 1163 2010 quia
1182 1969 1270 1995 non
1292 1967 1484 2011 apparet,
1496 1954 1525 1975 a·

101 2070 134 2098 13
157 2067 330 2098 tribuenda
345 2070 418 2100 laus
430 2069 522 2109 esset]
550 2069 641 2099 Haesi
660 2079 744 2099 sem·
788 2072 867 2104 tem,
897 2067 982 2107 quod
1016 2067 1168 2098 nonnulli
1203 2068 1278 2098 libri
1304 2070 1416 2110 scripti
1448 2062 1517 2102 ep..

52 2119 110 2150 per
125 2110 159 2139 in
175 2115 257 2141 esset
268 2124 277 2142 .-
302 2120 379 2141 nam
397 2121 463 2141 non
479 2116 529 2141 est
544 2111 582 2141 de
597 2116 745 2152 tempore
788 2111 860 2141 edd.
885 2111 1033 2149 quaedam
1063 2121 1082 2149 1
1085 2110 1177 2140 rimae
1201 2110 1337 2147 habent,
1368 2118 1482 2153 captus

51 2153 218 2192 praesenti.
236 2158 293 2183 aut
309 2158 381 2184 erat
399 2158 456 2184 aut
466 2153 590 2193 sitisset
605 2154 747 2183 scriben-
788 2152 902 2183 observ
904 2153 1014 2183 atione
1043 2152 1153 2191 aliqua
1177 2162 1236 2182 sua
1257 2152 1296 2183 de
1324 2154 1385 2183 hoc
1411 2165 1483 2186 ver-

51 2194 130 2224 dum
157 2195 303 2225 videtur:
327 2196 382 2226 sed
407 2196 470 2226 hoe
496 2196 600 2236 magis
624 2195 744 2235 placet,
789 2195 841 2224 bo.
866 2204 931 2224 non
952 2194 1046 2225 bene.
1071 2203 1161 2231 nam,
1186 2201 1226 2224 ut
1248 2195 1312 2225 alia
1335 2197 1482 2234 mittam,

50 2241 184 2277 propter
198 2247 334 2276 sequens
348 2238 551 2268 arbitrarer:
567 2237 649 2268 illud
662 2247 744 2278 prae-
786 2236 863 2267 huic
878 2247 889 2266 ¹1
893 2237 946 2266 im
969 2235 1144 2277 respondet
1166 2246 1255 2274 mox,
1271 2241 1319 2268 est
1333 2238 1482 2279 prqfecto

49 2278 181 2315 ferrem,
196 2280 222 2309 si
237 2284 322 2310 esset
336 2281 536 2310 arbitrabar.
785 2280 846 2309 illa
861 2280 918 2309 vis.

95 2323 132 2351 14
157 2323 185 2351 is
212 2323 265 2352 vir
288 2332 363 2352 vere
380 2323 554 2362 putandus
580 2321 639 2360 est]
670 2331 745 2352 vere
832 2324 868 2351 18
895 2330 996 2360 neque
1023 2320 1058 2350 in
1087 2321 1137 2350 his
1162 2321 1482 2360 corporibus—inest

53 2363 197 2402 pertinet
218 2364 259 2395 ad
282 2365 347 2402 vir,
377 2374 444 2394 non
472 2364 512 2394 ad
534 2369 610 2404 put.
634 2364 744 2403 itaque
787 2363 861 2402 &‹:.]
889 2364 929 2394 ln
951 2363 1046 2401 hujus
1067 2362 1132 2392 loci
1153 2372 1263 2399 sensu,
1279 2371 1414 2404 propter
1428 2376 1480 2396 ar·

49 2404 163 2436 malim
182 2415 254 2436 vere
268 2407 330 2436 vir.
783 2405 923 2435 tificium
960 2405 1130 2441 orationis,
1161 2404 1283 2435 haesere
1317 2407 1479 2447 interpre-

95 2449 132 2478 15
158 2448 332 2488 niteretur]
362 2448 580 2479 Referendum
609 2448 649 2479 ad
678 2447 740 2478 ini·
782 2453 844 2483 tes,
870 2453 905 2477 et
931 2453 1104 2487 propterea
1127 2448 1344 2478 correctiones
1367 2453 1477 2481 tenta-

48 2489 134 2519 tium
147 2488 244 2529 hujus
256 2489 336 2520 loci:
361 2492 388 2521 si
408 2491 491 2521 Milo
515 2491 665 2521 Clodium
682 2500 740 2530 per
783 2494 870 2519 runt.
914 2489 1061 2519 Graevius
1073 2489 1290 2526 conjiciebat:
1315 2500 1378 2520 mm
1395 2492 1477 2521 inest

48 2530 180 2561 insidias
193 2536 227 2562 et
242 2537 357 2563 contra
371 2533 696 2572 legesinterfecisset.
781 2532 948 2571 quiddam.
980 2531 1076 2561 male.
1119 2532 1240 2566 Sensus
1272 2537 1340 2561 est:
1371 2542 1476 2572 noque

95 2573 132 2602 16
153 2573 224 2602 dii·
213 2583 304 2604 zmm.
319 2576 377 2605 sibi
399 2576 505 2605 deberi
521 2575 659 2614 putant]
686 2575 737 2604 De
779 2574 856 2610 dici,
880 2574 943 2604 nisi
969 2573 1107 2603 absurde
1136 2578 1261 2612 potest,
1291 2574 1324 2603 in
1355 2575 1476 2604 nostris

48 2613 109 2643 diis
130 2614 192 2644 hoc
214 2615 324 2654 paullo
339 2617 450 2647 durius
472 2621 588 2647 sonat:
612 2617 669 2647 sed
690 2615 738 2646 nil
779 2616 968 2655 corporibus
982 2625 1050 2645 esse
1065 2621 1209 2645 mentem
1228 2614 1384 2653 aliquam,
1399 2615 1475 2655 quia

47 2655 156 2686 differt
178 2657 394 2689 avindieant:
419 2664 468 2689 est
489 2665 601 2690 autem
624 2669 739 2690 nume-
779 2662 851 2687 tam
873 2663 948 2698 apte
972 2662 1160 2694 moventur,
1186 2662 1220 2686 et
1247 2661 1360 2687 tamen
1389 2657 1474 2688 nibil

49 2697 165 2729 rosius.
761 2727 763 2729 .
779 2700 847 2729 tale
861 2709 929 2730 esse
945 2701 980 2730 in
1003 2699 1126 2730 mundo
1148 2699 1312 2734 universo,
1330 2708 1405 2728 cum
1427 2700 1472 2730 sit

92 2741 127 2772 17
150 2740 206 2779 qui
219 2741 347 2771 nullam
361 2743 427 2772 vim
451 2754 514 2774 esse
535 2743 639 2783 ducit]
664 2743 735 2773 Pri-
776 2742 885 2772 multo
913 2743 1019 2781 major
1046 2745 1081 2771 et
1112 2740 1323 2781 praestantior
1351 2748 1473 2774 natura

46 2790 138 2811 mum
151 2781 206 2812 hic
221 2784 375 2814 coelestem
389 2784 471 2816 bene
493 2785 614 2816 delevit
635 2785 736 2815 Lam·
777 2784 906 2821 mundi,
920 2788 956 2814 et
977 2782 1083 2813 multo
1105 2783 1245 2822 majores
1262 2786 1297 2812 et
1311 2788 1471 2822 praestan-

44 2822 153 2860 binus,
175 2824 262 2862 quod
283 2830 354 2856 erat
378 2826 412 2856 in
440 2826 512 2857 edd.
533 2826 734 2867 vulgaribus.
776 2825 876 2856 tiores
890 2830 1000 2856 motus
1012 2824 1144 2855 habeat.
1182 2824 1241 2854 Est
1258 2830 1474 2867 argumenta„

43 2874 103 2904 pro
130 2865 197 2896 vim
225 2865 371 2898 Graevius
403 2869 547 2910 reposuit
581 2868 735 2910 ‚najesta-
777 2867 993 2900 *ioaminori
1009 2865 1049 2898 ad
1063 2867 1181 2906 majus.

689 2915 818 2954 4n3
