1812 3147
317 85 392 124 876
901 83 1149 123 ORATIO

315 193 454 237 cente,
476 186 608 227 altero
631 195 814 243 praetore
837 196 1023 243 petente,
1054 199 1175 230 tuum
1199 188 1347 239 scelus,
1367 203 1506 229 meum
1534 190 1735 244 probrum

253 245 303 278 88
319 252 440 297 putas
463 258 552 284 esse
570 247 795 299 oportere?
825 245 905 296 Ac,
936 246 969 286 si
994 260 1062 287 me
1084 246 1266 302 populus
1291 246 1511 286 Romanus
1534 247 1738 287 incitatus

316 300 549 351 iracundia,
569 310 642 341 aut
669 301 842 351 invidia,
861 316 883 342 e
913 303 1088 344 civitate
1121 303 1330 358 ejecisset,
1355 303 1551 357 idemque
1588 314 1736 358 postea

315 370 411 397 mea
432 357 475 397 in
496 358 802 413 rempublicam
822 359 1030 400 beneficia
1060 360 1319 410 recordatus,
1339 375 1382 400 se
1395 360 1650 415 collegisset,
1675 369 1737 400 te-

314 414 551 455 meritatem
562 426 631 469 atq
640 430 689 455 ue
704 415 760 468 inj
769 416 901 455 uriam
921 431 1040 456 suain
1053 417 1324 458 restitutione
1338 431 1430 457 mea
1445 417 1736 472 reprehendis-

312 479 398 512 set:
433 480 573 511 tamen
595 472 789 527 profecto
812 486 938 513 nemo
954 482 1040 514 tam
1064 482 1174 514 esset
1192 488 1352 523 amens,
1367 474 1438 528 qui
1460 473 1563 513 mihi
1587 474 1734 529 populi

311 527 393 568 tale
418 528 633 583 judicium
658 543 745 569 non
775 529 977 584 dignitati
1007 530 1166 584 potius,
1188 544 1315 585 quam
1346 531 1541 571 dedecori
1569 540 1737 585 putaret
1779 538 1783 545 ’

307 598 399 625 esse
422 595 632 640 oportere.
652 600 765 626 nunc
788 600 902 636 vere,
921 601 1019 626 cum
1043 601 1110 626 me
1134 586 1404 641 injudicium
1440 587 1584 642 populi
1609 602 1736 628 nemo

308 642 503 682 omnium
533 642 718 683 vocarit:
751 643 1026 683 condemnari
1048 658 1134 683 non
1165 644 1393 699 potuerim,
1416 644 1486 698 qui
1512 653 1735 684 accusatus

309 713 396 739 non
420 699 523 740 sim:
556 699 738 754 denique
773 713 823 739 ne
851 699 1053 755 expulsus
1077 700 1249 755 quidem
1283 700 1343 741 ita
1365 701 1458 751 sim,
1482 711 1543 751 ut,
1567 701 1598 740 si
1631 715 1734 742 eon-

312 755 543 805 tenderem,
567 770 763 811 superare
797 771 884 797 non
915 771 1108 812 possem:
1141 768 1376 813 contraque
1407 772 1431 797 a
1463 757 1621 813 populo
1647 757 1736 798 Ro-

311 826 439 853 mano
463 827 628 868 semper
647 813 725 853 sim
748 812 961 864 defensus,
983 813 1284 870 amplificatus,
1303 824 1498 856 ornatus:
1531 814 1633 869 quid
1655 824 1734 866 est,

311 884 441 924 quare
459 870 684 925 quisquam
706 870 812 910 mihi
840 885 882 911 se
905 873 939 903 57
959 871 1048 926 ipsa
1069 872 1261 927 populari
1295 872 1460 912 ratione
1477 875 1736 926 anteponat?

250 930 299 964 89
312 926 382 966 An
406 936 449 967 tu
475 927 678 982 populum
702 927 947 967 Romanum
966 942 1055 968 esse
1086 928 1201 968 illum
1227 938 1364 984 putam,
1388 929 1459 983 qui
1491 938 1660 969 constat
1679 943 1734 969 ex

312 983 378 1034 iis,
414 983 722 1039 qui‘mercede
764 984 1094 1028 conducuntur?
1131 986 1202 1040 qui
1238 986 1526 1041 impelluntur,
1563 995 1609 1026 ut
1650 986 1737 1026 vim

312 1039 493 1081 afferant
512 1041 862 1096 magistratibus?
894 1050 941 1081 ut
960 1042 1181 1083 obsideant
1207 1046 1427 1084 senatum?
1460 1053 1610 1097 optent
1629 1058 1736 1096 quo-

312 1098 417 1138 tidie
449 1098 625 1149 caedem,
662 1098 871 1147 incendia,
906 1099 1101 1153 rapinas?
1132 1115 1256 1154 quem
1284 1111 1326 1140 tu
1349 1110 1488 1140 tamen
1514 1100 1734 1155 populum,

311 1154 392 1194 nisi
418 1155 606 1195 tabernis
637 1154 805 1205 clausis,
829 1155 1098 1210 frequentare
1132 1172 1217 1197 non
1250 1167 1441 1212 poteras:
1475 1158 1542 1197 cui
1578 1157 1734 1212 populo

309 1210 438 1252 duces
472 1212 707 1262 Lentidios,
748 1212 920 1262 Lollios,
965 1213 1221 1268 Plaguleios‚
1257 1215 1429 1269 Sergios
1468 1214 1733 1269 praefeceras.

312 1267 352 1308 Ο
367 1269 552 1324 speeiem
575 1269 916 1325 dignitatemque
933 1271 1080 1325 populi
1101 1270 1302 1321 Romani,
1316 1286 1440 1326 quam
1458 1286 1592 1326 reges,
1606 1286 1735 1326 quam

311 1326 506 1366 nationes
523 1336 698 1376 exterae‚
721 1341 849 1381 quam
871 1330 909 1359 58
923 1336 1072 1383 gentes
1103 1327 1264 1368 ultimae
1292 1329 1606 1383 pertimescant,
1627 1328 1736 1368 mul-

314 1383 541 1423 titudinem
564 1383 787 1424 hominum
810 1398 863 1424 ex
883 1385 1029 1435 servis,
1051 1399 1105 1425 ex
1129 1386 1368 1436 conductis,
1390 1400 1443 1425 ex
1469 1384 1735 1435 facinorosis,

249 1441 367 1480 90ex
399 1440 625 1496 egentibus
658 1442 991 1496 congregatam!
1038 1441 1116 1484 Illa
1155 1441 1237 1482 fuit
1271 1442 1543 1498 pulchritudo
1586 1442 1735 1498 populi

311 1496 513 1548 Romani,
536 1497 606 1538 illa
628 1496 779 1548 forma,
798 1513 925 1553 quam
950 1498 992 1538 in
1015 1513 1168 1554 campo
1192 1500 1332 1540 vidisti
1358 1509 1463 1550 tum,
1485 1514 1583 1540 cum
1606 1500 1735 1540 etiam

309 1554 403 1604 tibi,
433 1565 584 1596 eontra
611 1565 780 1595 senatus
812 1555 1027 1611 totiusque
1066 1555 1203 1597 Italiae
1235 1557 1535 1598 auctoritatem
1569 1565 1611 1597 et
1647 1566 1735 1597 stu-

308 1611 442 1661 dium,
465 1611 634 1653 dicendi
667 1621 855 1667 potestas
875 1612 971 1653 fuit.
1032 1612 1123 1663 Ille,
1144 1613 1212 1654 ille
1238 1613 1419 1670 populus
1451 1623 1515 1655 est
1536 1614 1735 1654 dominus

311 1683 475 1724 regum,
499 1669 638 1710 victor
659 1679 787 1724 atque
810 1670 1043 1725 imperator
1061 1670 1252 1711 omnium
1286 1671 1495 1726 gentium,
1518 1685 1644 1726 quem
1665 1670 1736 1711 illo

307 1725 544 1767 clarissimo
574 1726 657 1777 die,
677 1726 892 1777 scelerate,
916 1727 1058 1768 vidisti
1091 1738 1196 1779 tum,
1215 1743 1312 1769 cum
1343 1742 1488 1769 omnes
1520 1728 1735 1784 principes

309 1783 513 1833 civitatis,
542 1798 690 1824 omnes
716 1784 914 1825 ordinum
937 1787 1114 1840 59atque
1147 1795 1324 1826 aetatum
1355 1786 1563 1837 omnium,
1587 1784 1737 1826 suffra·

309 1840 427 1893 glum
452 1855 509 1891 se,
533 1855 618 1882 non
649 1840 701 1881 de
730 1841 850 1892 civis,
884 1841 956 1881 sed
985 1842 1036 1882 de
1062 1842 1250 1883 civitatis
1284 1842 1417 1883 salute
1450 1842 1557 1883 ferre
1590 1856 1736 1883 cense-

312 1897 435 1938 bant:
468 1913 566 1938 cum
588 1898 772 1953 denique
790 1898 984 1939 homines
1017 1899 1059 1939 in
1090 1914 1304 1955 campum,
1326 1914 1411 1940 non
1435 1900 1635 1950 tabernis,
1663 1899 1736 1942 sed

227 1961 299 2008 34,
311 1955 556 2010 municipiis
578 1955 746 2006 clausis,
768 1965 989 1996 venerunt.
1051 1956 1150 1997 Hoc
1172 1971 1253 2012 ego
1277 1957 1451 2013 populo,
1467 1957 1500 1997 si
1520 1966 1610 1997 tum
1633 1971 1737 1997 con·

249 2034 294 2067 91
312 2011 420 2052 sules
444 2022 517 2052 aut
549 2011 730 2053 fuissent
760 2013 804 2053 in
838 2013 1070 2068 republica,
1099 2023 1174 2053 aut
1203 2014 1379 2054 omnino
1414 2029 1499 2055 non
1540 2013 1736 2066 fuissent,

268 2069 426 2111 anullo
450 2069 608 2119 labore,
632 2079 706 2110 tuo
739 2070 951 2126 praecipiti
971 2070 1100 2111 furori
1124 2080 1252 2126 atque
1284 2071 1416 2127 impio
1449 2070 1593 2112 sceleri
1616 2071 1738 2111 resti-

311 2126 471 2166 tissem.
534 2127 616 2168 Sed
640 2127 857 2182 publicam
887 2142 1057 2168 causam
1080 2138 1230 2168 contra
1252 2128 1338 2168 vim
1367 2138 1573 2169 armatam
1592 2127 1632 2158 ⁶⁰
1646 2128 1736 2169 sine

308 2183 455 2237 populi
480 2185 681 2238 praesidio
696 2185 910 2240 suscipere
930 2184 1071 2226 nolui:
1106 2200 1190 2226 non
1205 2199 1290 2240 quo
1308 2185 1413 2226 mihi
1440 2185 1488 2226 P.
1504 2185 1736 2241 Scipionis,

307 2239 529 2281 fortissimi
564 2242 657 2292 viri,
676 2242 712 2272 61
728 2241 790 2282 vis
827 2242 993 2294 intima,
1032 2243 1188 2298 privati
1228 2242 1429 2294 hominis,
1465 2242 1735 2299 displiceret:

179 412 212 443 p.
228 403 302 433 931.

268 453 299 473 a.

1798 2338 1802 2348 .

345 2355 384 2388 57
407 2355 476 2394 ipsa
486 2354 712 2395 popa-atione]
737 2354 927 2385 Addendum
951 2359 999 2386 est
1043 2356 1184 2386 arbitror
1206 2357 1357 2387 homines.
1390 2366 1449 2386 nce
1470 2358 1558 2387 enim
1576 2356 1740 2395 principes
1799 2353 1803 2357 ’

302 2398 349 2431 in,
359 2397 443 2435 quod
454 2397 559 2436 prima
573 2397 606 2427 in
617 2398 686 2437 ipsa
700 2397 870 2437 absorpsit:
889 2408 1001 2438 quam-
1043 2397 1095 2428 hic
1111 2398 1250 2437 intelligi
1261 2404 1415 2437 possunt:
1433 2400 1573 2429 hanzines
1584 2404 1616 2428 et
1629 2397 1739 2437 paullo

301 2449 399 2476 <piam
413 2444 446 2468 et
461 2440 530 2479 ipsa
542 2439 576 2469 h.
587 2439 608 2470 l.
630 2439 709 2470 mihi
723 2446 909 2480 suspectum
937 2445 997 2471 est.
1042 2445 1115 2479 post
1130 2441 1162 2470 in
1178 2441 1237 2470 hac
1254 2451 1286 2470 re
1302 2447 1612 2471 commemorantur.
1637 2440 1739 2470 Item-

302 2481 406 2520 Supra
431 2481 556 2511 dixerat
578 2482 612 2511 in
626 2483 749 2521 optima
773 2484 912 2519 ratione,
928 2492 999 2521 quae
1045 2493 1107 2521 que
1122 2493 1196 2512 mox
1210 2492 1268 2522 pro
1284 2487 1441 2512 venerunt
1459 2482 1663 2513 scribendum
1686 2492 1739 2511 ve·
1798 2494 1802 2506 ι

301 2527 350 2552 est
365 2523 595 2562 optimatium:
627 2523 697 2553 haec
713 2529 762 2554 est
781 2525 999 2564 popularium.
1044 2529 1182 2554 ner-(me.-
1215 2525 1387 2564 respondet
1415 2527 1455 2565 τῷ
1477 2526 1657 2560 censebant,
1680 2533 1739 2564 pro
1798 2527 1801 2540 ·

344 2567 382 2595 58
404 2575 439 2603 g.
454 2566 740 2606 u.pertin1escant]
755 2566 806 2596 Sic
823 2567 1000 2607 rescripsis-
1043 2577 1107 2605 quo
1122 2567 1254 2597 dixisset
1268 2573 1473 2606 censuerunt,
1486 2568 1511 2598 si
1535 2567 1666 2597 dixisset
1687 2576 1725 2596 ve

300 2615 369 2636 sem
398 2617 455 2646 pro
475 2610 722 2648 pertimescunt,
745 2609 844 2638 etiam
869 2611 936 2639 sine
962 2609 999 2638 li-
1042 2614 1173 2639 nerunt.

301 2649 379 2679 bris.
425 2649 469 2679 At
492 2650 536 2680 sic
556 2650 679 2680 habent
703 2651 782 2680 Mss.
808 2651 925 2681 Dresd.
943 2651 994 2682 Fr.
1084 2653 1124 2682 60
1147 2652 1336 2691 sinepopuli
1350 2651 1513 2691 prasidio]
1530 2652 1614 2682 Cum
1637 2660 1724 2690 popu

300 2690 409 2721 Guels.
426 2691 499 2723 edd.
524 2692 576 2722 W.
597 2692 694 2723 dunt.
720 2693 803 2723 Item
827 2704 901 2723 mox
923 2703 998 2723 cum
1043 2693 1091 2723 lus
1116 2694 1265 2734 praesidio
1282 2695 1348 2733 ipse
1372 2700 1508 2729 careret,
1531 2698 1565 2723 et
1579 2693 1737 2723 obnoxius

300 2733 429 2763 Graevio
455 2745 494 2764 ex
516 2735 628 2771 servis,
656 2745 696 2764 ex
726 2737 888 2766 conductis
912 2735 997 2772 dedi,
1041 2744 1125 2766 esset
1149 2736 1217 2765 istis
1241 2737 1375 2766 armatis
1393 2735 1571 2772 Clodianis,
1595 2734 1737 2774 adeoque

299 2775 386 2814 quod
401 2781 434 2806 et
451 2776 514 2806 Ms.
531 2777 594 2806 Gu.
610 2776 659 2807 ed.
675 2778 770 2808 Junt.
788 2778 921 2808 habent.
1043 2779 1122 2809 mihi
1137 2788 1232 2817 opem
1249 2779 1330 2808 ferro
1347 2787 1413 2807 non
1428 2783 1546 2818 posset.

341 2820 381 2852 59
397 2823 493 2858 atquc
506 2823 639 2850 <etatum
655 2820 815 2861 omnium]
833 2820 998 2854 Excidisse
1083 2821 1119 2852 61
1135 2822 1183 2851 vis
1198 2820 1329 2861 intima]
1347 2821 1487 2851 Grutero
1501 2820 1608 2861 placet
1618 2820 1654 2852 P.
1669 2819 1742 2850 Ma-
