1785 3185
400 126 743 168 PHILIPPICA
769 127 1146 166 DUODECIMA.
1390 127 1487 163 1405

63 232 336 275 concedenda
364 247 449 273 una
477 245 574 273 cum
605 230 815 286 monitate
845 230 1031 271 liber.tas
1090 230 1150 270 At
1179 243 1264 269 non
1291 236 1356 269 est
1378 228 1521 269 inte-5

63 304 202 345 grum.
224 290 459 330 constituta
478 287 636 343 legatio
658 295 735 327 est.
776 287 892 333 Quid
915 296 1056 326 autem
1080 286 1292 341 integrum
1315 300 1400 326 non
1422 295 1488 326 est

63 346 260 402 sapienti,
286 345 444 408 ¹2quod
483 321 647 385 restitui
683 345 850 407 potest?
880 342 1068 396 cujusvis
1103 319 1288 382 hominis
1322 351 1387 382 est
1422 355 1488 382 er-

59 416 174 444 ra1·:e
208 402 377 452 nullius,
401 402 478 441 nisi
513 400 767 455 insipientis,
789 415 832 440 in
863 413 1002 440 errore
1035 411 1313 453 perseverare.
1346 407 1487 452 poste-

62 459 191 499 riores
221 459 334 499 enim
366 457 650 513 cogitationes
672 461 739 508 (ut
765 457 903 503 aiunt)
925 455 1201 510 sapientiores
1224 453 1360 494 solent
1381 467 1485 494 esse.

61 514 266 556 Discussa
287 525 351 556 est
373 514 443 555 illa
464 515 618 569 caligo,
640 528 766 568 quam
791 512 931 568 paullo
953 521 1052 552 ante
1075 511 1190 551 dixi:
1215 510 1386 560 diluxit,
1411 524 1484 564 pa-

59 581 133 623 tet,
157 571 346 613 videmus
377 571 536 622 omnia,
559 585 696 625 neque
729 584 800 625 per
824 583 900 609 nos
931 568 1082 618 solum,
1105 568 1175 607 sed
1205 566 1484 606 admonemur

58 642 83 668 a
103 629 273 669 nostris.
333 627 589 668 Attendistis
623 626 772 690 paullo
785 635 898 676 ante,
921 623 1259 680 praestantissimi
1285 623 1362 663 viri
1385 637 1484 677 qua}

55 694 167 725 esset
196 699 257 726 or
258 695 349 725 itio
409 683 635 734 Moestam,
658 683 812 738 inquit,
834 682 1006 723 domum
1037 680 1212 730 offendi,
1234 680 1481 734 conjugem,

54 740 223 782 liberos.
282 741 618 782 Admirabantur
650 740 748 781 boni
781 739 876 789 viri,
905 739 1164 779 accusabant
1193 737 1334 785 amici,
1362 737 1476 791 quod

53 812 127 853 spe
163 798 278 853 pacis
314 797 572 851 legationem
605 797 897 860 suscepissem.
930 809 1008 835 nec
1042 794 1210 844 mirum,
1234 793 1284 833 P.
1308 780 1474 834 Servili.
1487 801 1519 834 b.

52 855 135 895 tuis
158 869 270 895 enim
295 854 521 894 verissimis
552 867 601 908 gr
604 853 897 915 tvissimisque
918 851 1137 892 sententiis
1165 850 1280 890 omni
1304 860 1366 890 est
1389 865 1471 890 non

51 910 149 951 dico
171 911 396 974 dignitate,
419 910 488 950 sed
510 911 640 950 etiam
663 924 735 965 spe
758 908 903 950 salutis
923 908 1129 963 spoliatus
1147 906 1375 947 Antonius
1405 906 1510 947 Ado

51 981 145 1008 eum
171 967 230 1008 ire
253 978 293 1008 te
314 967 517 1022 legatum,
535 967 630 1022 quis
653 981 738 1007 nou
763 969 799 996 ¹3
814 966 1062 1006 miraretur?
1092 964 1144 1005 de
1167 978 1234 1004 me
1254 964 1473 1019 experior:

49 1023 171 1078 cujus
215 1025 326 1065 idem
367 1023 606 1073 consilium,
637 1023 751 1078 quod
796 1031 932 1073 tuum,
975 1021 1126 1071 sentio,
1164 1035 1292 1075 quam
1336 1035 1476 1076 repre-

49 1080 272 1121 hendatur.
298 1095 374 1121 nos
405 1080 752 1142 reprehendimur
783 1079 888 1120 soli?
949 1078 1093 1124 Quid?
1126 1078 1188 1118 vir
1218 1077 1475 1118 fortissimus

51 1136 191 1178 Pansa
221 1138 310 1178 sine
340 1151 468 1178 causa
492 1139 678 1177 l4tamen
710 1139 906 1177 a·ccu1ate
936 1134 1078 1198 paullo
1101 1145 1199 1174 ante
1221 1134 1386 1175 locutus
1409 1145 1474 1174 est

46 1194 237 1236 tamdiu?
259 1194 358 1250 quid
383 1194 486 1249 egit,
509 1193 588 1234 nisi
612 1193 672 1234 uti
698 1193 844 1234 falsam
876 1191 1131 1255 proditionis
1154 1207 1178 1231 a
1199 1205 1242 1230 se
1264 1191 1471 1254 suspicio-

48 1265 145 1291 nem
167 1251 421 1307 depelleret?
455 1250 564 1290 unde
585 1260 724 1291 autem
749 1259 812 1290 est
835 1250 915 1289 ista
937 1248 1150 1311 suspicio?
1181 1261 1234 1287 ex
1258 1262 1374 1303 pacis
1399 1263 1470 1303 pa-

46 1308 228 1348 trocinio
261 1308 496 1364 iepentino,
518 1307 633 1361 quod
663 1307 806 1348 subito
837 1305 1039 1361 suscepit,
1061 1305 1211 1345 eodem
1233 1313 1382 1360 captus
1405 1319 1469 1346 er-

45 1379 153 1415 rore,
175 1379 260 1420 quo
282 1380 374 1406 nos,

102 1422 267 1468 Quodsi
305 1431 368 1462 est
399 1430 600 1471 erratum,
635 1430 773 1476 patres
809 1418 1056 1474 conscripti,
1093 1433 1167 1473 spe
1199 1417 1305 1459 falsa
1339 1427 1512 1474 atque?-

43 1476 209 1520 fallaci:
243 1479 458 1519 redeamus
489 1479 531 1518 in
564 1478 690 1518 viam
719 1477 907 1532 optimus
939 1485 1004 1516 est
1037 1485 1184 1531 portus
1218 1476 1465 1530 poenitenti,

40 1536 221 1576 mutatio
243 1535 425 1577 consilii.
486 1534 603 1587 Quid
626 1535 754 1584 enim,
790 1547 863 1589 per
883 1533 984 1574 deos
1006 1532 1290 1575 immortales!
1323 1537 1510 1588 potest3

41 1591 286 1647 reipublicae
310 1593 509 1648 prodesse
530 1601 675 1632 nostra
696 1591 883 1646 legatio?
915 1589 1112 1653 prodesse
1141 1589 1267 1630 dico?
1296 1590 1399 1644 quid
1429 1591 1464 1631 si

39 1649 167 1689 etiam
191 1649 393 1690 obfutura
413 1651 510 1690 est?
540 1647 774 1689 obfutura?
804 1645 906 1702 quid
936 1646 967 1686 si
994 1661 1087 1700 Jam
1109 1647 1284 1688 nocuit?
1315 1661 1367 1687 an
1391 1662 1467 1687 vos

39 1706 284 1746 acerrimam
319 1706 432 1747 illam
466 1714 510 1745 et
543 1704 816 1745 fortissimam
858 1703 1005 1766 populi
1043 1702 1226 1743 Romani
1259 1703 1468 1744 libertatis

39 1763 338 1818 recuperandae
371 1762 667 1817 cupiditatem,
701 1775 785 1801 non
819 1760 1088 1800 imminutam
1119 1774 1169 1800 ac
1200 1760 1467 1801 debilitatam

38 1820 197 1874 putatis
235 1819 447 1874 legatione
486 1833 604 1874 paels
637 1818 812 1858 audita?
841 1816 943 1871 quid
984 1816 1217 1872 municipia
1253 1818 1467 1859 censetis?

37 1875 141 1929 quid
163 1876 381 1918 colonias?
412 1876 515 1931 quid
545 1885 744 1916 cunctam
770 1873 1184 1914 Italiam?futu1am
1206 1874 1355 1914 eodem
1379 1884 1468 1915 stu-

39 1932 126 1982 dio,
146 1948 232 1988 quo
255 1943 405 1974 contra
427 1946 654 1974 commune
677 1930 920 1972 incendium
943 1933 1181 1972 exarserat?
1203 1945 1257 1971 an
1279 1946 1362 1971 non
1389 1946 1468 1987 pu-

38 1998 176 2030 tamus
195 1990 300 2040 fore,
323 1999 370 2030 ut
393 2004 464 2029 eos
490 1989 701 2044 poeniteat
723 1987 935 2052 professos
957 2001 1062 2037 esse,
1082 1997 1126 2027 et
1147 2001 1234 2043 prae
1258 2002 1301 2027 se
1321 1988 1467 2028 tulisse

35 2045 214 2087 odium
204 2061 245 2087 in
269 2045 524 2110 Antonium,
545 2060 620 2100 qui
651 2044 852 2100 pecunias
884 2043 1063 2099 polliciti
1095 2054 1207 2094 sunt,
1229 2044 1301 2098 qui
1334 2059 1466 2094 arma,

34 2103 107 2157 qui
132 2117 175 2144 se
199 2113 311 2144 totos
333 2113 376 2145 et
397 2102 565 2152 animis,
587 2114 630 2142 et
651 2101 916 2156 corporibus,
939 2101 982 2140 in
1005 2101 1183 2141 salutem
1216 2100 1467 2156 reipublicae

33 2159 333 2201 contulerunt?
366 2158 738 2206 Quemadmodum
760 2167 946 2198 vestium
968 2157 1048 2198 hoc
1067 2156 1292 2198 consilium
1313 2157 1464 2213 Capua

32 2214 248 2272 probabit,
271 2231 367 2272 quae
400 2216 665 2271 temporibus
688 2215 753 2256 his
777 2214 918 2255 Roma
939 2213 1069 2255 altera
1089 2217 1183 2256 est?
1214 2214 1315 2255 illa
1307 2216 1462 2271 impios

31 2273 392 2338 coivesjudicaviss
414 2272 557 2327 ejecit,
579 2271 776 2313 exclusit.
836 2270 921 2320 Illi,
945 2270 1019 2322 illi,
1042 2271 1230 2326 inquam,
1252 2272 1347 2313 urbi
1374 2271 1462 2312 for-

0 2346 1 2350 *
33 2329 196 2372 tissime
227 2330 417 2381 conanti,
450 2343 473 2370 e
506 2329 702 2370 manibus
734 2336 798 2368 est
829 2337 998 2382 ereptus
1021 2327 1250 2370 Antonius.
1311 2328 1498 2376 Quid?3

0 2383 2 2438 l
31 2383 249 2442 legionum
269 2396 508 2428 nostrarum
539 2400 689 2427 nervos
722 2399 864 2427 nonne
895 2384 959 2426 his
989 2385 1176 2428 consiliis
1205 2382 1485 2434 incidimus?

73 2517 110 2546 12
132 2525 162 2554 q·
191 2515 320 2545 restitui
341 2519 446 2555 potest
460 2514 491 2554 ἶ]
524 2514 575 2544 An
599 2514 727 2553 possit?
768 2523 866 2552 quare
888 2518 1054 2544 mutatum
1077 2514 1131 2545 sit.
1174 2513 1234 2545 Est
1255 2514 1397 2545 breviter
1417 2514 1466 2545 di—

25 2557 77 2591 {ta
91 2557 172 2587 mihi
192 2557 328 2588 videtur.
770 2561 861 2585 ctum
875 2566 932 2596 pro
947 2557 1007 2586 etsi
1024 2556 1148 2586 nnllam
1165 2567 1295 2587 eausam
1312 2557 1465 2593 habebat,

71 2602 108 2630 13
132 2598 327 2637 miraretur]
346 2607 406 2628 scr.
423 2599 573 2629 miretur.
769 2603 881 2627 tamen
911 2598 1038 2628 tamdiu
1065 2604 1217 2628 accurate
1246 2598 1326 2628 dixit
1341 2609 1350 2627 a
1375 2599 1466 2635 cujus

73 2644 112 2672 14
132 2639 388 2678 tam—tamdiu]
413 2639 497 2671 Tam
520 2643 674 2670 accurate
695 2643 729 2670 et
748 2672 751 2675 ,
770 2639 896 2678 generis
918 2644 952 2669 et
974 2639 1037 2670 alia
1057 2640 1206 2679 exempla
1219 2645 1309 2670 sunt.
1326 2649 1392 2669 non
1408 2640 1467 2669 du-

28 2683 158 2717 tamdz'u
181 2692 246 2713 non
270 2681 438 2712 commode
460 2683 493 2712 in
511 2691 614 2712 uuum
629 2681 730 2721 conji-
772 2681 871 2711 bitavi
888 2682 934 2711 sic
956 2681 1061 2712 edere.
1108 2682 1188 2712 Mox
1203 2683 1335 2713 verbum
1352 2682 1466 2721 prodi—

27 2725 171 2756 ciuntur.
218 2723 346 2755 Credidi
369 2732 437 2753 esse
459 2733 521 2753 scr.
535 2728 565 2754 et
587 2723 727 2758 tamdiu,
771 2724 878 2758 tionis,
895 2733 970 2754 cum
985 2723 1038 2754 diu
1059 2724 1098 2754 ab
1114 2724 1185 2754 edd.
1203 2724 1356 2754 abfuisset
1376 2725 1467 2763 (nam

27 2771 67 2801 ut
83 2767 237 2804 absorpta
258 2764 376 2804 copula
395 2771 480 2796 esset
494 2777 512 2796 a
525 2765 729 2806 praecedente
773 2765 806 2794 in
829 2765 941 2804 primis
956 2766 1086 2804 quidem
1107 2766 1228 2805 fuerat)
1248 2770 1335 2795 recte
1350 2774 1370 2794 a
1385 2765 1470 2794 Gru-

31 2808 141 2838 verbo.
173 2807 235 2838 Sed
250 2807 322 2838 edd.
340 2816 388 2847 pr.
403 2807 550 2839 habent:
573 2807 640 2838 sine
653 2815 731 2835 cau·
773 2811 844 2837 tero
867 2807 1058 2837 restitutum
1080 2818 1098 2839 e
1121 2807 1201 2838 Mss.
1222 2806 1344 2838 habent
1367 2806 1469 2837 'etiam

31 2859 71 2887 {a
97 2854 208 2879 tamen
236 2853 391 2879 accurate
421 2849 480 2880 διο.
508 2849 594 2889 quod
623 2849 730 2879 neseio
773 2847 883 2879 Guelf.
901 2855 934 2880 et
951 2849 1059 2889 Huyd.

85 2903 195 2932 voL.
221 2903 277 2933 11.
308 2903 351 2931 P.
376 2904 432 2945 11.
718 2897 744 2931 4
769 2903 797 2930 Y
