1817 3169
587 124 652 163 IN
678 123 725 163 L.
749 123 1029 162 PISONEM.
1423 123 1521 160 1125

97 240 207 284 cato,
225 239 299 273 aut
319 228 639 286 adstipulatore,
661 227 918 284 paratiorem
940 226 1031 267 fore
1053 232 1236 281 putaret.
1283 224 1378 282 Ego
1401 226 1521 267 istius
1537 231 1586 265 19

98 289 272 346 pecudis
294 304 343 330 ac
374 286 535 343 putidae
566 286 705 327 carnis
725 284 905 326 consilio
927 283 1104 332 scilicet,
1123 293 1197 322 aut
1220 283 1420 337 praesidio
1442 284 1522 323 niti

100 345 320 388 volebam?
351 346 405 386 ab
434 343 518 384 hoc
547 343 687 398 ejecto
709 341 913 384 cadavere
935 340 1167 395 quidquam
1190 338 1295 378 mihi
1319 349 1390 380 aut
1413 341 1523 395 opiS,

99 413 173 442 aut
192 400 431 443 ornamenti
453 400 737 456 expetebam?
769 397 1001 439 Consulem
1023 411 1105 452 ego
1129 406 1219 436 tum
1242 396 1524 450 requirebam,

100 458 333 509 consulem,
356 459 545 513 inquam,
567 471 655 497 non
685 456 803 497 illum
827 455 1015 510 quidem,
1038 467 1163 509 quem
1195 454 1234 482 33
1249 453 1292 492 in
1324 451 1405 493 hoc
1436 467 1524 493 ma·
1538 457 1570 487 b-

95 515 174 571 jali
209 516 398 558 invenire
431 529 516 556 non
550 527 734 570 possem,
766 513 839 568 qui
877 521 1038 553 tantam
1075 508 1322 565 reipublicae
1355 523 1527 549 causam

102 573 314 628 gravitate
353 583 396 613 et
436 571 615 613 consilio
655 584 731 611 suo
773 579 976 619 tueretur,
1017 568 1090 609 sed
1129 567 1218 622 qui,
1255 569 1529 620 34tamquam

103 639 277 671 truncus
300 639 428 685 atque
448 630 595 685 stipes,
615 628 648 668 si
674 627 860 668 stetisset
889 626 1031 677 modo,
1053 633 1199 682 posset
1229 623 1436 663 sustinere
1467 632 1530 663 ta-

83 700 201 727 ·men
223 687 396 729 titulum
426 685 684 728 consulatus.
747 683 858 725 Cum
881 683 996 724 enim
1017 692 1129 724 esset
1150 680 1289 722 omnis
1311 694 1439 720 causa
1461 679 1532 720 illa

103 757 199 785 mea
220 744 451 786 consularis
482 754 524 784 et
554 740 779 791 senatoria,
800 743 840 772 35
854 740 1015 781 auxilio
1047 739 1153 781 mihi
1184 752 1291 794 opus
1323 736 1462 778 fuerat
1491 746 1536 778 et

104 800 290 842 consulis
319 811 363 842 et
394 810 587 841 senatus:
619 813 800 854 quorum
831 797 1012 838 alterum
1048 797 1179 837 etiam
1212 795 1264 835 ad
1300 794 1534 849 perniciem

106 873 246 899 meam
274 867 364 899 erat
394 873 419 898 a
442 857 563 899 vobis
594 855 840 897 consulibus
871 868 1153 905 conversum3
1184 852 1362 893 alterum
1394 851 1536 907 reipu-

108 915 231 956 blica:
271 916 440 971 penitus
481 923 690 969 ereptum.
748 913 969 962 Attamen,
1009 912 1043 951 si
1080 909 1306 952 consilium
1345 909 1536 963 exquiris

108 986 273 1013 meum:
305 986 442 1027 neque
463 985 544 1027 ego
566 970 801 1020 cessissem,
823 979 866 1010 et
887 983 955 1010 me
978 968 1070 1024 ipsa
1092 982 1168 1009 suo
1200 966 1430 1022 complexu
1462 980 1538 1021 pa-

109 1029 190 1070 tria
212 1030 430 1080 tenuisset,
453 1029 487 1069 si
510 1028 615 1068 mihi
645 1042 743 1068 cum
775 1026 846 1067 illo
879 1026 1098 1067 bustuario
1129 1024 1379 1081 gladiatore,
1401 1031 1444 1064 et
1475 1033 1537 1063 te-

108 1101 221 1137 cum,
243 1097 286 1127 et
306 1101 405 1127 cum
434 1085 599 1141 collega
630 1095 704 1125 tuo
735 1084 1040 1124 decertandum
1071 1082 1235 1123 fuisset.
1294 1080 1393 1121 Alia
1421 1080 1533 1121 enim
1547 1091 1600 1126 ρο

109 1158 236 1185 causa
265 1143 605 1200 praestantissimi
638 1142 732 1192 viri,
765 1141 821 1187 Q.
847 1140 1031 1191 Metelli,
1061 1139 1170 1180 fuit:
1202 1152 1326 1194 quem
1362 1152 1444 1194 ego
1474 1138 1535 1179 ci-

111 1215 222 1252 vem,
253 1216 349 1242 meo
375 1201 560 1257 judicio,
592 1213 690 1240 cum
726 1198 903 1239 deorum
935 1197 1241 1238 immortalium
1278 1195 1402 1236 laude
1436 1210 1538 1237 con-

108 1257 274 1314 jungo:
307 1259 381 1314 qui
415 1257 466 1299 C.
497 1257 557 1299 illi
600 1256 759 1306 Mario,
792 1255 1027 1296 fortissimo
1060 1255 1167 1303 viro,
1206 1264 1249 1294 et
1284 1252 1464 1303 consuli,
1497 1264 1541 1293 et

114 1326 284 1356 sextum
315 1314 495 1365 consuli,
517 1323 560 1355 et
590 1313 681 1368 ejus
713 1313 884 1353 invictis
915 1311 1173 1367 legionibus,
1196 1325 1250 1351 ne
1282 1311 1408 1351 armis
1439 1324 1542 1350 con-

113 1372 295 1428 fligeret,
328 1372 566 1414 cedendum
597 1384 688 1411 esse
725 1370 864 1411 duxit.
926 1369 1057 1415 Quod
1093 1369 1199 1410 mihi
1237 1368 1371 1424 igitur
1408 1376 1545 1408 certa-

113 1443 211 1470 men
242 1440 352 1471 esset
381 1428 656 1485 hujusmodi?
687 1427 728 1458 36
741 1442 838 1468 cum
872 1425 923 1467 C.
957 1425 1101 1466 Mario
1133 1425 1310 1475 scilicet,
1342 1434 1415 1465 aut
1445 1438 1545 1465 cum

113 1486 256 1541 aliquo
288 1488 394 1543 pari,
416 1502 470 1527 an
500 1501 598 1527 cum
630 1484 778 1535 altero,
801 1484 981 1525 barbaro
1015 1483 1242 1539 Epicureo,
1267 1497 1366 1524 cum
1398 1481 1544 1531 altero,

117 1543 317 1585 Catilinae
339 1543 565 1585 lateruario
584 1546 597 1585 ἓ
628 1556 734 1597 quos
757 1555 895 1597 neque
914 1540 1086 1581 hercule
1117 1555 1213 1596 ego,
1236 1553 1374 1595 neque
1400 1553 1546 1594 super-

113 1601 260 1642 cilium
292 1611 428 1651 tuum,
457 1614 593 1655 neque
623 1599 800 1655 collegae
833 1599 892 1639 tui
925 1598 1123 1653 cymbala
1154 1612 1203 1638 ac
1234 1597 1395 1638 crotala
1426 1596 1544 1652 fugi:

113 1672 253 1713 neque
285 1667 370 1699 tam
402 1658 464 1698 fui
494 1657 684 1707 timidus,
715 1666 777 1706 ut,
809 1656 881 1711 qui
913 1655 955 1695 in
988 1654 1188 1696 maximis
1222 1654 1463 1695 turbinibus
1496 1667 1546 1694 ac

117 1715 320 1756 fluctibus
362 1715 609 1771 reipublicae
650 1727 804 1754 navem
854 1713 1173 1769 gubernassem,
1216 1712 1460 1766 salvamque
1501 1711 1543 1750 in

116 1783 241 1828 portu
264 1772 553 1826 collocassem,
575 1770 729 1812 frontis
761 1781 846 1811 tuae
871 1769 1142 1819 nubeculam,
1169 1781 1257 1809 tum
1279 1768 1456 1824 collegae
1482 1768 1544 1808 tui

118 1831 457 1870 contaminatum
477 1829 673 1885 spiritum
697 1828 1054 1883 pertimescerem.
1085 1826 1206 1867 Alios
1228 1841 1311 1882 ego
1335 1826 1420 1866 vidi
1445 1839 1545 1866 ven-
1557 1831 1605 1867 21

121 1895 216 1927 tos:
248 1887 349 1927 alias
383 1886 583 1943 prospexi
620 1886 762 1927 animo
802 1884 1032 1940 procellas:
1064 1884 1157 1925 aliis
1196 1883 1548 1939 impendentibus

124 1944 448 1999 tempestatibus
470 1958 554 1984 non
577 1943 699 1992 cessi,
722 1942 794 1982 sed
827 1942 891 1982 his
914 1956 1043 1982 unum
1069 1955 1138 1981 me
1169 1955 1246 1996 pro
1268 1939 1461 1981 omnium
1484 1954 1550 1980 sa-

119 1999 207 2041 lute
236 2000 387 2041 obtuli.
449 2000 600 2055 Itaque
632 2000 818 2041 discessu
852 2008 943 2039 tum
980 2012 1076 2039 meo
1115 2012 1262 2038 omnes
1300 1997 1359 2038 illi
1399 1996 1550 2037 nefarii

120 2057 248 2112 gladii
284 2060 322 2091 37
337 2058 389 2098 de
419 2058 615 2098 manibus
642 2056 944 2097 crudelissimis
972 2056 1250 2096 exciderunt:
1282 2056 1322 2085 38
1336 2069 1434 2095 cum
1457 2054 1553 2109 qui-

119 2114 218 2155 dem
242 2123 301 2166 tn,
325 2129 350 2156 o
374 2129 520 2156 vecors
542 2125 585 2155 et
606 2128 766 2165 amens,
789 2127 887 2154 cum
909 2127 1056 2153 omnes
1082 2112 1182 2153 boni
1213 2111 1350 2152 abditi
1380 2110 1554 2152 inclusi-

166 2253 205 2281 33
228 2251 262 2280 in
277 2252 333 2281 hoc
347 2249 478 2290 majali]
499 2249 612 2280 Lectio
626 2249 697 2279 haec
712 2253 760 2279 est
777 2258 816 2278 ex
858 2247 970 2287 scripti
986 2251 1019 2277 et
1034 2246 1111 2277 editi
1128 2247 1270 2284 variant,
1285 2251 1319 2277 et
1335 2246 1414 2277 hinc
1429 2246 1556 2286 judicia

124 2293 248 2323 Isidoro
262 2293 372 2333 Etym.
387 2292 434 2328 ΙΙ,
451 2295 500 2323 31.
516 2292 571 2330 qui
585 2302 624 2322 ex
639 2291 671 2322 h.
686 2291 708 2322 1.
725 2291 816 2321 citat.
859 2290 1044 2320 doctorum.
1071 2290 1251 2319 latet-nario
1272 2290 1322 2320 vel
1352 2290 1555 2319 lanternario

126 2334 216 2365 Libri
229 2345 340 2365 omnes
355 2336 506 2365 animali.
859 2342 971 2362 verum
988 2337 1037 2361 est
1051 2342 1061 2369 ς
1085 2331 1221 2371 plusque
1236 2341 1335 2372 prope
1350 2331 1505 2362 inclinem
1520 2331 1554 2361 in

169 2379 211 2408 34
243 2381 267 2407 t.
294 2381 475 2407 truncus—
479 2380 584 2416 posset
608 2375 766 2405 sustinere
792 2378 816 2404 t.
859 2373 921 2404 hoc
935 2386 942 2403 ε
966 2374 1042 2413 quia
1055 2374 1192 2413 vestigia
1207 2373 1294 2404 illius
1308 2374 1414 2404 literae
1428 2378 1507 2403 sunt
1522 2375 1556 2403 in

127 2419 261 2450 ticulum
274 2419 374 2458 cons]
398 2419 527 2458 Nempe
549 2418 633 2448 sicut
655 2417 818 2447 columnae
860 2416 1006 2456 pluribus
1022 2415 1123 2445 libris.

128 2461 243 2491 titulos
259 2461 430 2501 inscriptos
443 2461 607 2490 sustinent
624 2470 660 2490 ac
674 2460 798 2490 ferunt.
903 2461 942 2492 37
969 2458 1008 2487 de
1035 2457 1437 2497 manibus—exciderunt]
1471 2457 1557 2488 Alibi

170 2505 211 2534 35
241 2504 365 2534 auxilio
391 2504 472 2533 ‘milei
497 2513 574 2542 opus
588 2501 726 2541 suerat]
755 2500 820 2530 Lo·
861 2500 896 2530 in
912 2500 973 2530 hoc
988 2504 1037 2529 est
1051 2500 1247 2529 ceciderunt.

129 2545 241 2583 quitur
266 2545 305 2575 de
328 2550 488 2585 tempore,
518 2554 580 2584 quo
611 2544 735 2574 adierat
768 2543 820 2572 Pi·
904 2545 944 2573 38
966 2551 1041 2573 cum
1067 2542 1195 2581 quidem
1219 2546 1269 2576 tu,
1291 2551 1365 2571 cum
1395 2542 1469 2580 δια]
1495 2541 1558 2571 Pro

132 2595 257 2618 sonem.
301 2587 415 2626 ltaque
439 2587 568 2617 videtur
594 2585 821 2625 corrigendum
865 2595 938 2615 cum
960 2584 1088 2624 quidem
1107 2583 1281 2623 legendum
1302 2583 1475 2621 aliquando
1499 2592 1560 2622 pu-

133 2632 216 2658 erat.
866 2627 933 2657 tavi
949 2631 1018 2656 tum
1034 2626 1174 2665 quidem,
1189 2626 1330 2655 offensus
1346 2625 1467 2655 duriori
1483 2634 1562 2654 con-

177 2670 217 2699 36
238 2679 313 2699 cum
341 2669 373 2700 C.
398 2670 594 2701 Mario—an
623 2679 697 2699 cum
723 2671 826 2699 altero
868 2678 963 2698 cursu
977 2667 1147 2708 particulae
1159 2677 1246 2703 cum,
1257 2670 1295 2696 ut
1309 2667 1341 2696 id
1351 2667 1562 2706 responderet

138 2711 211 2750 &c.]
237 2711 404 2742 Efficaeius
424 2712 510 2742 foret
530 2722 592 2742 non
607 2721 666 2752 pro
681 2721 736 2741 an.
752 2721 828 2741 mox
869 2711 1028 2750 superiori
1043 2714 1113 2740 tum
1129 2719 1236 2739 omnes
1256 2709 1308 2738 ‘illi
1327 2709 1557 2746 gladii—emi.

138 2754 171 2783 in
186 2763 261 2792 quos
279 2762 381 2793 neque
393 2756 521 2784 hercule
536 2764 607 2792 ego,
623 2753 825 2783 referendum
868 2753 996 2782 derunt.
1041 2751 1086 2781 Et
1099 2752 1145 2781 sic
1159 2751 1233 2780 dein
1250 2751 1353 2789 reperi
1370 2750 1403 2780 in
1418 2750 1490 2781 edd.
1505 2751 1560 2780 W.

138 2804 238 2834 neque
250 2800 301 2825 est
314 2795 354 2825 ad
368 2805 454 2835 quos.
498 2796 600 2826 Extra
615 2805 735 2825 nexum
754 2799 804 2824 est
816 2806 826 2825 ι
874 2797 962 2825 1480.
978 2794 1075 2824 Junt.
1114 2792 1178 2823 Sed
1194 2792 1251 2822 illa
1264 2799 1390 2827 tamen,
1405 2802 1479 2822 eum
1493 2793 1564 2832 qui-

139 2846 196 2875 ego
222 2847 321 2877 neque
345 2847 406 2874 eos,
429 2847 529 2877 neque
549 2847 674 2877 supere.
697 2841 720 2866 t.
730 2836 828 2876 fugi.
871 2836 942 2866 dem
957 2840 1006 2872 tu,
1022 2836 1056 2866 in
1071 2835 1133 2864 hoc
1155 2844 1240 2864 nexu
1263 2835 1500 2865 sententiarum
1518 2835 1564 2866 le-

139 2879 288 2919 Denique
312 2879 347 2910 in
370 2880 522 2910 Catilinae
544 2880 724 2910 laternario
748 2879 830 2909 mire
874 2878 990 2917 gitima
1003 2882 1040 2907 et
1055 2877 1269 2908 Ciceroniana
1284 2881 1346 2907 est.
