1769 3174
575 83 694 121 PRO
732 84 772 121 P.
811 83 1040 123 SEXTIO.
1445 83 1521 122 995

86 186 244 231 Atilios
276 188 442 239 insitus,
464 187 608 228 subito
639 186 884 227 nominibus
915 187 958 227 in
990 187 1155 229 tabulas
1185 187 1342 237 relatis,
1365 199 1519 227 nomen

87 259 210 286 suum
243 245 295 286 de
329 245 475 286 tabula
503 242 686 285 sustulit.
750 243 938 283 Veniunt
976 244 1169 285 kalendae
1201 244 1412 294 ,lanum-ii,
1446 253 1565 284 vosb.

86 301 182 343 haec
211 302 361 343 melius
393 302 499 343 scire
530 301 734 356 potestis:
767 300 965 355 equidem
991 300 1138 341 audita
1157 300 1280 342 dico:
1312 316 1408 355 quae
1432 312 1523 340 tum

85 357 327 414 frequentia
356 368 541 408 senatus,
569 372 665 413 quae
696 357 963 421 exspectatio
995 357 1158 413 populi,
1188 358 1261 412 qui
1293 370 1524 397 concursus

88 414 327 471 legatorum
359 429 412 456 ex
446 414 572 455 ltalia
601 423 770 465 cuncta,
791 428 888 469 quae
914 414 1061 465 virtus,
1093 414 1222 477 actio,
1253 413 1440 470 grauitas
1474 413 1525 453 Ρ.

91 472 261 514 Lentuli
293 471 478 514 consulis
502 472 644 522 fuerit,
668 486 764 534 quae
795 471 926 511 etiam
956 471 1133 528 collegae
1164 471 1256 526 ejus
1287 469 1525 510 moderatio

90 529 143 570 de
161 543 254 570 me.
286 530 357 586 qui
382 543 478 570 cum
504 529 750 569 inimicitias
772 527 852 568 sibi
875 542 1044 569 mecum
1074 543 1127 570 ex
1159 527 1416 590 reipublicae·
1439 526 1525 567 dis-

89 586 300 638 sensione,
320 595 536 642 susceptas
557 599 647 627 esse
667 585 860 635 dixisset,
883 599 952 626 eas
974 599 1017 627 se
1040 586 1231 641 patribus
1253 583 1522 639 conscriptis,

88 643 216 694 dixit,
238 654 282 685 et
312 643 576 699 temporibus
608 641 854 698 reipublicae
887 643 1205 698 permissurum.
1263 641 1375 682 Tum
1408 632 1607 696 prin-34

88 714 188 756 ceps
220 710 395 757 rogatus
429 699 684 740 sententiam
719 699 766 740 L.
801 699 947 750 Cotta,
977 700 1090 740 dixit
1121 699 1180 750 id,
1212 699 1326 763 quod
1360 697 1584 753 dignis-78

88 772 242 798 sunum
277 757 496 814 republica
528 756 626 807 fuit,
658 755 765 797 nihil
797 757 849 797 de
883 770 949 797 me
981 767 1125 798 actum
1155 771 1246 798 esse
1272 757 1386 812 jure,
1407 730 1525 795 nihil

87 829 206 856 more
243 829 300 856 111
290 828 471 870 1Jorum,
511 813 618 854 1111111
654 813 851 869 legibus:
893 828 979 854 non
1020 829 1143 870 posse
1177 827 1437 869 quemquam
1474 811 1528 852 de

87 871 264 913 civitate
297 871 387 913 tolli
420 871 510 912 sine
534 871 733 926 judicio:
766 871 990 935 decapite
1022 886 1107 912 non
1138 871 1268 912 modo
1307 870 1422 921 ferri,
1455 868 1528 910 sed

89 930 127 960 12
141 943 193 969 ne
217 928 404 984 judicari
434 928 607 983 quidem
639 942 777 984 posse,
801 928 880 968 11151
911 928 1099 970 comitiis
1129 927 1408 970 centuriatis:
1441 926 1530 967 vim

87 984 219 1027 fuisse
247 985 377 1036 illam,
401 986 617 1026 flammam
638 996 849 1040 quassatae
881 985 1130 1042 reipublicae
1162 986 1530 1041 pertuiwbatoium-

87 1057 170 1099 que
203 1051 461 1099 temporum,
487 1043 586 1098 jure
615 1042 879 1098 judiciisque
911 1043 1115 1085 sublatis:
1149 1045 1359 1098 13magna
1388 1055 1529 1082 rerum

89 1101 412 1156 perturbatione
433 1099 722 1156 impendente,
743 1100 979 1141 declinasse
1005 1115 1073 1141 me
1105 1099 1353 1157 paullulum,
1375 1108 1432 1149 et,
1455 1112 1530 1154 spe

88 1157 264 1213 reliquae
304 1157 639 1212 tranquillitatiS‚
679 1166 909 1212 praesentes
946 1158 1102 1198 fluctus
1145 1165 1531 1221 tempestatemque

90 1213 266 1270 fugisse.
299 1215 458 1266 Quare,
474 1229 573 1255 cum
594 1215 746 1255 absens
768 1214 1076 1270 rempublicam
1095 1230 1181 1255 non
1198 1215 1339 1254 minus
1360 1212 1530 1268 magnis

88 1271 305 1327 periculis,
332 1286 461 1326 quam
491 1271 678 1327 quodam
710 1280 903 1328 tempore
934 1286 1119 1327 praesens
1149 1272 1410 1322 liberassem,
1441 1284 1529 1310 non

88 1329 256 1370 restitui
280 1343 347 1370 me
368 1328 521 1380 solum,
543 1328 615 1369 sed
637 1328 766 1369 etiam
789 1329 930 1369 ornari
957 1332 1030 1369 ¹4a
1051 1337 1199 1370 senatu
1222 1330 1385 1369 decere.
1426 1326 1529 1368 Dis-

90 1386 262 1442 putavit
291 1386 421 1427 etiam
453 1386 589 1427 multa
619 1386 863 1441 prudenter,
887 1387 947 1427 ita
976 1386 1029 1427 de
1056 1401 1125 1427 me
1146 1386 1265 1427 illum
1288 1384 1529 1426 amentissi-

89 1457 209 1484 mum
230 1452 275 1484 et
297 1443 696 1499 profligatissimum
718 1443 886 1484 hostem
909 1443 1083 1499 pudoris
1105 1452 1149 1484 et
1171 1442 1408 1506 pudicitiae,
1427 1441 1532 1482 scri-

90 1500 225 1555 psisse
253 1515 355 1564 *quae
389 1501 629 1557 scripserat,
662 1515 714 1541 115
745 1500 900 1552 verbis,
934 1501 1073 1551 iebus,
1105 1500 1344 1550 sententiis,
1377 1508 1436 1550 ut,
1467 1507 1532 1539 et·

87 1556 211 1598 iamsi
243 1572 342 1613 Jure
377 1568 488 1598 esset
519 1566 734 1613 rogatum,
768 1568 910 1598 tamen
943 1558 1031 1598 vim
1064 1557 1222 1598 habere
1253 1572 1339 1598 non
1373 1564 1533 1612 posset.

89 1628 221 1669 quare
242 1629 324 1666 me,
347 1615 421 1670 qui
443 1614 558 1655 nulla
578 1618 672 1670 lege
693 1616 900 1665 abessem,
925 1629 1008 1655 non
1032 1615 1198 1655 restitui
1230 1614 1339 1670 lege,
1364 1613 1435 1654 sed
1467 1627 1533 1653 re-

88 1671 233 1712 vocari
255 1682 425 1712 senatus
447 1672 704 1713 auctoritate
725 1682 937 1728 oportere
982 1671 1129 1723 Hunc,
1150 1686 1277 1713 nemo
1299 1679 1404 1722 erat,
1426 1669 1530 1726 quin
1543 1677 1594 1716 74

89 1728 310 1769 verissime
331 1729 487 1769 sentire
505 1729 679 1770 diceiet.
742 1730 826 1770 Sed
854 1738 952 1785 post
971 1743 1070 1770 eum
1092 1738 1268 1785 rogatus
1294 1728 1377 1769 Cn.
1401 1727 1534 1768 Pom-

89 1785 257 1841 peius„
245 1787 484 1842 approbata
503 1786 759 1841 laudataque
779 1786 924 1828 Cottae
948 1787 1174 1837 sententia,
1195 1786 1323 1837 dixit,
1342 1799 1434 1826 sese
1455 1786 1534 1828 otii

89 1842 174 1884 mei
205 1857 347 1894 causa,
369 1852 417 1884 ut
445 1843 565 1884 omni
597 1843 792 1899 populari
823 1844 1115 1885 concitatione
1141 1843 1412 1899 defungerer,
1434 1857 1536 1884 cen-

90 1913 194 1950 sere,
230 1909 278 1940 ut
314 1900 367 1940 ad
403 1909 573 1941 senatus
612 1901 929 1952 auctoritatem,
961 1901 1109 1957 populi
1141 1914 1313 1956 quoque
1346 1899 1533 1941 Romani

88 1956 348 1998 beneficium
378 1972 481 2014 erga
510 1972 578 1998 me
608 1958 929 2014 adjungeretur.
991 1959 1104 2001 Cum
1140 1972 1289 1998 omnes
1320 1957 1534 2009 certatim,

90 2013 283 2070 aliusque
311 2013 395 2055 alio
425 2014 598 2071 gravius
629 2025 758 2070 atque
780 2015 970 2056 ornatius
993 2015 1045 2056 de
1067 2026 1163 2055 mea
1184 2015 1320 2056 salute
1338 2014 1533 2066 dixisset,

90 2069 296 2126 fieretque
338 2071 428 2112 sine
425 2049 545 2112 t'ulla
579 2072 785 2113 varietate
823 2072 1054 2114 discessio:
1086 2072 1286 2124 surrexit,
1319 2082 1368 2113 ut
1400 2071 1534 2122 scitis,

37 2176 40 2179 ‚
88 2126 246 2169 Atilius
277 2127 349 2170 hic
381 2128 632 2170 Gavianus:
664 2143 744 2170 nec
776 2144 902 2170 ausus
925 2138 1003 2180 est,
1037 2143 1135 2171 cum
1158 2139 1271 2170 esset
1290 2139 1445 2180 emtus,
1468 2129 1535 2170 in-

88 2185 329 2237 tercedere3
359 2194 532 2227 noctem
553 2186 634 2226 sibi
656 2186 708 2227 ad
732 2186 1054 2228 deliberandum
1078 2186 1327 2242 postulavit.
1359 2185 1535 2228 Clamor

91 2251 276 2295 senatus,
297 2243 498 2298 querelae,
520 2257 681 2299 preces,
706 2245 741 2274 15
755 2258 876 2285 socer
897 2243 950 2285 ad
969 2243 1098 2300 pedes
1118 2243 1330 2299 abjectus.
1390 2242 1468 2284 Ille
1490 2258 1535 2284 se

133 2375 170 2404 12
191 2382 232 2403 ne
244 2371 397 2413 judicari
412 2372 544 2420 quidem
557 2371 663 2421 posse]
690 2373 752 2404 int.
770 2383 789 2404 a
833 2373 885 2404 hic
921 2372 1149 2414 intelligenda,
1181 2382 1260 2404 saue
1293 2373 1328 2403 in
1363 2373 1533 2405 meliorem

89 2414 222 2455 populo.
237 2424 314 2445 nam
328 2414 408 2445 alias
423 2414 462 2444 de
476 2415 584 2455 capite
598 2415 676 2445 civis
691 2416 725 2445 in
733 2416 789 2455 ju·
832 2420 960 2456 partem
977 2415 1119 2455 intelligi
1132 2414 1242 2453 debet,
1255 2416 1310 2451 11111
1322 2416 1457 2446 verbum
1471 2417 1534 2446 im-

89 2455 181 2488 dieiis
195 2456 268 2487 aliis
275 2456 418 2496 judicari
433 2461 542 2497 potest
556 2456 645 2487 dicta
656 2467 763 2489 causa.
827 2458 1000 2498 pendente,
1015 2463 1050 2488 et
1064 2461 1138 2498 post
1142 2457 1273 2499 fluctus
1286 2462 1533 2498 tempestasque,

149 2501 185 2529 13
223 2509 349 2537 magna
390 2509 446 2529 rer
449 2509 504 2528 um
541 2499 791 2538 perturbatione
832 2510 900 2530 non
915 2501 1129 2531 conveniunt.

90 2540 186 2580 imp]
210 2541 293 2571 Edd.
318 2544 398 2572 vett.
422 2541 587 2571 fluctuant
608 2541 696 2571 iuter
711 2551 789 2581 per·
879 2545 915 2573 [4
935 2552 958 2573 a
978 2546 1096 2573 senatu.
1116 2541 1240 2582 decere]
1265 2541 1388 2572 Lenius
1403 2540 1533 2572 videtur

90 2583 270 2613 nmatione
282 2586 318 2614 et
332 2583 593 2622 perturbatione.
637 2583 726 2614 Illud
742 2595 790 2615 re·
831 2594 930 2623 quam
951 2594 1009 2624 pro
1025 2594 1071 2621 re,
1088 2585 1219 2615 decere:
1245 2588 1283 2614 ut
1296 2584 1408 2613 debere
1421 2583 1532 2621 legen-

91 2623 202 2658 stituit
222 2625 382 2662 Graevius,
397 2625 473 2665 quia
493 2625 686 2665 perturbata
706 2630 791 2657 tem·
834 2626 913 2656 dum
928 2627 1029 2657 videri
1051 2627 1163 2667 possit.
1188 2636 1264 2656 mox
1280 2629 1424 2665 oportere
1438 2624 1533 2656 dixit.

91 2675 173 2706 pora
186 2667 259 2706 jam
281 2672 540 2698 commemorata
561 2671 653 2704 sunt,
667 2668 791 2699 intelli·
834 2667 897 2698 Sed
921 2673 956 2699 et
972 2669 1082 2699 decere
1095 2666 1274 2706 interdum,
1288 2671 1328 2698 ut
1342 2667 1533 2699 Graecorum

91 2707 215 2747 gitque,
222 2717 322 2748 quam
331 2708 408 2740 a11b1
417 2709 713 2746 commutatzonem
719 2719 792 2740 con·
835 2710 962 2754 vrgia-m,
978 2711 1026 2741 ita
1039 2710 1102 2741 dici
1118 2710 1257 2740 videtur.

89 2750 533 2788 vermnem,inclinationem
544 2755 732 2791 temporum
742 2752 792 2782 di·
881 2756 919 2784 15
939 2763 1027 2783 socer
1048 2753 1095 2782 ad
1107 2762 1147 2792 p.
1169 2750 1252 2792 aly]
1283 2752 1382 2783 Socer
1403 2749 1537 2784 Serrani

90 2791 139 2822 eit
163 2792 290 2824 cicero.
331 2793 480 2824 Vicissim
504 2794 712 2832 perturbatio
740 2800 791 2824 est
834 2795 972 2838 Oppius.
985 2794 1045 2826 Or.
1060 2794 1102 2827 ad
1115 2794 1209 2836 Quir-
1225 2804 1255 2825 c.
1271 2796 1303 2826 5.

90 2833 200 2874 aptior
223 2835 444 2876 sequentibus.
489 2836 544 2875 Et,
567 2835 595 2866 si
622 2836 791 2866 conversio

709 2883 836 2923 3T4
