1769 3174
0 2079 1 2107 2
45 2073 135 2105 tam
158 2065 416 2106 suburbana.

4 2848 9 2938 l

6 2944 9 2985 ι

8 3118 13 3174 Ι

438 128 570 168 PRO
610 126 704 165 CN.
745 126 1057 166 PLANCIO.
1396 128 1474 169 933.

89 232 223 285 Quid,
255 232 289 274 si
327 233 474 293 populi
507 246 678 288 quoque
711 231 874 273 factum
908 229 1109 281 defendo,
1141 229 1396 280 Laterensis,
1427 227 1518 283 et7

31 288 182 343 doceo,
213 290 295 332 Cn.
326 291 550 332 Plancium
578 304 664 330 non
696 288 935 343 obrepsisse
967 287 1018 328 ad
1052 287 1275 337 honorem,
1313 287 1385 327 sed
1418 300 1535 340 0017

32 348 198 389 venisse
219 363 359 399 cursu,
381 347 454 403 qui
482 361 648 402 semper
679 345 866 402 patuerit
886 343 1185 385 38l10minibus
1218 343 1300 384 lioc
1323 354 1470 384 nostro

32 406 218 459 equestri
247 405 367 446 loco?
399 418 627 460 possumne
657 403 820 458 eripere
850 401 1034 442 orationi
1067 409 1153 442 tuae
1177 402 1471 441 39contenti0-

29 475 130 502 nem
164 472 360 514 vestram,
381 477 476 517 quae
510 460 681 502 tractari
714 460 805 500 sine
833 458 1096 500 contumelia
1129 472 1213 498 non
1248 466 1405 513 potest,
1427 466 1513 501 eth.

0 563 2 565 ,
33 526 78 559 te
98 519 151 559 ad
171 534 342 560 causam
362 518 590 574 aliquando
610 518 858 572 crimenque
879 516 1113 556 deducere?
1145 515 1205 565 Si,
1219 515 1334 569 quod
1352 515 1472 568 equi-

34 575 89 616 tis
123 576 307 617 Romani
341 576 452 617 filius
482 585 561 626 est,
595 574 771 616 inferior
803 587 894 614 esse
931 572 1105 613 debuit:
1146 586 1294 612 omnes
1331 581 1475 611 tecum

33 633 228 687 equitum
259 633 555 674 Romanorum
588 632 662 673 filii
698 631 957 687 petiverunt.
998 629 1106 670 nihil
1139 629 1237 670 dico
1276 627 1476 684 amplius.

33 689 118 731 hoe
142 699 282 731 tamen
306 691 451 742 miror,
473 705 549 731 cur
571 698 615 730 tu
640 689 741 730 huic
773 688 1046 744 potissimum
1069 687 1264 736 irascare,
1286 687 1360 741 qui
1383 685 1478 726 lon-

33 747 210 803 gissime
240 763 264 788 a
296 758 337 788 te
368 747 522 789 abfuit.
585 746 812 802 Equidem,
839 745 871 786 si
895 744 1083 800 quando,
1106 752 1153 784 ut
1176 743 1239 795 fit,
1255 743 1401 798 jactor
1432 743 1478 784 in

33 805 175 856 turba,
202 819 287 846 non
322 804 440 846 illum
472 818 643 854 accuso,
665 803 738 859 qui
769 811 832 843 est
865 802 911 843 in
933 816 1100 842 summa
1131 815 1250 842 sacra
1273 801 1355 851 via,
1378 814 1479 841 cum

33 876 117 917 ego
151 862 204 903 ad
241 862 424 903 Fabium
462 861 671 903 fornicem
710 859 926 916 impellor:
962 859 1033 899 sed
1071 873 1185 909 eum,
1215 857 1288 913 qui
1328 858 1371 898 in
1409 871 1481 897 me

34 919 177 975 ipsum
211 919 391 960 incurrit
428 929 557 974 atque
594 918 762 960 incidit.
822 916 888 958 Tu
926 930 1065 972 neque
1100 916 1156 962 Q.
1189 914 1340 966 Pedio,
1376 914 1480 955 forti

34 976 144 1027 viro,
176 991 414 1028 succenses,
444 990 582 1031 neque
615 976 716 1016 huic
737 974 791 1016 A.
818 974 977 1025 Plotio,
1000 972 1274 1014 ornatissimo
1297 972 1481 1023 homini,

36 1032 236 1075 familiari
267 1048 386 1075 meo:
418 1042 461 1075 et
491 1034 595 1074 40ab
625 1048 692 1084 eo,
715 1033 789 1087 qui
820 1032 900 1073 hos
933 1030 1130 1082 dimovit,
1163 1030 1323 1086 potius,
1351 1043 1481 1085 quam

38 1092 93 1132 ab
116 1091 181 1143 iis,
204 1092 277 1146 qui
300 1091 343 1132 in
367 1100 408 1131 te
430 1091 572 1146 ipsum
588 1091 891 1140 incubuerunt,
914 1097 956 1129 te
973 1087 1199 1144 depulsum
1222 1095 1361 1143 putas.
1395 1086 1478 1127 Sed
1496 1098 1545 1133 1ss

37 1156 182 1189 tamen
205 1148 300 1189 haec
323 1148 402 1188 tibi
426 1158 490 1189 est
512 1149 650 1205 prima
671 1162 769 1188 cum
796 1146 989 1198 Plancio,
1012 1145 1180 1201 generis
1205 1144 1333 1186 vestri
1356 1144 1482 1185 fami-

37 1204 193 1261 liaeque
214 1205 453 1256 contentio,
477 1221 562 1260 qua
583 1206 658 1246 abs
683 1213 724 1245 te
746 1204 948 1245 vincitur.
1010 1203 1099 1244 Cur
1120 1202 1236 1243 enim
1267 1217 1354 1243 non
1378 1216 1485 1242 con-

39 1262 175 1314 fitear,
206 1263 321 1319 quod
355 1277 526 1304 necesse
556 1265 645 1304 est?
683 1262 755 1304 sed
787 1276 875 1302 non
904 1261 976 1302 hic
1003 1260 1158 1316 magis,
1189 1274 1319 1315 quam
1351 1274 1434 1315 ego
1461 1274 1486 1300 a

38 1320 145 1362 meis
167 1321 541 1376 competitoribus,
564 1329 608 1361 et
628 1319 746 1371 alias,
760 1328 803 1360 et
825 1319 866 1359 in
891 1318 1137 1359 consulatus
1161 1317 1372 1373 petitione
1391 1316 1487 1357 vin-

40 1378 182 1418 cebar.
220 1378 303 1419 Sed
328 1378 438 1429 vide,
460 1392 513 1418 ne
536 1378 630 1419 haec
653 1378 759 1432 ipsa,
783 1392 879 1431 quae
902 1375 1103 1431 despicis,
1125 1374 1227 1415 huic
1250 1374 1488 1430 suffragata

39 1434 139 1476 sint.
201 1435 273 1477 Sic
295 1435 410 1476 enim
432 1435 719 1476 conferamus.
783 1433 859 1474 Est
889 1443 1009 1474 tuum
1040 1447 1199 1473 nomen
1221 1441 1401 1487 utraque
1424 1431 1488 1472 fa-

38 1491 158 1533 milia
177 1493 414 1533 consulare.
473 1493 592 1534 Num
622 1492 794 1533 dubitas
826 1491 973 1547 igitur,
996 1490 1100 1546 quin
1131 1504 1295 1545 omnes,
1317 1489 1389 1544 qui
1418 1488 1483 1530 fa-

42 1558 146 1591 vent
167 1550 400 1601 nobilitati,
422 1550 496 1605 qui
526 1550 570 1591 id
593 1558 747 1606 putant
778 1563 868 1589 esse
901 1547 1252 1604 pulcherrimum,
1276 1547 1349 1602 qui
1379 1546 1486 1587 ima-

42 1606 230 1662 ginibus,
263 1608 336 1662 qni
368 1607 615 1648 nominibus
646 1605 796 1647 vestris
831 1606 1061 1655 ducuntur,
1093 1614 1136 1645 te
1169 1604 1339 1645 aedilem
1372 1604 1487 1645 fece-

41 1664 156 1706 rint?
201 1663 414 1720 Equidem
436 1679 522 1705 non
545 1664 713 1705 dubito.
774 1664 872 1714 Sed,
898 1663 931 1703 si
954 1677 1105 1719 parum
1128 1661 1251 1702 multi
1276 1670 1389 1712 sunt,
1412 1660 1488 1716 qui

43 1721 314 1763 nobilitatem
347 1731 514 1763 ament:
548 1736 650 1762 num
684 1721 766 1762 ista
799 1730 864 1761 est
896 1729 1042 1761 nostra
1073 1719 1228 1775 culpa?
1259 1718 1487 1759 4¹Etenim

45 1778 99 1820 ad
120 1788 252 1835 caput
272 1789 315 1820 et
345 1780 398 1820 ad
420 1779 585 1820 fontem
616 1779 839 1833 utriusque
867 1778 1035 1834 generis
1058 1778 1293 1819 veniamus.
1354 1775 1417 1816 Tu
1441 1790 1484 1816 es
1500 1774 1533 1822 8

44 1849 99 1877 ex
131 1836 368 1893 municipio
391 1837 689 1891 antiquissimo
712 1835 971 1887 Tusculano,
994 1849 1048 1876 ex
1082 1849 1167 1889 quo
1192 1834 1388 1890 plurimae
1424 1833 1486 1873 fa-
1502 1848 1551 1881 19

45 1892 176 1934 miliae
220 1904 318 1935 sunt
359 1897 616 1945 consulares,
659 1894 721 1946 (in
764 1894 921 1949 quibus
971 1900 1036 1933 est
1075 1892 1206 1932 etiam
1247 1890 1489 1940 Juventia‚)

45 1952 88 1980 42
101 1959 207 2005 quot
227 1965 250 1992 e
271 1951 443 2006 reliquis
474 1951 721 2007 municipiis
744 1951 945 1992 omnibus
974 1964 1062 1990 non
1095 1956 1207 1990 sunt.
1270 1948 1359 1989 Hic
1380 1956 1445 1989 est
1465 1961 1489 1987 e

46 2006 304 2062 praefectura
324 2007 507 2059 Atinati,
531 2024 614 2049 non
640 2018 724 2048 tam
757 2009 911 2063 prisca,
934 2022 1021 2048 non
1045 2017 1132 2048 tam
1154 2006 1380 2056 honorata,
1403 2019 1490 2046 non

470 2066 694 2112 Quantum
717 2066 922 2106 interesse
946 2065 1010 2106 vis
1033 2065 1086 2105 ad
1109 2064 1318 2104 rationem
1346 2072 1493 2119 peten-

25 2120 122 2178 ‘dii’
154 2121 348 2163 Primum
371 2132 515 2164 utrum
538 2124 675 2179 magis
698 2122 841 2164 favere
867 2130 992 2179 putas
1014 2121 1229 2172 Atinates,
1251 2135 1305 2161 an
1328 2119 1623 2163 Tuscu-1³³6&

50 2176 189 2231 Ianos,
213 2180 327 2221 suis?
358 2180 478 2220 alteri
509 2181 638 2232 (scire
669 2180 784 2220 enim
814 2179 899 2220 hoc
931 2189 1107 2235 propter
1136 2179 1404 2220 vicinitatem
1431 2175 1535 2217 fa-a·

50 2234 129 2277 cile
161 2239 355 2293 possum)
378 2252 478 2278 cum
512 2238 640 2292 hujus
664 2237 927 2279 ornatissimi
961 2247 1090 2292 atque
1114 2236 1270 2292 optimi
1293 2235 1388 2287 viri,
1413 2234 1496 2276 Cn.

795 2368 851 2407 qui
873 2369 908 2398 in
933 2372 964 2398 te
990 2369 1097 2407 ipsum
1120 2365 1354 2406 incubuerunt]
1380 2366 1500 2396 Sensus

796 2415 859 2448 est,
879 2411 933 2449 qui
956 2411 1046 2447 fecit,
1064 2414 1103 2440 ut
1125 2409 1158 2440 lii
1180 2419 1246 2439 non
1263 2409 1395 2444 fierent,
1419 2417 1500 2444 non,

51 2368 91 2395 ut
103 2369 285 2406 conjecerat
298 2367 491 2399 Lambinus.
535 2368 597 2399 Sed
619 2368 664 2398 sie
682 2369 751 2409 jam

51 2406 105 2439 ed.
119 2408 213 2439 Junt.
228 2410 313 2449 quod
327 2412 449 2451 recepit
464 2411 623 2441 Graevius
651 2411 754 2441 Ncm-

53 2457 93 2489 pe
114 2450 152 2480 de
173 2461 232 2482 suo
243 2453 416 2483 commodo
431 2453 484 2484 hic
501 2453 659 2492 loquitur,
684 2462 752 2483 non

52 2489 92 2521 de
103 2491 221 2525 alieno.
265 2494 380 2534 Itaque
391 2500 425 2525 et
440 2496 506 2535 ipse
520 2496 638 2536 recepi.

93 2536 134 2565 38
156 2537 335 2567 hominibus
360 2539 416 2568 hoe
441 2543 539 2568 nostr.
556 2549 582 2568 e.
598 2538 633 2578 L]
662 2538 753 2568 Grae-

54 2575 124 2624 vius
145 2577 266 2609 addidit
287 2590 305 2610 e
328 2581 393 2610 Ms.
412 2580 484 2611 Erf.
499 2582 589 2611 ortis.
611 2581 754 2621 glossam

55 2623 151 2658 sapit.

98 2663 138 2695 39
152 2664 382 2694 contentionem
394 2664 553 2704 vestrum]
580 2665 688 2696 Immo
703 2675 756 2696 ve-

56 2704 172 2742 ceram,
195 2710 232 2735 ut
256 2715 353 2746 snpra
377 2707 488 2746 paullo
515 2713 602 2738 ante.
630 2709 756 2748 (quam-

59 2753 154 2783 quam
188 2747 230 2777 ibi
255 2758 384 2787 quoque
412 2750 582 2779 Manutius
611 2749 756 2780 malebat

59 2789 227 2829 vestrum.)
274 2791 316 2820 Et
334 2790 379 2820 sic
403 2791 475 2821 libri
501 2791 573 2822 edd.
595 2792 705 2831 plures
722 2796 756 2822 et

61 2827 125 2859 Erf.
137 2830 232 2862 «lunt.
246 2831 345 2864 habet
361 2839 518 2863 nostram.
533 2834 630 2864 male.

99 2873 141 2902 40
163 2874 203 2905 ab
226 2883 273 2912 eo,
295 2876 350 2916 qui
371 2877 425 2907 Ιιοε
444 2876 589 2914 dimovit,
606 2876 760 2915 potius—

795 2457 834 2482 ut
857 2457 896 2483 tu
922 2463 989 2483 non
1016 2452 1208 2491 fieres-qui
1236 2452 1366 2492 proprie
1387 2454 1502 2480 tecum

795 2495 1050 2532 contenderunt,
1065 2494 1292 2534 feceruntque,
1312 2499 1351 2524 ut
1372 2498 1410 2524 tu
1433 2501 1503 2525 non

795 2538 900 2568 fiereS.

837 2582 895 2610 41*
916 2578 1067 2618 Etenim]
1113 2577 1305 2618 Legendum
1343 2579 1424 2617 puto
1456 2575 1504 2606 At

797 2623 894 2652 enim.
938 2621 999 2651 Est
1026 2623 1115 2652 enim
1143 2621 1274 2651 inizium
1302 2620 1377 2648 novi
1405 2627 1503 2656 argu-

798 2665 914 2694 menti.
959 2665 1000 2694 Et
1013 2664 1046 2694 in
1063 2664 1153 2694 libris
1171 2663 1242 2693 haec
1255 2662 1320 2692 duo
1336 2659 1503 2691 interdum

798 2710 988 2746 permutata
1002 2711 1091 2737 sunt.

840 2752 881 2779 42
907 2753 982 2788 quoe
1010 2758 1027 2778 e
1054 2746 1202 2787 reliquis]
1233 2745 1293 2776 Ed.
1321 2744 1376 2775 W.
1408 2745 1502 2773 1480.

800 2791 881 2821 Mss.
895 2791 1002 2830 plures
1018 2795 1074 2820 tot.
1120 2790 1198 2820 Non
1214 2788 1277 2820 hoe
1291 2787 1374 2818 solet
1389 2786 1434 2817 sie
1449 2784 1505 2815 ad·

793 2834 934 2874 jungere
951 2833 1079 2865 Cicero.
