1769 3174
551 129 668 168 PRO
703 128 760 166 M.
801 127 1011 166 COELIO.
1404 132 1502 167 1045

62 238 155 282 istis
176 235 385 279 sodalium
407 250 457 277 ae
479 233 759 290 sequestrium
782 232 1005 288 (quoniam
1028 229 1113 272 huc
1138 230 1287 282 incidi)
1310 232 1507 274 similiter

62 294 405 352 respondendum
429 302 589 350 putem.
652 290 898 345 Numquam
919 289 1034 328 enim
1059 297 1145 328 tam
1168 287 1335 344 Coelius
1357 305 1504 331 amens

66 353 230 403 fuisset,
252 361 314 403 ut,
333 353 365 392 si
390 365 433 392 se
455 354 494 381 ‘28
509 351 590 390 isto
609 347 778 389 infinito
798 347 961 388 ambitu
982 344 1352 396 commaculasset,
1370 347 1506 387 ambi-

65 420 132 451 tus
150 410 331 451 alterum
349 416 592 449 accusaret:
616 419 752 461 neque
771 405 862 460 ejus
877 402 980 444 facti
1000 404 1039 443 in
1062 403 1195 443 altero
1215 403 1506 458 suspicionem

64 476 290 523 quaereret,
323 466 445 521 cujus
480 465 570 521 ipse
604 464 684 504 sibi
718 467 758 498 99
774 471 1024 519 perpetuam
1056 460 1275 500 licentiam
1310 468 1505 515 optaret:

64 539 159 575 nec,
182 524 215 565 si
250 524 331 564 sibi
366 521 494 563 semel
528 520 763 577 perieulum
801 519 988 560 ambitus
1021 517 1287 558 subeundum
1324 527 1508 572 putaret,

64 582 157 638 ipse
177 581 356 622 alterum
381 580 533 620 iterum
556 593 621 620 am
631 579 742 619 bitus
764 577 942 618 crimine
961 583 1205 616 arcesseret.
1223 576 1339 629 quod
1359 588 1508 629 quam—

65 653 194 694 quam
225 652 304 679 nec
332 637 558 693 sapienter,
588 645 631 676 et
661 650 729 677 me
764 634 898 675 invito
931 633 1051 684 facit,
1083 642 1225 673 tamen
1247 634 1288 662 30
1301 639 1365 672 est
1395 631 1509 687 ejus-

67 695 184 738 modi
209 694 479 751 [eupidinis],
518 703 565 733 ut
595 694 730 748 magis
762 691 959 732 insectari
994 689 1165 731 alterius
1200 690 1509 740 innocentiam,

67 768 195 809 quam
220 753 272 793 de
290 767 334 793 se
358 751 507 792 timide
528 751 720 806 cogitare
743 749 951 790 videatur.

127 810 239 851 Nam
261 809 376 865 quod
400 823 457 850 ees
481 808 666 848 alienum
699 807 921 862 objectum
949 813 1027 856 est,
1051 813 1215 845 sumtus
1248 801 1507 860 reprehensi,
1526 813 1572 851 17

69 868 227 909 tabulae
251 867 484 923 flagitatae:
518 865 674 915 videte,
697 879 826 920 quam
852 877 989 919 pauca
1011 861 1304 918 respondeam.
1364 859 1509 902 Tabu-

64 925 140 975 las,
173 924 247 979 qui
281 925 324 964 in
364 922 495 979 patris
532 931 744 977 potestate
777 929 855 972 est,
890 919 1023 961 nullas
1057 919 1248 960 conficit.
1295 932 1510 958 versuram

68 995 304 1036 numquam
326 980 502 1021 omnino
534 979 637 1019 feeit
669 979 809 1019 ullam.
873 979 1047 1018 Sumtus
1079 976 1203 1017 unius
1234 975 1401 1031 generis
1433 977 1511 1016 ob-

63 1039 208 1095 jectus
238 1048 316 1088 est,
338 1037 643 1078 habitationis:
678 1036 856 1091 triginta
887 1034 1073 1074 millibus
1101 1033 1272 1074 dixistis
1302 1047 1400 1074 eum
1435 1033 1512 1074 ha-

73 1097 221 1138 bitare.
294 1095 420 1135 Nunc
462 1094 634 1134 demum
674 1093 882 1147 intelligo,
925 1092 974 1132 P.
1012 1091 1154 1132 Clodii
1198 1090 1377 1131 insulam
1420 1104 1512 1131 esse

70 1152 279 1203 venalem,
301 1155 337 1182 31
355 1151 477 1206 eujus
505 1152 576 1192 hie
599 1151 639 1191 in
666 1150 856 1191 aediculis
881 1149 1062 1199 habitat,
1085 1149 1247 1197 decem,
1272 1156 1319 1188 ut
1341 1148 1511 1203 opinor,

70 1210 274 1252 millibus.
298 1224 372 1250 vos
395 1217 553 1259 autem,
577 1208 679 1249 dum
712 1208 770 1248 illi
806 1206 970 1262 plaeere
995 1206 1136 1256 vultis,
1158 1207 1198 1236 3⁶3
1212 1205 1264 1246 ad
1285 1214 1453 1260 tempus
1473 1205 1511 1246 ei

75 1267 346 1309 mendacium
372 1275 557 1306 vestrum
575 1264 992 1306 accommodavistis.

134 1324 500 1380 Reprehendistis,
528 1339 552 1363 a
594 1332 714 1379 patre
747 1322 860 1377 quod
896 1319 1152 1376 semigrarit.
1186 1319 1300 1374 quod
1339 1319 1513 1374 quidem
1530 1325 1576 1359 18

68 1382 162 1437 jam
198 1383 240 1421 in
273 1382 353 1422 hae
388 1390 515 1421 aetate
550 1381 727 1421 minime
767 1378 1162 1434 reprehendendum
1195 1385 1273 1416 est.
1308 1377 1381 1431 qui
1415 1392 1510 1417 eum
1528 1384 1557 1433 ξ’·
1575 1377 1626 1405 41.

74 1448 119 1480 et
150 1454 204 1479 ex
233 1438 480 1493 reipublicae
511 1452 652 1488 causa,
685 1446 797 1477 esset
830 1435 934 1476 mihi
958 1435 1130 1491 quidem
1165 1433 1404 1484 molestam,
1434 1427 1558 1475 sibi‘²·

77 1506 220 1537 tamen
265 1495 509 1551 gloriosam,
531 1498 570 1525 33
586 1495 809 1535 victoriam
842 1501 1112 1542 consecutus,
1146 1501 1189 1531 et
1231 1505 1305 1546 per
1344 1501 1518 1532 aetatem

77 1554 353 1609 magistratus
380 1561 523 1608 petere
546 1561 704 1608 posset,
726 1566 813 1591 non
836 1552 964 1591 modo
988 1549 1264 1606 permittente
1288 1558 1422 1603 patre,
1446 1549 1520 1590 sed

77 1611 207 1652 etiam
239 1610 457 1660 suadente,
481 1610 534 1650 ab
565 1624 615 1650 eo
650 1608 923 1663 semigravit:
956 1618 999 1648 et
1030 1621 1129 1647 cum
1160 1606 1313 1646 domus
1340 1606 1472 1662 patris
1495 1622 1521 1647 a

78 1668 172 1709 foro
205 1668 333 1723 longe
365 1668 546 1717 abesset,
569 1682 654 1722 quo
689 1665 855 1706 facilius
889 1675 932 1706 et
953 1667 993 1711 314
1007 1673 1172 1704 nostras
1204 1664 1355 1704 domos
1384 1663 1519 1714 obire,

78 1736 121 1766 et
145 1725 234 1780 ipse
253 1739 278 1764 a
300 1724 384 1764 suis
407 1724 490 1765 coli
523 1734 680 1779 posset,
702 1723 914 1764 conduxit
945 1722 988 1762 in
1024 1721 1206 1770 Palatio,
1228 1735 1316 1760 non
1344 1735 1517 1776 magno,

78 1783 270 1824 domum.
333 1781 433 1827 Quo
459 1781 554 1822 loco
579 1795 750 1837 possum
773 1780 914 1821 dicere
944 1779 1002 1830 id,
1025 1778 1141 1834 quod
1163 1779 1228 1818 vir
1245 1771 1567 1828 clarissimus,ss

83 1839 150 1881 M.
188 1839 379 1890 Crassus,
413 1853 511 1879 cum
541 1839 593 1879 de
635 1839 822 1879 adventu
854 1837 966 1893 regis
1003 1835 1227 1877 Ptolemaei
1260 1846 1522 1890 quereretur,

80 1895 209 1953 paulo
237 1905 336 1937 ante
369 1897 496 1947 dixit,
534 1895 702 1937 Utinam
745 1910 794 1936 ne
826 1895 868 1934 in
903 1908 1061 1935 nemore
1094 1891 1320 1934 Pelio—ac
1353 1892 1524 1949 longius

82 1953 256 2010 quidem
285 1953 391 1994 mihi
422 1962 653 1995 contexere
684 1954 767 1994 hoe
798 1966 970 1993 carmen
1002 1951 1163 1992 liceret.
1224 1952 1251 1972 “
1277 1949 1388 1990 Nam
1409 1964 1526 1991 mem-

123 2087 163 2115 28
185 2084 245 2114 isto
259 2083 387 2123 infinito
399 2083 539 2123 ambitu]
560 2084 582 2114 i.
597 2094 624 2114 e.
642 2084 695 2123 qui
711 2087 779 2114 tam

824 2083 963 2119 habitat,
988 2081 1073 2122 quod
1096 2081 1247 2112 latinitas
1276 2080 1435 2120 postulat.
1481 2081 1527 2112 Et

80 2126 148 2157 late
170 2127 317 2166 patebat,
336 2128 411 2165 quia
436 2136 494 2165 per
516 2126 698 2156 multorum
721 2126 781 2155 mi-

824 2126 869 2155 sic
884 2125 984 2155 habet
1005 2126 1107 2155 etiam
1130 2124 1180 2154 ed.
1191 2123 1247 2154 W.
1262 2132 1358 2162 quam
1377 2123 1527 2154 Graevius

83 2169 217 2199 nisteria
240 2169 344 2199 factus
371 2168 550 2200 dicebatur.
573 2168 709 2205 sodales,
734 2177 782 2198 sc-

84 2217 230 2251 questres
248 2211 306 2240 (irc.

126 2255 167 2288 29
183 2257 378 2292 perpetuam
396 2251 575 2290 licentiam]
602 2262 646 2282 sc.
673 2253 706 2282 in
736 2262 786 2282 ce-

83 2295 162 2326 teris
178 2295 424 2335 magistratibus
439 2294 598 2335 petendis.
613 2304 688 2324 nam
707 2299 780 2324 tum

86 2340 158 2368 erat
173 2337 288 2373 aedssis,
305 2347 378 2367 cum
395 2338 464 2367 haee
479 2346 576 2367 causa
590 2337 761 2375 agebatur.

130 2381 171 2409 30
192 2384 239 2409 est
250 2378 408 2419 ejusmodi
422 2379 595 2419 cupidinis]
617 2379 687 2409 Hoc
701 2383 751 2408 est
766 2388 785 2408 a

89 2420 230 2451 Grutero
256 2432 274 2451 e
305 2421 369 2452 Ms.
393 2420 521 2452 Gembl.
566 2421 689 2451 Omnes
718 2421 784 2450 fere

88 2463 144 2494 alii
157 2470 192 2493 et
207 2463 277 2494 edd.
294 2474 406 2494 omnes
421 2468 502 2494 vett.
514 2464 662 2503 cupidus.
695 2464 785 2493 Grae-

87 2506 158 2548 isius
182 2505 282 2536 edidit
307 2507 494 2545 cupiditatis
517 2516 534 2535 e
550 2506 630 2537 cod.
647 2506 784 2536 Memm.

87 2547 142 2586 qui
158 2547 257 2578 habet
272 2547 343 2589 ejus
353 2550 480 2578 omnino
494 2557 567 2587 cup.
611 2548 673 2578 Sed
689 2558 785 2577 nemo

90 2589 223 2627 dixerit,
238 2601 310 2630 quae
325 2591 486 2631 cupiditas
501 2591 554 2620 hic
575 2590 716 2628 intelligi
733 2590 786 2620 de-

89 2630 166 2661 beat
179 2641 216 2662 ac
232 2634 348 2672 possit:
376 2642 451 2663 nam
466 2632 611 2673 partium
627 2632 785 2668 studium,

92 2672 132 2703 de
147 2683 210 2712 quo
224 2677 311 2714 capit
326 2675 485 2712 Graevius,
501 2678 551 2705 est
565 2674 605 2704 ab
620 2674 653 2704 h.
671 2674 692 2704 l.
703 2674 786 2707 ,alie-

91 2724 183 2745 num.
228 2715 298 2756 Ego
311 2726 437 2756 semper
452 2716 570 2747 credidi
588 2716 723 2756 cupidus
735 2716 786 2746 vel

90 2757 251 2796 cupidinis
264 2759 437 2789 delendum
452 2768 519 2789 esse
532 2770 539 2787 t
564 2758 789 2798 itajudicabat

91 2805 127 2829 et
150 2798 342 2831 Lambinus.
367 2810 426 2831 nec
451 2801 598 2831 dubitavi
627 2801 718 2830 uncis
741 2801 791 2831 in-

91 2840 234 2872 eludere.

134 2885 172 2915 31
199 2882 294 2925 majus
317 2886 352 2915 in
377 2885 518 2916 (edicatis
533 2883 668 2924 habitet]
694 2883 788 2916 Edidi

825 2167 877 2198 hic
893 2168 1051 2207 inspicere
1067 2167 1225 2206 neglexit,
1242 2170 1282 2196 ut
1299 2175 1396 2206 saepe.

867 2212 907 2240 32
931 2210 977 2239 ad
989 2213 1115 2249 tempus
1135 2209 1162 2238 ei
1178 2218 1221 2238 m.
1237 2218 1268 2238 v.
1287 2208 1371 2247 aea]
1384 2208 1527 2249 Nempe,

831 2251 1044 2282 habitationis
1074 2251 1228 2281 Coelianae
1262 2251 1445 2281 mercedem
1479 2252 1528 2282 ita

830 2293 993 2333 augendo,
1010 2298 1049 2324 ut
1073 2293 1206 2325 Clodius
1229 2293 1361 2333 majoris
1388 2293 1527 2324 vendere

832 2341 950 2376 posset.

872 2381 911 2409 33
935 2379 1105 2408 victoriam
1127 2376 1326 2416 consecutus]
1353 2377 1437 2407 Cum
1455 2388 1528 2418 per-

828 2420 956 2450 fecisset
971 2420 1154 2450 accusando
1177 2420 1215 2450 C.
1230 2420 1390 2456 Antonio,
1413 2425 1452 2451 ut
1475 2420 1527 2450 hic

828 2462 1042 2493 damnaretur
1055 2466 1089 2493 et
1111 2463 1146 2492 in
1168 2462 1321 2493 exsilium
1337 2463 1382 2492 ire
1398 2472 1529 2502 cogere-

829 2510 884 2535 tur
896 2517 905 2535 :
930 2504 968 2535 de
982 2515 1046 2544 quo
1061 2505 1174 2535 exsilio
1189 2505 1223 2535 in
1239 2514 1287 2535 or.
1304 2505 1339 2534 in
1351 2504 1464 2535 Vatin.
1481 2505 1529 2534 vi-

829 2547 946 2578 dimus.

871 2592 912 2620 34
945 2594 1073 2620 nostras
1097 2589 1205 2619 domos
1235 2588 1333 2627 obire]
1368 2588 1528 2619 Gruterus

829 2632 931 2662 edidit
959 2633 1084 2668 domus,
1114 2632 1155 2662 ab
1191 2631 1383 2669 antiquariis
1420 2636 1530 2661 ortam

829 2674 1040 2714 scripturam.
1085 2673 1166 2704 Edd.
1193 2684 1242 2714 pr.
1268 2681 1384 2702 omnes
1410 2673 1530 2710 domos,

830 2716 916 2755 quod
943 2716 1084 2746 restitui.
1129 2716 1240 2746 Etiam
1262 2714 1339 2745 alibi
1362 2714 1425 2744 ista
1452 2715 1532 2744 scri-

834 2763 932 2798 ptura
945 2759 1059 2789 domus
1072 2758 1245 2797 reperitur,
1257 2762 1297 2786 ut
1312 2766 1363 2795 ap.
1376 2756 1447 2786 Liv.
1466 2756 1530 2794 111,

834 2801 885 2830 26.
912 2801 967 2830 ubi
995 2805 1108 2830 tamen
1137 2809 1209 2829 eam
1239 2798 1532 2830 Drakenborchius

835 2852 902 2873 non
914 2848 1044 2873 secutus
1059 2847 1127 2873 est:
1151 2851 1249 2881 quem
1264 2840 1308 2872 ibi
1324 2839 1405 2871 vide.
