1769 3174
250 116 349 150 1036
841 109 1089 148 ORATIO

245 215 447 256 subsellia
482 215 730 271 dissiparit?
769 229 895 256 urnas
935 214 1168 270 delegerit?
1205 227 1274 254 eas
1313 212 1497 267 denique
1535 226 1681 254 omnes

245 287 311 314 res
332 274 375 313 in
395 272 565 327 judicio
587 273 868 313 disturbando
891 270 1169 320 commiserit,
1191 284 1367 324 quarum
1393 284 1530 310 rerum
1554 284 1682 310 causa

240 329 410 385 judicia
440 340 539 370 sunt
572 330 836 371 constituta?
876 329 1039 370 sciasne
1073 338 1163 368 tum
1197 328 1358 382 fugisse
1394 326 1680 367 Memmium?

247 396 516 428 accusatores
545 402 634 427 esse
663 396 757 427 tuos
781 386 832 427 de
857 386 940 426 tuis
969 395 1225 438 tuorumque
1255 384 1451 424 manibus
1478 385 1678 439 ereptos?

240 444 412 499 judices
445 444 733 498 quaestionum
764 443 816 483 de
850 442 1058 498 proximis
1087 441 1371 481 tribunalibus
1405 454 1494 480 esse
1531 438 1680 494 depul-

248 504 351 543 sos?
383 501 425 542 in
462 502 571 551 foro,
600 501 708 550 luce,
738 500 1004 555 inspectante
1038 497 1197 553 populo
1234 497 1446 547 Romano,
1476 495 1680 550 quaestio·

247 572 362 609 nem,
379 559 670 613 magistratuS,
694 571 854 597 morem
879 556 1105 610 majorum,
1126 554 1253 609 leges,
1270 554 1454 607 judiceS‚
1475 553 1680 594 scelerum

281 630 426 656 oenam
458 629 548 655 esse
580 614 817 654 sublatam?
850 612 943 652 haec
975 613 1120 653 onmia
1141 612 1304 651 sciasne
1326 612 1365 643 :Q
1379 610 1603 664 diligentia
1626 609 1678 651 C.

307 673 452 713 einmii
486 671 667 726 publicis
698 669 852 710 tabulis
878 684 967 709 esse
992 678 1139 708 notata
1166 678 1293 723 atque
1317 669 1501 707 testata?
1532 666 1676 722 Atque

249 730 351 770 illud
388 729 516 769 etiam
551 742 712 782 quaero,
747 730 786 760 73
800 741 913 776 eum,
947 736 1225 781 posteaquam
1260 739 1303 764 cs
1335 723 1587 779 postulatus,
1620 738 1674 764 ex

247 786 462 841 legatione
487 785 674 834 redieris,
697 797 748 823 ne
771 784 864 838 quis
890 793 931 822 te
952 783 1119 837 judicia
1141 781 1343 836 defugere
1372 782 1674 822 arbitraretur:

248 855 389 898 teque,
420 857 518 883 eum
557 842 651 891 tibi,
685 850 827 880 utrum
867 839 1006 889 velles,
1045 840 1204 888 liceret,
1243 839 1467 888 dictitaris,
1502 852 1672 878 causam

245 901 387 941 dicere
420 899 643 940 maluisse:
678 897 751 952 qui
784 906 1117 938 consentaneum
1149 896 1290 944 suerit,
1318 910 1414 935 cuin
1446 895 1672 950 legationis

246 957 445 1013 perfugio
475 957 534 1005 uti
564 954 782 1003 noluisses,
804 953 1089 1010 appellatione
1112 953 1428 1008 improbissima
1455 962 1496 993 te
1523 952 1574 992 ad
1601 967 1674 992 au-

212 1061 230 1070 *
249 1014 399 1054 xilium
423 1013 630 1053 nefarium
655 1011 929 1067 confugisse?

168 1062 234 1108 10
308 1070 362 1112 lit
382 1070 586 1126 quoniam
618 1068 844 1124 legationis
878 1078 962 1109 tuae
995 1067 1110 1108 faeta
1139 1068 1299 1107 mentio
1322 1077 1400 1118 est,
1424 1066 1519 1107 volo
1541 1067 1671 1107 etiam

181 1133 232 1166 35
245 1128 391 1169 audire
413 1128 465 1168 de
488 1136 543 1176 te,
565 1141 650 1181 quo
675 1125 846 1166 tandem
878 1134 1048 1166 senatus
1079 1125 1275 1166 consulto
1307 1124 1470 1180 legatus
1502 1123 1588 1164 sis?
1620 1124 1671 1164 (le

243 1194 367 1241 gestu
412 1184 606 1240 intelligo
648 1183 750 1238 quid
792 1183 1077 1238 respondeas:
1120 1191 1194 1222 tua
1230 1182 1338 1236 lege,
1376 1182 1496 1222 dicis.
1560 1179 1671 1221 Esne

243 1243 377 1297 igitur
418 1242 568 1297 patriae
611 1240 872 1281 certissimus
914 1238 1152 1295 parricida?
1183 1238 1490 1293 7⁶¹sperabasne
1529 1237 1586 1288 id,
1628 1249 1673 1278 ut

241 1309 384 1355 patres
407 1298 639 1354 conscripti
663 1311 715 1337 ex
741 1297 960 1352 republica
984 1296 1176 1337 funditus
1206 1296 1479 1337 tollerentur?
1510 1309 1563 1335 nc
1589 1295 1670 1336 hoc

243 1357 417 1411 quidem
448 1356 611 1396 senatui
646 1353 928 1409 relinquebas,
955 1354 1070 1409 quod
1106 1367 1231 1392 nemo
1264 1366 1462 1406 umquam
1496 1352 1671 1402 ademit,

242 1416 282 1446 75
297 1423 345 1454 ut
366 1413 495 1469 legati
520 1427 573 1453 ex
605 1411 697 1466 ejus
729 1411 890 1452 ordinis
921 1410 1176 1451 auctoritate
1206 1409 1476 1464 legarentur?
1507 1409 1668 1450 adeone

245 1470 324 1511 tibi
347 1470 565 1511 sordidum
588 1468 813 1510 eonsilium
837 1469 1058 1524 publicum
1082 1467 1218 1507 visum
1240 1469 1329 1508 est?
1356 1466 1462 1506 adeo
1484 1466 1668 1506 afflictus

242 1538 429 1579 senatus,
451 1528 557 1568 adeo
588 1526 743 1566 misera
772 1535 815 1566 et
846 1534 1058 1581 prostrata
1087 1523 1341 1579 respublica,
1366 1533 1413 1563 ut
1444 1538 1528 1563 non
1561 1538 1669 1564 nuu-

240 1585 324 1625 tios
363 1585 480 1640 pacis
515 1599 565 1624 ae
608 1582 722 1633 belli,
761 1598 843 1623 non
884 1591 1114 1631 curatores,
1152 1596 1239 1621 non
1279 1581 1545 1636 interpretes,
1581 1595 1666 1621 non

240 1642 380 1683 bellici
404 1641 571 1683 consilii
593 1649 802 1690 auctores,
822 1655 906 1680 non
932 1639 1146 1679 ministros
1179 1638 1363 1678 muneris
1394 1637 1665 1693 provincialis

174 1698 224 1731 36
239 1709 409 1740 senatus
440 1713 556 1739 more
581 1697 792 1752 majorum
825 1697 1011 1752 deligere
1044 1699 1213 1751 posset?
1246 1694 1472 1750 Eripueras
1501 1694 1665 1736 senatui

182 1788 185 1789 γ
236 1757 472 1811 provinciae
514 1754 793 1796 decernendae
833 1762 1106 1810 potestatem,
1143 1752 1409 1807 imperatoris
1451 1752 1665 1807 deligendi

227 1813 460 1867 judicium,
491 1812 628 1853 aerarii
660 1811 1051 1866 dispensationem:
1084 1824 1180 1864 quae
1212 1824 1445 1864 numquam
1477 1810 1556 1850 sibi
1591 1825 1667 1864 po-

235 1871 358 1926 pulus
385 1870 606 1911 Romanus
625 1868 852 1924 appetivit,
869 1868 940 1923 qui
966 1881 1197 1921 numquam
1222 1866 1315 1907 haee
1338 1882 1361 1906 a
1384 1867 1538 1907 summi
1560 1881 1664 1907 con—

235 1927 316 1968 silii
352 1927 666 1983 gubernatione
697 1924 864 1965 auferre
895 1933 1074 1966 conatus
1109 1933 1186 1964 est.
1247 1923 1368 1978 Age:
1403 1922 1564 1964 factum
1599 1934 1664 1964 est

235 1984 388 2026 horum
411 1983 572 2039 aliquid
595 1984 639 2024 in
661 1982 753 2024 aliis
775 1999 783 2023 :
818 1997 935 2023 raro:
969 1981 1039 2022 sed
1064 1989 1206 2021 tamen
1230 1979 1388 2021 facturn
1415 1990 1493 2031 est,
1515 1990 1562 2021 ut
1585 1995 1662 2036 po-

186 2041 356 2097 t›.pulus
390 2042 597 2098 deligeret
629 2041 946 2096 imperatorem.
1008 2038 1117 2085 Quis
1152 2037 1316 2094 legatos
1353 2052 1557 2093 umquam
1590 2053 1663 2079 au-

271 2188 312 2220 ’ῖίέ
335 2187 522 2227 dulgentia]
541 2185 621 2216 Inde
637 2186 677 2216 ab
691 2185 752 2216 hoc
766 2186 863 2216 verbo
878 2185 924 2215 la-

230 2240 316 2259 cuna
329 2235 390 2267 est,
407 2239 507 2268 usque
523 2229 563 2259 ad
574 2229 672 2258 verba
685 2230 802 2259 mentio
817 2233 875 2264 est,
891 2228 926 2258 in

229 2271 301 2301 edd.
321 2282 368 2311 pr.
415 2272 560 2301 Primum
578 2280 649 2301 earu
664 2271 806 2310 explevit
825 2270 926 2300 editio

230 2313 404 2343 Cratandri
417 2325 424 2342 ε
441 2312 527 2352 quod
540 2323 606 2343 non
618 2313 827 2343 observatum
840 2313 923 2342 Gru·

230 2361 302 2385 tero
319 2361 378 2386 aut
393 2356 531 2385 Grawio.

273 2400 312 2430 73
329 2398 633 2437 quotlposcenquam
650 2394 727 2434 &‹·.]
746 2396 845 2436 Quod
858 2405 924 2425 non

231 2442 386 2470 convenit
425 2439 648 2479 sequentibus,
684 2438 924 2476 legendumque

231 2491 345 2521 quum,
372 2481 456 2520 quod
483 2481 652 2520 sequentia
679 2479 775 2520 plane
803 2480 924 2511 deside-

233 2529 308 2554 rant
323 2535 329 2552 z
354 2533 491 2563 quorum
513 2523 592 2553 ordo
607 2527 669 2559 est,
685 2531 868 2561 quum—ex
882 2524 925 2552 le-

228 2567 364 2604 gatione
384 2566 591 2596 redieris—et
612 2565 786 2601 dictitaris,
803 2569 833 2594 te
847 2574 926 2594 eau-

229 2619 301 2638 sam
333 2609 438 2638 dicere
465 2609 637 2638 maluisse.-
670 2606 727 2646 qui
761 2611 925 2636 consenta-

231 2660 328 2680 neum
344 2654 397 2680 set.
421 2650 485 2680 Hic
498 2650 583 2690 quod
595 2649 687 2679 nullo
703 2647 800 2677 modo
816 2649 923 2678 locum

230 2692 338 2722 habet.
363 2692 478 2731 Itaque
493 2701 559 2721 non
575 2690 719 2722 dubitavi
735 2689 780 2719 sic
795 2694 924 2720 textum

228 2735 401 2773 corrigere.
429 2734 569 2771 Legatio
582 2738 693 2764 autem
708 2731 923 2771 intelligenda

227 2786 293 2806 non
308 2777 455 2816 superior
470 2776 526 2806 illa
543 2775 782 2814 HispaniensiS,
797 2774 852 2804 Sed
866 2785 923 2814 po·

225 2818 343 2848 sterior
366 2817 422 2850 illa
444 2817 584 2855 Gallica,
605 2817 638 2847 in
661 2816 830 2856 provincia
852 2817 923 2846 Ca·-

224 2861 318 2897 saris,
342 2870 381 2891 ex
404 2870 467 2899 qua
496 2870 567 2892 reus
593 2859 698 2891 faetus
723 2858 794 2898 lege
820 2858 923 2889 sunia

968 2186 1095 2216 Licinia
1110 2186 1205 2216 rediit
1219 2186 1371 2216 Romam.

1010 2231 1050 2262 74
1072 2228 1237 2268 sperasne]
1263 2229 1314 2258 Sic
1331 2229 1401 2258 edd.
1416 2228 1543 2268 primm,
1559 2227 1659 2257 etiam

969 2271 1052 2301 Mss.
1068 2270 1209 2309 quidam.
1226 2269 1280 2300 alii
1296 2271 1368 2300 libri
1383 2280 1443 2300 scr.
1459 2276 1491 2300 et
1507 2269 1579 2299 edd.
1592 2280 1660 2308 spe-

966 2314 1120 2349 ctarisne,
1143 2312 1197 2343 alii
1221 2321 1382 2351 sperasne.
1406 2312 1492 2342 istud
1517 2312 1661 2342 restituit

968 2355 1139 2385 Gruterus.
1170 2354 1232 2384 Sed
1248 2359 1281 2384 et
1297 2355 1327 2385 id
1343 2366 1353 2383 x
1364 2354 1495 2384 itiosuin
1512 2359 1572 2390 est,
1589 2364 1660 2385 eor-

968 2398 1099 2435 rexique
1128 2396 1282 2427 audacter
1309 2398 1520 2436 sperabasne:
1549 2397 1593 2426 sic
1625 2397 1658 2426 in

968 2442 1124 2478 sequente
1136 2443 1186 2469 est
1200 2439 1412 2478 relinquebas.
1435 2439 1497 2468 Sed
1512 2443 1544 2468 et
1562 2439 1605 2474 id,
1624 2444 1657 2468 nt

969 2483 1028 2512 Sco.
1066 2491 1132 2510 non
1166 2481 1244 2510 satis
1274 2482 1403 2521 placet:
1436 2481 1510 2511 ferri
1546 2488 1658 2511 tamen

969 2527 1087 2563 potest.

1011 2568 1051 2598 75
1067 2570 1104 2595 ut
1120 2565 1470 2603 legati—legarentur]
1490 2565 1565 2595 Non
1582 2564 1658 2593 sim-

967 2607 1097 2647 pliciter
1117 2606 1236 2637 damno
1261 2607 1344 2637 lianc
1368 2608 1552 2637 lectionem.
1582 2616 1657 2635 nuni

967 2656 1000 2679 et
1024 2650 1112 2679 Sext.
1133 2651 1178 2678 Η.
1195 2656 1242 2678 υἱ
1259 2659 1334 2686 quos
1357 2651 1480 2687 legatos
1498 2650 1554 2678 tibi
1570 2650 1659 2686 [ηρα-

966 2693 1026 2721 sti:
1051 2691 1106 2721 sed
1127 2696 1238 2720 tamt-n
1263 2690 1417 2721 inclinavi
1439 2691 1502 2721 huc
1518 2700 1607 2723 sane,
1623 2695 1661 2719 ut

966 2735 1153 2772 legerentur
1167 2742 1233 2762 esse
1253 2733 1459 2763 scribendum
1481 2739 1629 2772 putarem
1648 2743 1656 2761 :

966 2785 1025 2806 nec
1044 2776 1121 2805 satis
1142 2774 1257 2804 similis
1280 2774 1334 2804 ille
1357 2776 1446 2805 locus
1468 2781 1529 2804 est.
1555 2774 1656 2813 reperi

965 2818 1066 2847 etiam
1083 2827 1102 2847 a
1116 2817 1247 2847 Nizolio
1262 2816 1307 2846 sie
1327 2817 1414 2847 hune
1437 2817 1545 2847 locum
1570 2828 1659 2846 eon:-

967 2859 1151 2890 memorari.
1197 2860 1238 2890 Et
1256 2868 1331 2889 mox
1346 2858 1425 2890 dicit
1439 2860 1592 2898 deligere.
