1785 3185
427 83 774 125 PHILIPPICA
805 83 1095 123 SECUNDA.
1379 85 1480 125 12ῖὸ

55 190 166 242 vide,
184 202 311 244 quam
333 196 375 231 te
390 189 543 231 amarit
564 189 613 239 is,
630 187 718 243 qui,
741 189 780 218 84
794 186 913 227 albus
929 195 1073 227 aterve
1091 187 1235 237 fueris,
1255 185 1478 243 ignorans,

56 246 197 290 fratris
233 246 369 287 filium
411 245 640 302 praeteriit!
685 247 724 275 85
741 244 798 290 Q.
824 243 956 294 Furii,
990 243 1282 284 honestissimi
1321 244 1479 299 equitis

55 303 259 354 Romani,
283 303 432 358 suique
461 300 724 352 amicissimi,
752 314 879 356 quem
910 300 1050 356 palam
1083 299 1282 341 heredem
1313 316 1480 357 semper
1492 309 1524 341 b.

52 359 285 410 factitarat,
314 374 370 401 ne
401 373 557 400 nomen
589 358 761 414 quidem
792 357 1063 413 perscripsit:
1107 365 1164 406 te,
1197 372 1324 411 quem
1355 373 1480 399 num-

54 431 182 472 quam
216 416 393 468 videmt,
425 417 527 458 86ac
559 429 792 470 numquam
827 414 1100 465 salutaverat,
1130 413 1236 454 fecit
1265 414 1481 456 heredem.

54 473 195 515 Velim
216 473 321 515 mihi
344 474 476 525 dicas,
503 473 583 514 nisi
608 473 833 514 molestum
855 480 933 521 est,
958 471 1007 512 L.
1026 470 1242 512 Turselius
1265 486 1350 526 qua
1371 470 1482 513 facie

54 529 198 582 fuerit,
220 545 305 586 qua
323 540 497 582 statura,
516 545 601 586 quo
618 529 871 585 municipio,
893 544 977 584 qua
1001 529 1129 570 tribu.
1161 527 1268 568 nihil
1290 527 1394 578 scio,
1417 528 1484 569 in-

55 587 190 643 quies,
218 588 300 628 nisi
332 603 428 644 quae
463 587 624 644 praedia
655 586 866 629 habuerit.
927 585 1068 642 Igitur
1097 585 1271 627 fratrem
1303 585 1483 626 exhere-

55 645 174 696 dans,
207 653 248 685 te
280 644 466 687 faciebat
496 644 710 686 heredem.
770 643 822 684 In
853 642 1009 684 multas
1042 651 1248 698 praeterea
1278 642 1483 698 pecunias

55 701 409 744 alienissimorum
445 702 684 753 hominum,
716 699 864 756 ejectis
897 700 1005 741 veris
1035 699 1278 751 heredibus,
1314 701 1352 733 87
1374 708 1483 740 tam-

55 772 185 814 quam
207 758 326 800 heres
348 768 472 811 esset,
501 759 671 800 invasit.
733 758 1006 812 Quamquam
1030 756 1113 798 hoc
1136 757 1324 797 maxime
1346 757 1480 798 adrni-
1491 759 1543 794 42

57 825 173 857 ratus
206 830 314 867 sum,
344 816 606 858 mentionem
637 824 678 856 te
708 814 994 856 hereditatum
1025 828 1176 855 ausum
1207 828 1297 855 esse
1327 813 1481 866 faeere,

57 886 156 914 cum
178 872 268 929 ipse
289 873 567 914 hereditatem
590 871 721 928 patris
743 885 829 913 non
850 871 1023 912 adisses,

116 929 228 970 Haec
247 938 294 970 ut
310 930 545 987 colligeres,
565 929 694 970 homo
713 929 1017 980 amentissime,
1034 935 1100 969 tot
1118 927 1208 970 dies
1229 929 1268 959 83
1283 928 1325 969 in
1345 927 1483 969 aliena
1500 927 1567 984 17

62 985 161 1026 villa
190 986 459 1029 declamasti?
489 1000 748 1042 quamquam
779 995 826 1026 tu
857 985 1028 1041 quidem
1054 989 1122 1039 (ut
1148 985 1211 1026 tui
1241 985 1483 1026 familiaris-

59 1041 156 1084 simi
185 1042 406 1095 dictitant)
434 1044 522 1085 vini
553 1043 796 1094 exhalandi,
830 1056 918 1084 non
950 1043 1114 1099 ingenii
1145 1043 1324 1084 acuendi
1356 1058 1486 1084 causa

58 1099 320 1142 declamitas.
381 1101 438 1142 Et
458 1115 558 1146 vero
587 1100 763 1142 adhibes
786 1099 926 1155 89j0ci
948 1114 1077 1143 causa
1097 1100 1366 1155 magistrum,
1397 1099 1486 1141 suf·

57 1154 198 1212 fragio
237 1165 326 1210 tuo,
358 1167 402 1199 et
437 1167 739 1213 compotorum
772 1165 958 1207 tuorum,
997 1157 1237 1208 rhetorem;
1279 1158 1348 1198 cui
1381 1172 1486 1198 con-

61 1213 242 1266 cessisti,
269 1224 317 1256 ut
346 1215 390 1256 in
416 1223 473 1267 te,
502 1230 599 1270 quae
622 1214 762 1265 vellet,
784 1213 958 1255 diceret.
1019 1213 1185 1255 Salsum
1207 1215 1385 1255 omnino
1406 1214 1488 1255 ho-

59 1270 242 1314 minem!
274 1275 315 1306 90
331 1272 404 1315 sed
432 1272 610 1314 materia
635 1271 787 1321 facilis,
816 1271 860 1312 in
883 1280 925 1312 te
946 1279 989 1312 et
1010 1271 1172 1313 intuos
1195 1271 1311 1312 dicta
1329 1272 1486 1312 dicere.

63 1326 172 1371 Vide
193 1337 351 1382 autem,
372 1329 475 1385 quid
498 1329 608 1370 inter
628 1337 671 1369 te
692 1339 735 1369 et
756 1343 882 1369 avum
902 1338 1024 1369 tuum
1047 1328 1228 1369 intersit.
1290 1328 1367 1369 Ille
1390 1343 1486 1370 sen-

61 1384 142 1425 sim
164 1385 350 1439 dicebat,
371 1387 486 1443 quod
515 1401 654 1428 causae
682 1386 921 1442 prodesset;
953 1395 998 1426 tu
1022 1386 1178 1426 cursim
1204 1385 1310 1426 dieis
1332 1385 1485 1427 aliena.

62 1440 122 1482 At
146 1452 307 1498 quanta
335 1458 496 1486 merces
525 1443 684 1485 rhetori
712 1443 812 1484 data
839 1445 926 1483 est?
957 1442 1132 1494 Audite,
1160 1443 1318 1494 audite,
1343 1453 1484 1499 patres
1497 1454 1549 1492 45

62 1500 313 1556 conscripti,
349 1511 392 1542 et
423 1501 674 1557 cognoscite
711 1499 958 1556 reipublicae
999 1500 1185 1541 vulnera.
1229 1500 1315 1540 duo
1353 1499 1488 1540 millia

55 1555 261 1612 jugerum
283 1558 424 1615 campi
464 1557 665 1600 Leontini
687 1558 789 1599 Sex.
814 1556 968 1599 Clodio
989 1557 1151 1599 rhetori
1180 1557 1423 1612 assignasti,
1444 1566 1490 1598 et

103 1684 145 1713 84
166 1681 260 1713 albus
285 1681 410 1722 aterve]
452 1682 516 1713 Ms.
548 1682 614 1713 Gu.
647 1680 751 1712 etalii

62 1722 137 1755 libri
149 1733 180 1754 α.
196 1728 322 1756 aterne.
346 1724 430 1755 nihil
447 1724 594 1755 interest.
638 1724 754 1755 Fueris

62 1770 151 1797 reete
166 1766 216 1797 ed.
233 1766 328 1798 Grut.
344 1767 417 1798 aliae
430 1765 644 1806 malefecerit.

105 1811 145 1839 85
181 1809 226 1850 Q.
257 1808 365 1848 Furz'i]
395 1809 462 1839 Alii
489 1810 576 1839 inter
603 1808 754 1848 vulgatos

65 1848 170 1888 Fusii,
186 1851 281 1882 male.
304 1852 449 1882 Graevius
465 1851 554 1882 dedit
574 1851 663 1893 Fcfii
679 1861 754 1882 cum

64 1892 191 1923 faerno
206 1897 240 1923 et
255 1894 325 1933 ejus
339 1893 540 1933 sequacibus.

108 1935 148 1965 86
170 1944 210 1965 ac
223 1945 392 1975 nunquam
405 1936 624 1976 salutaverat]
649 1935 678 1967 E
690 1936 769 1968 Ms.'

67 1975 144 2007 vat.
167 1976 291 2007 editum
316 1984 366 2008 est
393 1988 412 2008 a
438 1978 617 2016 nonnullis,
645 1979 680 2008 in
708 1978 758 2009 his

69 2019 211 2056 Graevio‚
241 2024 302 2050 arat
335 2024 420 2050 certe
456 2030 639 2060 nunquam.
698 2021 760 2051 Sed

65 2071 138 2101 quae
152 2066 203 2091 est
224 2061 294 2092 haec
312 2063 497 2092 sententia?
525 2062 603 2102 quid
625 2063 759 2092 omnino

67 2102 130 2134 hae
151 2103 186 2133 in
213 2113 246 2134 re
272 2104 428 2135 salutatio
457 2105 756 2135 commemoratur?

69 2145 135 2177 Ms.
151 2145 216 2177 Gu.
237 2146 309 2176 edd.
333 2157 380 2187 pr.
401 2156 441 2177 ac
460 2156 501 2177 ue
523 2157 669 2186 ranquam
694 2150 755 2178 sal.

68 2187 173 2218 Credo
195 2188 266 2218 haec
287 2190 384 2220 verba
407 2189 446 2219 de
470 2188 667 2219 salutatione
689 2199 756 2220 esse

68 2230 197 2270 spuria:
223 2240 281 2271 per
300 2240 333 2261 se
358 2231 567 2270 intelligitur,
585 2241 651 2261 non
672 2231 758 2261 salu-

68 2276 177 2303 tatum
193 2281 274 2310 esse,
289 2283 385 2311 quern
401 2283 569 2313 nunquam
585 2272 719 2304 viderat.

111 2317 150 2348 87
174 2317 345 2354 tamquam
372 2317 463 2346 lieres
496 2319 587 2349 esset,
622 2316 756 2355 invasit]

67 2355 240 2388 Lectorem
255 2361 423 2387 attentum
442 2358 537 2388 eredo
553 2357 671 2387 offendi
686 2359 760 2388 sub-

68 2398 118 2429 ita
136 2397 197 2429 hae
215 2399 398 2429 mutatione
418 2401 574 2430 orationis
587 2410 604 2429 e
617 2400 759 2432 secunda

69 2440 105 2471 in
124 2441 257 2472 tertiam
279 2451 464 2481 personam,
490 2447 525 2472 et
549 2442 661 2472 statim
685 2447 759 2483 post

69 2492 182 2513 rursus
198 2493 216 2512 e
236 2484 335 2513 tertia
357 2484 391 2514 in
410 2486 562 2524 primam.
608 2485 759 2515 Arbitror

74 2523 128 2555 hic
144 2524 351 2556 scribendum
366 2536 445 2557 esses
457 2526 618 2557 invasisti.
646 2527 757 2558 Etiam

72 2567 192 2599 acribus
221 2577 271 2597 res
297 2568 455 2600 turbavit.
503 2568 604 2599 Velut
634 2570 666 2599 in
698 2569 762 2600 Ms.

72 2609 136 2640 Gu.
160 2613 209 2640 est
225 2613 300 2649 post
321 2620 341 2640 a
366 2620 412 2642 m.
438 2621 488 2652 pr.
512 2615 545 2641 et
567 2611 601 2640 in
625 2611 697 2642 edd.
713 2621 762 2652 pr.

70 2652 199 2684 udisset.

113 2696 152 2724 88
190 2695 226 2723 in
252 2694 361 2725 aliena
388 2695 484 2735 villa]
521 2695 558 2725 In
587 2694 764 2726 Tiburtina

74 2735 234 2775 Scipionis
249 2736 390 2774 Metelli,
405 2747 435 2768 v.
454 2737 494 2767 ad
518 2737 594 2767 Div.
625 2737 705 2774 XII,
729 2739 760 2768 2.

73 2776 158 2808 Phil.
183 2779 212 2808 5.
238 2778 294 2808 ubi
320 2779 421 2809 etiam
447 2779 558 2810 eodem
586 2779 695 2816 modo,
723 2783 762 2810 ut

70 2818 125 2850 hic
152 2825 276 2858 narrat,
303 2820 401 2850 modo
425 2821 640 2858 declamandi,
662 2821 760 2852 modo

72 2859 304 2896 declamitaudi
332 2863 430 2896 verbo
457 2873 553 2896 usus:
590 2873 650 2898 uec
679 2864 760 2897 adeo

794 1686 879 1718 erat,
903 1691 1002 1721 quare
1023 1681 1170 1712 Graevius
1194 1681 1228 1713 h.
1253 1682 1277 1714 l.
1298 1682 1492 1713 declamitas

796 1725 829 1754 in
845 1725 1009 1755 declamas
1026 1728 1182 1754 mutaret.

839 1771 878 1801 89
891 1765 961 1807 joci
988 1766 1103 1806 caum]
1130 1766 1177 1796 Ut
1196 1765 1298 1796 discas
1320 1766 1360 1796 ab
1382 1776 1422 1796 eo
1444 1766 1493 1797 fa.

796 1813 867 1839 cete
883 1809 917 1838 in
939 1809 1019 1840 alios
1038 1808 1156 1848 dicere,
1172 1808 1257 1838 sicut
1277 1813 1311 1838 et
1326 1809 1358 1838 in
1376 1818 1428 1839 me
1442 1809 1492 1839 fa-

797 1856 887 1881 cetus
917 1861 985 1882 esse
1013 1851 1164 1881 voluisti:
1199 1856 1234 1880 et
1262 1854 1436 1890 propterea
1460 1852 1493 1882 ei

797 1893 960 1933 permittis
976 1894 1009 1923 in
1029 1899 1063 1923 te
1078 1893 1195 1930 (licere,
1211 1892 1353 1923 dicteriis
1369 1899 1402 1923 te
1418 1893 1491 1923 irri-

798 1935 872 1965 dere
888 1936 921 1965 in
938 1935 1160 1966 declamando.
1206 1934 1278 1964 Hoc
1301 1944 1368 1966 non
1384 1936 1493 1966 anim-

801 1977 1004 2008 advertentes
1024 1977 1204 2008 Lambinus
1230 1983 1265 2007 et
1284 1977 1353 2015 alii,
1379 1977 1493 2009 locum

802 2019 1055 2060 interpolat-unt.
1112 2019 1157 2049 Et
1184 2029 1259 2049 vero
1287 2027 1403 2051 auctor
1440 2024 1492 2050 est

803 2062 1010 2098 Plutarchus,
1020 2063 1199 2092 Antonium
1214 2061 1348 2091 omnino
1364 2062 1492 2102 patien-

803 2109 871 2134 tem
886 2104 1096 2134 dicteriorum
1112 2104 1145 2133 in
1158 2112 1190 2133 se
1202 2103 1312 2140 fuisse,
1322 2105 1422 2144 iisque
1436 2104 1491 2135 de-

800 2146 958 2176 lectatum
983 2156 1050 2177 esse
1075 2155 1140 2175 non
1158 2146 1277 2183 minus,
1303 2156 1400 2186 quam
1418 2155 1492 2186 quae

800 2188 833 2218 iu
848 2188 928 2218 alios
939 2189 1032 2227 jacta
1046 2193 1166 2218 essent.

842 2233 883 2262 90
917 2231 973 2260 sed
1009 2231 1150 2260 ηιαίενὶιι
1177 2229 1489 2272 facilis,-dicere]

803 2271 902 2302 Hunc
930 2273 1038 2303 locum
1059 2281 1174 2303 sanum
1201 2281 1268 2302 esse
1295 2282 1360 2302 non
1383 2274 1491 2305 credo.

802 2313 884 2353 Quae
900 2315 1006 2345 forma
1024 2320 1074 2345 est
1097 2313 1237 2351 dicendi,
1254 2316 1395 2345 materia
1399 2316 1493 2356 faci-

803 2358 1016 2387 lis—dicere?
1038 2358 1091 2387 Sic
1116 2356 1227 2387 Latini
1251 2356 1398 2396 profecto
1425 2367 1494 2389 non

802 2398 992 2437 loquuntur.
1037 2399 1144 2429 Immo
1163 2399 1294 2434 dicenti,
1316 2398 1365 2429 vel
1384 2401 1430 2430 ad
1444 2401 1493 2430 di-

801 2442 938 2472 cendum
965 2450 1032 2471 esse
1061 2441 1203 2472 deberet.
1259 2440 1288 2470 A
1316 2441 1396 2472 Cod.
1427 2443 1492 2473 Gu.

801 2483 901 2514 abest·
916 2485 1033 2521 dicere,
1068 2483 1153 2523 quod
1183 2491 1294 2514 tamen
1322 2484 1494 2515 absorbere.

801 2527 910 2566 potuit
934 2535 1069 2565 sequens
1096 2526 1244 2556 dicerem.
1289 2524 1375 2555 Nam
1402 2527 1437 2556 in
1455 2537 1494 2557 eo

807 2567 887 2598 Cod.
907 2574 957 2598 est
976 2568 1143 2603 Dicerem,
1169 2568 1248 2608 quid
1270 2567 1358 2597 inter
1379 2572 1410 2598 te
1436 2570 1495 2599 &e-

806 2616 839 2640 et
853 2611 989 2640 omnino
1004 2611 1056 2641 hic
1071 2611 1198 2641 variant
1212 2609 1298 2640 libri.
1343 2610 1496 2640 Arbitror

806 2653 892 2682 (licta
907 2653 1011 2683 dicere
1025 2662 1092 2683 esse
1117 2653 1157 2682 ab
1181 2650 1449 2690 interpolatione,
1476 2661 1497 2683 a

807 2693 962 2725 Cicerone
976 2699 1086 2725 autem
1102 2703 1187 2725 esse:
1210 2694 1266 2723 sed
1284 2694 1425 2723 materia
1432 2693 1498 2733 sa·

804 2737 874 2767 cilis
888 2738 919 2767 ἱη
941 2741 972 2767 te
990 2743 1020 2767 et
1037 2738 1072 2767 in
1085 2742 1166 2774 laos,
1182 2736 1232 2766 vel
1250 2737 1283 2764 in
1299 2736 1373 2765 tuis.
1419 2736 1499 2767 Post

803 2784 933 2809 secutus
960 2789 1031 2809 sum
1055 2779 1202 2808 ordinem
1231 2777 1416 2815 verborum,
1442 2778 1498 2817 qui

803 2824 852 2850 est
874 2821 907 2850 in
922 2822 998 2852 Vnt.
1015 2825 1047 2850 et
1062 2821 1124 2851 Cu.
1141 2826 1172 2850 et
1194 2819 1264 2849 edd.
1276 2818 1436 2858 pluribus,
1449 2824 1500 2851 et·

802 2862 868 2897 iam
882 2863 940 2898 Gr.
952 2863 1031 2906 quid
1042 2863 1129 2895 inter
1143 2862 1355 2894 te-intereit.
