1785 3185
243 130 341 165 1156
835 127 1084 167 ORATIO

241 230 463 272 sententiis
505 230 699 272 omnium
731 231 906 283 civium,
945 232 1101 273 famam
1143 241 1333 274 nostram
1368 231 1670 298 fortunamque

240 289 453 352 pendeieo?
483 287 544 329 Te
577 288 872 330 indemnatum
905 290 1037 331 xideri
1072 299 1210 345 putas,
1241 305 1368 346 quem
1399 291 1518 341 socii,
1540 304 1669 346 quem

108 359 139 389 P·
160 345 457 396 10¹-foede11ti,
479 360 606 401 quem
636 344 759 387 liberi
789 346 953 402 populi,
975 361 1102 402 quem
1135 348 1416 403 stipendiarii,
1437 362 1565 403 quem
1598 361 1671 387 ne-

195 401 491 458 agotiatores,
522 417 647 458 quem
683 402 917 460 publicani,
950 418 1075 459 quem
1108 419 1304 445 univ-ersi
1340 405 1506 456 civitas,
1543 418 1672 469 quem

241 459 530 515 legati‚quem
555 461 716 500 tribuni
739 460 957 511 militares,
977 475 1104 515 quem
1126 461 1276 516 reliqui
1301 462 1470 513 milites,
1493 463 1565 516 qui
1591 461 1673 501 ter-

234 531 343 568 rum,
374 517 448 572 qui
485 516 656 568 famem,
689 517 762 571 qui
798 518 998 558 morbum
1032 517 1292 572 effugeiQunt
1325 519 1440 559 omni
1477 518 1673 558 cruciatu

234 573 536 629 dignissimum
577 575 758 629 putant?
799 573 869 613 cui
908 588 993 614 non
1034 575 1148 629 apud
1188 583 1397 625 senatum,
1433 589 1518 615 non
1557 574 1672 630 apud

234 630 367 671 ullum
398 630 606 681 ordinem,
642 645 727 670 non
761 630 875 685 apud
897 631 1062 685 equites
1100 631 1337 682 Romanos,
1360 646 1444 671 non
1476 631 1519 671 in
1556 632 1674 680 urbe,

235 702 321 728 non
345 687 386 728 in
412 687 552 737 Italia,
574 687 862 727 maximorum
886 687 1090 728 scelerum
1116 688 1240 728 venia
1263 687 1347 728 ulla
1369 688 1454 728 ad
1446 702 1673 743 ignoscen-

234 745 338 785 dum
359 744 449 785 dari
474 744 636 799 possit?
666 744 739 798 qui
763 758 806 784 se
829 744 920 809 ipse
942 744 1095 795 oderit,
1118 745 1190 800 qui
1224 753 1388 785 metuat
1412 758 1575 808 omneS‚
1597 743 1672 799 qui

235 815 356 841 suain
377 815 550 842 causam
574 801 737 841 nemini
755 801 1026 843 committere
1049 802 1260 853 audeat,
1266 804 1283 833 2
1299 802 1372 857 qui
1395 816 1438 842 se
1460 802 1550 857 ipse
1571 815 1677 842 con-

174 858 436 903 99demnet?
480 858 729 913 Numquam
750 872 832 913 ego
855 859 1109 915 sanguinem
1140 859 1332 915 expetivi
1366 869 1513 900 tuum:
1545 872 1671 899 num-

234 929 366 970 quam
388 915 490 956 illud
512 925 768 965 extremum,
790 915 906 969 quod
937 925 1082 972 posset
1102 930 1192 957 esse
1217 917 1424 972 improbis
1447 924 1490 957 et
1522 915 1669 971 probis

236 987 479 1023 commune,
502 971 760 1028 supplicium
787 971 893 1027 legis
925 988 974 1014 ac
998 973 1181 1028 judicii3
1213 973 1286 1014 sed
1308 974 1543 1028 ibjeetum,
1565 986 1670 1014 con-

235 1037 433 1079 temtum,
453 1029 704 1084 despectum
734 1044 759 1069 a
780 1030 948 1081 ceteris,
971 1045 994 1070 a
1017 1040 1057 1070 te
1089 1030 1182 1085 ipso
1205 1031 1477 1086 desperatum
1500 1039 1544 1071 et
1574 1028 1672 1070 reli-

233 1096 367 1136 ctum,
390 1087 822 1141 circumspectantem
845 1087 1004 1138 omnia,
1023 1088 1233 1151 quidquid
1257 1088 1551 1151 ineiepuisset,
1578 1100 1672 1142 per-

234 1144 554 1185 timescentem:
576 1143 843 1185 diffidentem
869 1145 951 1184 tuis
975 1146 1124 1186 rebus:
1160 1145 1250 1185 sine
1274 1159 1392 1195 voce,
1417 1159 1506 1185 sme
1541 1144 1670 1184 liber-

235 1210 337 1251 tate,
360 1201 449 1240 sine
470 1201 742 1251 auctoritate,
766 1201 856 1241 sine
880 1201 962 1241 ulla
986 1201 1128 1257 specie
1146 1201 1383 1243 consulari:
1409 1201 1674 1251 horrentem,

235 1268 504 1308 trementem,
527 1257 773 1299 adulantem
797 1272 959 1309 ornnes,
976 1259 1117 1300 videre
1137 1267 1178 1299 te
1198 1259 1311 1299 volni
1330 1275 1338 1299 :
1373 1258 1475 1299 vidi.
1510 1259 1671 1308 Quare,

235 1316 268 1355 si
293 1315 373 1356 tibi
396 1315 600 1365 evenerit,
623 1315 739 1370 quod
761 1315 930 1366 metuis,
955 1331 1007 1356 ne
1029 1315 1211 1366 accidat,
1234 1316 1432 1371 equidem
1464 1330 1551 1356 non
1581 1330 1674 1356 mo-

234 1372 338 1412 leste
370 1371 527 1414 feram:
561 1372 625 1414 siu
658 1372 700 1413 id
724 1373 885 1413 tardius
917 1373 1027 1414 forte
1049 1373 1137 1424 fiet,
1160 1372 1275 1413 fruar
1299 1383 1440 1414 tamen
1465 1381 1537 1413 tua
1559 1372 1671 1412 indi-

235 1430 425 1484 gnitate:
470 1443 548 1471 nec
582 1429 722 1470 minus
755 1429 937 1471 libenter
975 1438 1238 1471 metuentem
1274 1430 1444 1480 videbo,
1482 1443 1537 1470 ne
1575 1443 1670 1470 reus

235 1487 327 1538 fias,
345 1501 474 1542 quam
499 1501 642 1529 reum:
675 1501 754 1528 nec
776 1487 917 1528 minus
944 1486 1139 1539 laetabor,
1161 1501 1260 1529 cum
1283 1496 1324 1528 te
1346 1501 1514 1543 semper
1535 1486 1671 1527 sordi-

234 1544 352 1595 dum,
374 1558 502 1599 quain
524 1547 563 1578 73
578 1544 610 1585 si
636 1543 865 1600 paullisper
887 1545 1152 1586 sordidatum
1178 1545 1351 1585 videbo.

280 1660 321 1691 72
334 1658 390 1696 quz'
403 1667 435 1687 se
449 1658 554 1696 ipsum
568 1657 768 1697 condemnet]
785 1657 892 1688 Immo
905 1668 938 1688 se
980 1668 1135 1690 numerus
1151 1657 1266 1688 melior
1278 1662 1339 1689 est.
1378 1658 1568 1697 Suspicatus
1580 1657 1681 1688 etiam

239 1701 317 1738 ipse,
338 1704 375 1729 ut
399 1700 480 1730 bene
505 1700 652 1730 Graevius
677 1711 714 1730 ex
738 1700 807 1730 Erf.
823 1700 936 1732 edidit.
980 1711 1066 1737 suin,
1095 1700 1243 1731 membra
1271 1709 1339 1731 esse
1362 1701 1574 1740 transposita,
1600 1705 1635 1730 et
1662 1710 1682 1731 a

240 1742 354 1772 Etiam
370 1743 437 1772 sine
455 1741 543 1771 libris
558 1743 602 1772 sic
617 1741 785 1772 dedissem.
830 1742 892 1773 Sed
905 1748 938 1773 et
983 1744 1140 1774 Cicerone
1177 1751 1263 1772 esse:
1302 1752 1358 1772 nec
1394 1743 1503 1772 minus
1539 1742 1682 1779 loetabor‚

239 1790 317 1814 ante
341 1784 374 1813 in
396 1795 429 1814 ss
450 1785 555 1823 ipsum
570 1785 672 1815 oderit
693 1785 738 1814 sic
753 1789 823 1815 erat
840 1786 939 1816 corri-
982 1795 1057 1816 cum
1072 1790 1103 1816 te
1113 1786 1296 1825 paullisper
1310 1784 1526 1820 sordidatum,
1541 1794 1641 1824 quam
1657 1785 1686 1814 si

242 1826 396 1865 gentium,
411 1831 447 1855 ut
462 1826 533 1856 fet-i.
982 1837 1108 1867 semper
1120 1827 1287 1858 sordidum
1303 1827 1418 1857 videbo.
1437 1836 1513 1857 nam
1529 1826 1617 1856 hune
1633 1836 1684 1856 or—

283 1870 322 1901 73
344 1869 371 1898 sz'
387 1870 480 1907 paul.
502 1868 586 1898 sord.
610 1868 767 1907 viderem]
787 1867 938 1899 Viderem
980 1870 1090 1900 dinem
1108 1869 1242 1908 requirit
1257 1870 1422 1909 superius:
1448 1879 1505 1899 nec
1520 1870 1628 1899 minus
1644 1869 1683 1898 11·-

240 1911 393 1940 vitiosum
408 1920 488 1947 esse,
505 1910 677 1951 Judicabat
700 1916 786 1941 recte
802 1911 938 1941 Guiliel-
982 1912 1091 1942 beuter
1105 1915 1299 1942 metuentem
1315 1911 1435 1948 videbo,
1449 1921 1490 1941 ne
1511 1921 1587 1942 reus
1597 1911 1684 1950 fias,

242 1952 338 1988 nlius,
366 1953 421 1991 qui
447 1953 629 1992 corrigebat
653 1952 809 1983 viderim.-
834 1953 936 1983 immo
980 1964 1080 1994 quam
1094 1963 1208 1984 reum:
1232 1955 1340 1984 minus
1363 1953 1488 1984 malum
1504 1963 1572 1984 esse
1586 1952 1683 1984 debet

242 1995 362 2026 radebo.
378 1994 493 2026 melius
506 1995 591 2026 foret
606 1995 713 2026 videro
723 2007 732 2025 ε
754 1995 809 2026 sed
831 1995 865 2026 in
880 1996 937 2026 illo
981 1997 1080 2037 priori
1095 1995 1181 2034 loeo,
1197 1996 1325 2036 gravius
1340 1996 1509 2037 posteriori
1525 1996 1609 2027 loeo.
