1817 3169
471 98 588 138 PRO
621 99 667 137 L.
696 98 1010 137 CORNELIO
1036 99 1246 138 BALBO.
1476 103 1572 139 1091

145 216 237 244 esse
259 203 386 244 vestri
410 202 558 254 officii,
581 202 664 244 hoc
686 203 787 244 satis
809 217 899 244 esse
920 218 1075 253 causae,
1098 211 1159 253 ut,
1181 203 1294 257 quod
1318 201 1469 244 fecisse
1491 202 1574 244 Cn.

141 257 399 316 Pompeium
423 269 606 311 constet,
639 260 681 301 id
704 275 851 301 omnes
882 270 925 301 ct
954 259 1122 300 licuisse
1145 259 1397 300 concedant.
1460 261 1573 301 Nam

137 317 278 357 verius
313 317 419 358 nibil
449 325 528 368 est,
551 331 678 372 quam
701 317 816 373 quod
846 317 1045 358 hesterno
1068 316 1136 357 die
1165 315 1278 356 dixit
1311 317 1414 372 ipse,
1439 318 1497 357 ita
1523 318 1570 358 L.

135 371 386 415 Cornelium
417 374 469 415 de
501 374 684 415 fortunis
718 374 918 415 omnibus
957 374 1175 424 dimicare,
1207 382 1252 413 ut
1289 374 1443 414 nullius
1480 375 1571 415 ¹⁶2in

139 428 285 472 delicti
308 431 469 472 crimen
492 442 746 473 vocaretur.·
791 431 890 472 Non
917 431 1032 472 cuim
1056 433 1092 460 ¹3
1108 430 1271 471 furatus
1302 444 1392 470 esse
1420 430 1571 471 civita-

133 494 235 537 tem,
259 502 344 529 non
367 503 502 544 genus
525 489 688 543 [suum]
711 490 956 540 ementitus,
979 502 1064 529 non
1098 487 1138 528 in
1163 487 1308 542 aliquo
1332 487 1570 542 impudenti

132 539 359 586 mendaci‘o
381 545 611 598 delituisse,
634 561 718 587 non
740 546 955 602 irrepsisse
977 546 1017 586 in
1040 559 1211 585 censum
1235 544 1413 586 dicitur:
1441 559 1571 585 unum

131 601 353 655 objicitur,
383 613 530 644 natum
562 618 652 644 esse
675 603 896 645 Gadibus:
930 601 1044 658 quod
1077 611 1206 658 negat
1239 616 1380 642 nemo.
1444 600 1571 642 Cete-

131 671 226 698 rum
260 669 484 700 accusator
506 659 679 711 fatetur,
711 660 825 701 hunc
857 660 899 700 in
936 659 1164 715 Hispania,
1191 657 1419 699 durissimo
1445 657 1569 708 bello,

131 729 229 755 cuin
256 718 312 762 Q.
339 715 537 768 Metello,
560 732 658 758 cuin
683 717 734 758 C.
758 716 987 768 Memmio,
1009 727 1053 757 et
1080 717 1121 756 in
1145 716 1292 766 classe,
1315 726 1357 756 et
1379 715 1422 756 in
1447 729 1570 756 exer-

130 771 220 813 citu
255 773 399 824 fuisse,
421 784 478 825 et,
513 784 560 815 ut
595 774 828 830 Pompeius
861 776 905 816 in
939 773 1195 829 Hispaniam
1221 773 1399 822 venerit,
1424 771 1569 812 Mein-

129 829 350 885 miumque
373 831 528 872 habere
549 840 806 886 quaestorem
830 832 1028 887 coeperit,
1047 844 1279 885 numquam
1304 845 1328 870 a
1351 829 1566 870 Memmio

127 885 397 939 discessisse3
432 891 469 919 ¹4
484 888 797 944 Karthaginem
821 903 1062 945 possessum
1096 888 1202 929 isse:
1242 887 1459 928 acerrimis
1481 885 1564 927 illis

128 944 294 997 proeliis
329 954 372 985 et
403 945 618 996 maximis,
655 946 914 987 Sucronensi
943 955 987 986 et
1013 944 1258 986 ¹5Turiensi
1292 942 1561 996 interfuisse:

124 1014 222 1040 cum
249 1000 458 1057 Pompeio
480 1003 532 1043 ad
554 1013 796 1044 extremum
819 1003 916 1044 belli
940 1008 1108 1058 ter'npus
1131 1001 1276 1042 fuisse.
1328 1000 1440 1042 Haec
1463 1008 1597 1041 sunt6

124 1057 283 1154 Sroelia
304 1057 519 1101 Cornelii:
554 1060 647 1101 talis
679 1061 720 1100 in
744 1060 1053 1117 rempublicam
1078 1069 1268 1100 nostram
1299 1057 1434 1109 iabor,
1458 1058 1562 1098 assi-

157 1114 280 1166 uitas,
317 1115 555 1168 dimicatio,
585 1119 719 1158 virtus
755 1118 937 1174 16digna
965 1131 1132 1157 summo
1163 1116 1434 1172 imperatore,
1466 1129 1561 1171 spes

123 1185 202 1226 pro
224 1171 424 1228 periculis
449 1175 737 1229 praemiorum.
762 1175 940 1231 praemia
960 1174 1132 1229 quidem
1156 1174 1249 1229 ipsa
1278 1188 1364 1214 non
1387 1182 1487 1212 sunt
1515 1172 1558 1212 in

123 1228 217 1283 ejus
240 1228 371 1281 facto,
394 1231 467 1286 qui
490 1232 670 1288 adeptus
693 1242 770 1282 est,
794 1232 865 1273 sed
889 1232 930 1272 in
953 1232 1061 1286 ejus,
1081 1230 1154 1286 qui
1177 1230 1310 1271 dedit.
1360 1219 1606 1270 Donatus-3

121 1285 258 1341 igitur
275 1297 339 1327 est
361 1288 417 1328 ob
439 1303 509 1329 eas
531 1303 678 1330 causas
712 1304 737 1330 a
760 1288 841 1330 Cn.
866 1288 1077 1344 Pompeio
1100 1288 1291 1328 civitate.
1352 1286 1403 1328 Id
1433 1299 1604 1328 accu-P·
1620 1290 1672 1321 56.

121 1351 238 1383 sator
271 1358 356 1385 non
390 1354 545 1401 negat:
578 1347 649 1387 sed
684 1346 981 1402 reprehendit:
1014 1346 1128 1386 utin
1153 1343 1355 1385 Cornelio
1382 1341 1602 1385 17causa²·

120 1398 255 1454 ipsius
290 1401 508 1457 probetur,
542 1417 673 1458 poena
695 1412 937 1459 quaeratur:
968 1403 1012 1444 in
1048 1401 1258 1457 Pompeio
1281 1416 1410 1442 causa
1430 1401 1561 1442 laeda-

120 1465 204 1507 tur,
227 1473 360 1514 poena
381 1459 436 1500 sit
463 1459 592 1501 nulla.
654 1461 726 1501 Sic
758 1460 932 1510 famam,
963 1459 1023 1500 sic
1053 1458 1445 1500 lssinnocentissimi
1481 1457 1561 1498 ho-

118 1514 248 1555 minis
271 1515 479 1568 fortunam,
503 1517 845 1572 praestantissimi
877 1517 1146 1573 imperatoris
1169 1516 1332 1556 factum
1355 1515 1560 1556 condem-

117 1571 211 1612 nari
255 1572 417 1614 volunt.
481 1573 596 1630 Ergo
635 1575 676 1614 in
710 1575 943 1630 judicium,
979 1582 1112 1629 eaput
1150 1572 1365 1624 Cornelii;
1397 1572 1562 1613 factum

118 1626 319 1684 Pompeii
343 1640 533 1671 vocatur.
570 1631 684 1672 hunc
718 1632 833 1672 enim
868 1631 910 1671 in
933 1645 984 1672 ea
1004 1631 1196 1680 civitate,
1226 1629 1271 1670 in
1293 1644 1378 1684 qua
1400 1629 1455 1669 sit
1488 1644 1563 1669 na-

118 1693 201 1737 tus,
237 1686 540 1728 honestissimo
570 1687 667 1730 loco
689 1698 839 1729 natum
870 1702 961 1729 esse
992 1687 1207 1738 concedis,
1229 1696 1273 1727 et
1305 1687 1360 1727 ab
1387 1686 1563 1729 ineunte

160 1835 198 1862 12
214 1832 248 1862 in.
263 1833 372 1864 delicti
385 1834 509 1865 crimen
523 1833 709 1874 vocaretur]
731 1834 815 1865 Pen-

115 1873 172 1904 det
186 1885 206 1905 a
219 1875 388 1906 dimicare.
434 1876 548 1915 Itaque
563 1886 630 1907 esse
653 1876 750 1907 debet
764 1887 817 1908 vo-

114 1922 226 1947 cetur:
250 1918 311 1948 nisi
327 1918 368 1949 ad
382 1918 466 1948 delcit
478 1918 556 1948 velis
571 1919 694 1950 referri.

161 1962 196 1989 13
213 1959 358 2000 fitz-atus
384 1970 449 1990 esse
475 1961 654 2000 civitatem]
686 1961 727 1991 ln
751 1961 815 1991 hoc

114 2010 218 2040 genus
240 2002 361 2032 fraudis
384 2003 570 2033 universum
598 2004 813 2042 exprimitur:

112 2049 296 2082 sequuntur
310 2044 425 2074 deinde
439 2045 537 2074 varioe
550 2045 670 2075 fraudis
686 2045 812 2076 formae.

112 2085 284 2126 inquibus
299 2087 452 2127 primam,
466 2096 571 2125 genus
585 2096 681 2116 suum
695 2092 813 2118 ement.

111 2128 264 2158 vitiosam
300 2135 394 2168 pum,
425 2129 663 2168 delendumque
695 2138 792 2159 suum
803 2141 814 2158 :

113 2179 190 2200 nam
205 2170 362 2207 alienum,
387 2180 453 2200 non
468 2180 562 2200 suum
586 2179 688 2211 genus
703 2181 814 2201 emen-

110 2213 244 2242 tiuntur
279 2213 438 2243 homines.
484 2213 535 2242 Sic
570 2213 625 2243 iile
660 2213 812 2244 insitivus

118 2254 297 2291 Gracchus,
314 2265 380 2285 non
395 2265 503 2291 suum,
517 2254 572 2284 sed
587 2255 812 2286 Gracchorum

110 2305 214 2336 genus
228 2297 480 2327 ementiebatur.

156 2341 193 2370 14
209 2338 452 2378 Karthaginem
465 2348 643 2379 possessum
660 2338 732 2377 isse]
759 2338 811 2368 Sic

111 2390 180 2411 non
194 2381 339 2411 dubitavi
353 2381 447 2411 edere
469 2392 507 2411 ex
527 2390 594 2410 uno
618 2381 683 2411 Ms.
701 2381 810 2411 Gneif.

111 2432 189 2453 nam
205 2423 274 2453 haec
296 2423 395 2453 lectio
418 2423 509 2453 nullo
524 2422 621 2452 modo
637 2430 655 2452 a
671 2423 812 2452 librariis
822 2421 829 2438 ·’

109 2469 167 2496 aut
182 2466 419 2496 correctoribus
432 2472 512 2495 nata
523 2470 572 2495 est
585 2470 618 2495 et
631 2465 811 2495 substituta

106 2506 250 2548 vuigatae
286 2517 350 2537 esse
377 2507 575 2547 prcffeetmn,
606 2513 719 2546 estque
749 2507 810 2537 hac

109 2548 206 2589 longe
221 2549 339 2580 melior
351 2555 386 2580 et
399 2549 598 2588 exquisitior.
636 2549 671 2579 P.
688 2549 809 2579 Manu-

107 2591 175 2621 tius
190 2591 334 2630 vulgatae
348 2591 548 2632 explicandae
563 2590 665 2626 addit,
681 2596 717 2621 ut
734 2601 808 2622 eam

108 2638 289 2672 occuparet.
315 2634 375 2664 hoc
389 2634 547 2672 exquisite
562 2638 611 2661 est
630 2642 808 2671 possessum

108 2675 179 2704 isse.
222 2674 299 2704 Non
323 2677 461 2706 assecuti
488 2680 566 2704 sunt
593 2675 714 2705 librarii
740 2676 808 2706 vim

108 2717 190 2755 ejus,
209 2716 390 2755 (interdum
409 2727 467 2747 nec
482 2717 571 2747 docti
587 2716 675 2754 viri,)
693 2728 732 2747 ex
754 2727 807 2747 ea-

108 2768 171 2797 que
199 2758 366 2798 vulgatam
393 2759 510 2789 fecere.
558 2758 717 2798 Exempla
743 2759 808 2789 alia

107 2799 206 2839 hujus
221 2809 297 2829 usus
311 2810 341 2830 v.
358 2801 390 2830 in
407 2801 497 2831 (Ilav.
514 2801 548 2829 in
561 2801 731 2839 possidere.
759 2808 762 2811 '

154 2845 189 2873 15
207 2840 374 2882 Turiensi]
403 2843 455 2873 Sic
477 2842 589 2882 scripsi
617 2852 694 2873 curu
716 2842 809 2872 Grae-

857 1834 925 1871 vio,
941 1833 997 1873 qui
1011 1833 1183 1864 admonitu
1196 1833 1290 1864 Voss.
1314 1831 1355 1862 ad
1376 1831 1498 1862 Melam
1515 1830 1567 1868 11)

858 1877 888 1907 6.
913 1877 958 1906 sic
981 1876 1094 1906 edidit.
1137 1875 1201 1907 Res
1222 1880 1313 1905 certa
1335 1878 1396 1904 est.
1421 1883 1488 1904 non
1511 1880 1567 1903 est

859 1928 965 1949 sermo
992 1918 1030 1948 de
1058 1917 1177 1954 Durio,
1205 1916 1384 1947 Lusitaniae
1410 1916 1560 1952 flumine,

857 1961 913 1991 sed
929 1960 969 1990 de
982 1960 1099 1997 Turio,
1114 1970 1140 1990 s.
1162 1959 1264 1990 Turia
1282 1959 1430 1994 flumine,
1446 1957 1501 1997 qui
1525 1957 1561 1987 in

858 2004 1038 2033 Sucronem
1052 2002 1179 2038 incidit,
1194 2002 1226 2031 in
1241 2001 1373 2040 regione
1384 1999 1562 2030 Valentiae.

857 2046 910 2075 Sic
925 2045 1080 2074 scribitur
1095 2045 1128 2074 in
1148 2045 1335 2082 fragmento
1351 2041 1561 2072 Sallustianae

856 2086 1005 2116 historiae
1027 2086 1066 2116 L.
1092 2095 1129 2117 11.
1154 2090 1187 2116 et
1208 2086 1253 2115 sic
1278 2085 1379 2115 habet
1406 2083 1556 2125 (Turius)

857 2129 942 2158 Piin.
960 2128 1006 2159 H.
1023 2128 1068 2159 N.
1086 2128 1149 2165 111,
1166 2124 1199 2157 (ἐξ
1213 2137 1261 2168 pr.
1276 2126 1559 2157 consentientibus

856 2170 957 2201 libris.
1002 2170 1141 2201 Librarii
1157 2171 1256 2200 etiam
1273 2179 1325 2209 ap.
1342 2168 1465 2198 Melam
1480 2168 1560 2198 seri-

854 2222 946 2253 psere
961 2212 1051 2244 Dur.
1074 2214 1150 2251 quia
1164 2212 1274 2242 notior
1289 2212 1326 2241 iis
1349 2211 1467 2248 fluvius
1482 2209 1559 2240 Du-

853 2256 935 2286 rius.
981 2255 1032 2284 De
1049 2255 1161 2295 praelio
1177 2259 1315 2293 utroque
1331 2253 1484 2289 adeundi,
1500 2252 1558 2291 qui

853 2296 892 2327 de
910 2296 994 2327 bello
1010 2297 1200 2327 Sertoriano
1214 2295 1387 2326 tradidere.

901 2340 937 2369 16
965 2339 1068 2377 digna
1096 2348 1221 2369 summo
1249 2336 1458 2377 imperatore]
1490 2336 1554 2368 int.

853 2381 1028 2421 Pompeio:
1054 2382 1086 2411 in
1103 2383 1196 2417 cii-ius
1213 2381 1356 2410 exercitu
1373 2385 1455 2408 erat.

901 2427 934 2457 17
951 2433 1050 2453 causa
1074 2421 1324 2462 ipsius—nulla]
1354 2421 1461 2451 Causa
1481 2420 1554 2451 Cor-

836 2467 930 2495 mclii
946 2471 994 2495 est
1011 2466 1043 2494 in
1059 2465 1152 2495 saetis
1168 2466 1248 2502 ejus,
1264 2470 1341 2494 ante
1355 2473 1555 2493 commemo-

853 2509 953 2538 ratis:
980 2507 1140 2547 Pompeii,
1166 2508 1198 2536 in
1221 2507 1322 2543 facto,
1345 2516 1409 2543 quo
1433 2506 1555 2534 Corne-

851 2549 933 2579 lium
952 2550 1054 2579 civem
1071 2549 1147 2579 fecit
1162 2549 1287 2588 praeinii
1305 2557 1416 2577 causa.
1448 2547 1554 2576 Poena

852 2592 885 2621 iu
901 2592 958 2621 illo
973 2596 1023 2621 est
1038 2592 1070 2620 in
1088 2591 1261 2621 adimenda
1276 2590 1421 2623 civitate,
1444 2589 1476 2618 in
1493 2589 1555 2618 hoe

852 2634 885 2663 in
901 2633 1114 2668 contumelia,
1131 2643 1195 2671 qua
1217 2631 1310 2662 nulla
1328 2631 1406 2660 dicit
1429 2631 1555 2660 factum

852 2676 998 2716 Pompeii
1015 2676 1134 2704 notari.

898 2721 933 2747 13
956 2719 978 2747 i.
1001 2718 1140 2747 hominis
1151 2713 1328 2756 Jbrtmzas]
1348 2713 1486 2744 Videtur
1507 2713 1554 2744 le-

851 2760 993 2798 gendum
1012 2759 1215 2797 ‚t'vrlnmmn
1249 2757 1418 2792 estcuiin
1446 2765 1553 2786 sermo

850 2798 983 2831 tantum
999 2800 1037 2830 dc·
1053 2801 1110 2838 illo
1127 2799 1273 2841 praemio.

788 2890 918 2927 41³4
