1785 3185
240 153 340 189 1392
827 145 1085 184 ORATIO

238 263 383 309 petere
423 249 718 301 consulatum?
769 251 848 291 nisi
880 250 990 291 forte
1020 248 1337 290 damnationem
1370 263 1445 306 pro
1477 259 1661 306 praetura

240 319 378 366 putat.
422 308 542 349 Alter
563 309 602 339 22
618 307 777 357 Caesar,
800 307 1010 362 Vopiscus
1034 306 1116 356 ille,
1138 306 1267 346 homo
1285 321 1450 348 summo
1474 307 1665 363 ingenio,

241 381 406 406 summa
428 365 634 421 potentia,
657 367 695 395 2²3
710 364 780 418 qui
801 379 852 405 ex
876 364 1078 404 aedilitate
1098 363 1364 403 consulatum
1390 364 1511 419 petit,
1531 365 1668 404 solva-

241 433 310 464 tur
332 423 523 479 legibus:
561 435 818 476 quamquam
840 420 954 475 leges
975 434 1070 460 eum
1096 433 1177 459 non
1203 428 1362 470 tenent,
1383 431 1555 476 propter
1576 419 1668 460 exi-

242 480 387 531 miam,
419 479 560 528 credo,
594 478 862 534 dignitatem.
923 475 983 516 At
1014 475 1099 525 hic,
1130 490 1197 515 me
1231 476 1499 528 defendente,
1540 476 1665 531 quin-

241 537 361 591 quies
391 536 611 577 absolutus
642 543 717 574 est.
751 545 873 574 sexta
905 533 1043 589 palma
1075 533 1248 582 urbana,
1270 534 1398 573 etiam
1431 534 1472 574 in
1505 533 1665 589 gladia-

110 613 144 643 p.
159 605 230 633 233.
245 595 334 635 tore
357 593 557 635 difficilis.
619 591 701 631 Sed
725 590 818 631 liaec
842 590 1040 644 judicum
1070 589 1208 644 culpa,
1242 604 1326 629 non
1357 603 1453 630 mea
1472 600 1551 631 est.
1580 603 1663 645 ego

201 650 413 692 ⁸·defend'1
449 649 531 690 fide
568 648 756 703 optima:
803 646 860 687 illi
895 647 1133 687 debuerunt
1164 645 1443 686 clarissimum
1476 657 1520 687 et
1558 660 1668 702 prae·

245 708 553 749 stantissimum
595 714 831 744 senatorem
871 704 914 744 in
955 703 1130 744 civitate
1172 703 1365 743 retinere.
1417 703 1490 758 qui
1526 713 1669 743 tamen

249 777 362 806 nunc
384 762 490 806 nihil
525 761 637 802 aliud
669 774 794 816 agere
824 761 1013 801 videtur:
1046 759 1126 800 nisi
1158 768 1206 799 ut
1239 759 1539 815 intelligamus,
1562 759 1672 810 illos,

244 835 424 876 quorum
457 834 520 860 res
546 818 762 874 judicatas
795 818 933 858 irritas
966 816 1160 866 fecimus,
1184 817 1290 857 bene
1322 827 1365 857 et
1394 831 1417 856 e
1450 816 1670 872 republica

186 876 517 934 12judicavisse.
578 875 728 930 Neque
751 874 894 915 hocin
919 873 1000 914 hoc
1020 888 1105 914 uno
1128 883 1205 914 est.
1237 883 1335 914 sunt
1352 873 1422 914 alii
1447 873 1489 914 in
1511 873 1672 914 eisdem

245 935 394 976 castris
427 933 604 974 honeste
634 931 921 981 condemnati,
956 931 1136 986 turpiter
1169 930 1369 971 restituti.
1431 930 1560 977 Quod
1594 929 1673 970 ho·

244 1007 338 1033 rum
360 990 601 1039 consilium,
624 989 696 1043 qui
724 988 922 1029 omnibus
955 987 1077 1027 bonis
1110 987 1252 1028 hostes
1275 996 1387 1038 sunt,
1410 988 1490 1028 nisi
1523 986 1673 1028 crude-

242 1049 466 1098 lissimum,
487 1045 650 1102 'putatis
685 1044 801 1086 fore?
861 1044 1042 1085 Accedit
1071 1044 1200 1094 Saxa,
1233 1045 1375 1085 nescio
1409 1045 1519 1099 quis,
1541 1057 1669 1099 quem

245 1105 369 1146 nobis
404 1104 549 1145 Caesar
579 1117 632 1143 ex
673 1103 820 1143 ultima
852 1101 1086 1143 Celtiberia
1117 1102 1337 1142 tribunum
1372 1101 1505 1158 plebis
1537 1100 1671 1153 dedit,

247 1171 483 1203 castrorum
521 1169 648 1201 antea
684 1169 879 1210 metator,
918 1173 1044 1209 nunc,
1079 1165 1126 1199 ut
1164 1168 1319 1214 sperat,
1354 1159 1491 1200 urbis:
1534 1172 1559 1198 a
1590 1166 1676 1213 qua

247 1232 345 1260 cum
363 1218 418 1258 sit
438 1217 614 1268 alienus,
637 1219 676 1247 24
690 1231 766 1257 suo
792 1216 938 1272 capiti,
961 1215 1086 1256 salvis
1109 1216 1248 1266 nobis,
1270 1215 1498 1256 ominetur.
1560 1213 1673 1256 Cum

245 1276 329 1317 hoc
352 1284 575 1316 veteranus
607 1273 785 1330 Capho:
828 1288 913 1329 quo
946 1272 1160 1313 neminem
1197 1272 1384 1313 veterani
1420 1272 1542 1327 pejus
1573 1271 1676 1312 ode-

248 1340 361 1374 runt.
422 1331 521 1383 His,
554 1331 673 1387 quasi
709 1339 863 1386 praeter
899 1330 1058 1380 dotem,
1081 1344 1209 1384 quam
1242 1329 1284 1370 in
1318 1329 1516 1370 civilibus
1553 1328 1675 1370 malis

247 1399 515 1445 acceperant,
536 1402 685 1444 agrum
704 1387 973 1444 Campanum
995 1397 1058 1427 est
1081 1387 1257 1442 largitus
1279 1385 1509 1438 Antonius,
1531 1396 1578 1427 ut
1599 1385 1676 1426 ha·

250 1447 400 1487 berent
438 1446 694 1500 reliquorum
731 1444 962 1485 nutriculas
996 1444 1279 1500 praediorum:
1321 1443 1477 1498 quibus
1509 1443 1673 1484 utinam

255 1503 448 1544 contenti
479 1503 643 1543 essent!
690 1501 918 1543 ferremus:
961 1502 1040 1542 etsi
1073 1500 1292 1541 tolerabile
1323 1515 1409 1541 non
1443 1510 1560 1542 erat:
1603 1499 1677 1541 sed

255 1560 425 1615 quidvis
464 1559 712 1615 patiendum
747 1558 842 1609 fuit,
877 1567 924 1600 ut
961 1559 1044 1599 hoe
1087 1558 1365 1599 taeterrimum
1400 1557 1558 1599 bellum
1590 1571 1678 1598 non

208 1605 522 1662 filiaberemuS.
593 1616 739 1662 Quid?
789 1616 859 1657 illa
899 1626 1133 1657 castrorum
1177 1614 1243 1655 M.
1282 1614 1463 1656 Antonii
1503 1616 1680 1668 lumina,

197 1683 243 1718 13
258 1688 397 1715 nonne
414 1682 512 1714 ante
529 1673 675 1714 oculos
698 1673 964 1729 proponitis?
995 1672 1178 1728 primuni
1201 1673 1308 1713 duos
1332 1675 1372 1704 25
1385 1672 1569 1729 collegas
1591 1673 1683 1714 An-

256 1731 363 1772 tonii
385 1739 427 1771 et
452 1730 703 1781 Dolabellae,
726 1729 939 1771 Nuculam
966 1739 1009 1770 et
1033 1729 1284 1780 Lentonem,
1307 1728 1444 1771 Italiae
1475 1731 1682 1773 divisores

254 1788 348 1844 lege
369 1802 433 1838 ea,
455 1803 582 1844 quam
607 1796 774 1828 senatus
793 1801 868 1843 per
891 1787 974 1829 vini
999 1786 1127 1828 latam
1152 1786 1388 1841 judicavit:
1420 1802 1601 1843 quorum
1623 1787 1684 1829 al-

254 1855 319 1886 ter
349 1853 662 1886 commentatus
690 1853 754 1885 est
783 1845 952 1895 mimos,
974 1843 1078 1884 alter
1108 1845 1198 1900 egit
1229 1844 1502 1900 tragoediam.
1564 1845 1681 1892 Quid

253 1902 392 1944 dicam
417 1901 469 1943 de
490 1901 632 1958 Apulo
665 1900 889 1943 Domitio?
920 1901 1042 1956 cujus
1067 1901 1179 1941 bona
1201 1902 1329 1942 inodo
1353 1902 1592 1958 proscripta
1623 1902 1685 1943 vi-

254 1959 416 2002 dimus:
463 1959 635 2019 ‘ffifanta
657 1967 979 2015 procuratorum
1003 1967 1067 1999 est
1099 1957 1375 2015 negligentia.
1433 1957 1494 1999 At
1514 1959 1585 2000 hic
1608 1973 1686 2001 nu-

991 2071 1068 2102 satis
1083 2072 1174 2102 certi.
1221 2071 1358 2102 Utinam
1373 2076 1483 2103 autem
1503 2072 1681 2103 lectionem

992 2113 1076 2144 hanc
1098 2115 1306 2154 interpretati
1329 2120 1448 2145 essent.
1473 2124 1549 2145 nam
1572 2114 1683 2146 Ferra-

297 2074 338 2104 92
366 2074 474 2104 Caesar
499 2071 664 2112 trapisffls]
695 2072 800 2103 Ca’sar
813 2082 851 2103 ex
874 2073 950 2102 civi.

256 2120 326 2146 tate
341 2125 361 2145 a
375 2116 501 2147 Caesare
516 2120 659 2155 accepta.
674 2114 711 2144 de
724 2125 786 2153 quo
801 2125 831 2145 v.
847 2115 939 2146 Clav.

299 2159 339 2187 ‘23
364 2159 417 2197 qui
432 2167 471 2187 ex
481 2157 846 2196 ‹edilia—dignitatem]
873 2156 948 2187 Edi-

261 2197 307 2235 di,
339 2200 425 2238 quod
452 2199 599 2229 Graevius
628 2204 701 2239 post
731 2199 892 2229 Faenium
917 2204 952 2229 et

259 2240 340 2270 alios
355 2246 393 2271 ut
415 2251 432 2271 e
446 2241 523 2271 Vat.
546 2241 659 2278 edidit,
676 2242 900 2280 Gruterusque
918 2248 952 2272 et

257 2282 292 2313 in
317 2283 380 2313 ΜΞ.
405 2283 472 2313 Pal.
495 2284 632 2323 reperit:
667 2284 741 2322 quia
763 2284 879 2313 saltem
903 2283 953 2313 iu-

256 2323 361 2364 telligi
374 2330 490 2365 potest:
505 2325 687 2363 vulgatum,
699 2329 737 2355 ut
751 2326 782 2354 in
797 2326 845 2356 ed.
857 2326 952 2358 Grut.

258 2367 350 2396 nullo
367 2367 485 2398 modo:
509 2369 564 2406 qui
586 2377 626 2397 ια’
639 2368 793 2397 a’dilitale
813 2369 859 2397 ud
879 2377 951 2397 con-

258 2410 417 2439 sulatum.
440 2410 586 2439 solvatur
609 2410 879 2447 Iegil›uS.—credo
902 2410 950 2439 dt-

255 2451 397 2488 gnitate.
440 2451 509 2491 ,ῼῑιί
523 2461 562 2480 ear
577 2451 730 2482 oedilitate
745 2454 949 2482 consulatum

252 2493 351 2532 petit,
367 2492 489 2523 babent
504 2491 575 2523 edd.
593 2498 674 2523 vett.
719 2493 789 2532 Ego
805 2494 885 2524 nihil
899 2493 951 2524 hie

258 2535 418 2565 extricare
439 2535 541 2574 potui.
566 2536 621 2574 qui
645 2534 818 2565 delendum
844 2540 950 2576 puto;

259 2581 319 2606 aut
334 2578 379 2606 sic
397 2575 570 2615 legendum
584 2588 590 2605 ι
613 2579 801 2616 qui—petit,
816 2579 953 2608 solvitur

261 2618 384 2656 legibus
409 2619 621 2658 (quamquam
635 2628 707 2648 eum
733 2621 816 2658 leges
830 2630 891 2649 mm
907 2624 952 2650 te-

260 2661 351 2699 nent)
372 2665 510 2700 propter
523 2661 692 2698 eximiam,
714 2662 818 2699 credo,
842 2663 951 2701 digni-

261 2706 375 2732 tatem.

303 2745 344 2774 ‘24
365 2753 422 2774 suo
435 2745 547 2783 capiti,
562 2754 588 2775 s.
605 2755 637 2774 n.
653 2744 829 2784 ominetur]
863 2746 951 2777 Olim

261 2790 332 2815 erat
345 2786 540 2824 dominetur,
562 2787 647 2826 quod
670 2787 750 2817 bene
765 2797 782 2816 e
799 2787 863 2818 Ms.
882 2799 952 2818 cor-

262 2826 345 2857 rexit
367 2827 540 2859 ferrarius.
585 2828 674 2859 Libri
699 2829 764 2866 hic,
782 2836 820 2860 ut
843 2829 952 2861 Guelf.

264 2869 307 2903 Η.
324 2870 416 2903 valde
431 2871 539 2903 vitiosi
560 2877 657 2904 sunt:
684 2880 744 2904 nec
766 2876 817 2904 est
831 2871 954 2913 aliquid

993 2157 1058 2186 rius
1083 2156 1212 2194 quidem
1237 2165 1302 2186 non
1325 2156 1494 2187 satisfacit.
1526 2166 1601 2186 nam
1617 2156 1683 2187 for-

994 2197 1093 2228 niulae
1108 2197 1204 2228 modo
1218 2198 1384 2228 avertendi
1399 2199 1516 2228 ominis
1532 2200 1565 2228 in
1582 2197 1683 2229 alium

992 2240 1141 2280 exempla
1167 2239 1290 2270 adfert:
1315 2240 1349 2270 in
1364 2250 1428 2278 quo
1443 2240 1495 2270 hie
1511 2249 1606 2271 omen
1626 2240 1682 2277 sit,

994 2281 1079 2320 quod
1091 2282 1125 2312 iu
1138 2287 1236 2322 caput
1250 2282 1392 2322 Vopisci,
1404 2283 1444 2313 ab
1461 2282 1538 2313 urbe
1554 2282 1684 2313 alienis-

994 2324 1080 2359 simi,
1097 2325 1230 2361 recidat,
1247 2334 1345 2363 quum
1369 2334 1402 2354 se
1419 2329 1613 2354 metatorem
1630 2335 1685 2355 ur-

995 2366 1040 2396 bis
1064 2367 1130 2397 sore
1145 2367 1293 2407 sperarit,
1310 2376 1405 2396 nemo
1427 2366 1522 2403 dixit,
1543 2376 1602 2397 nec
1624 2376 1686 2406 ego

993 2418 1144 2447 assequor
1177 2409 1267 2439 satta.
1311 2408 1449 2439 Videtur
1481 2409 1508 2438 ei
1544 2409 1685 2440 ominari

994 2450 1188 2489 pra-diorum
1226 2452 1267 2481 ab
1294 2451 1438 2482 Antonio
1473 2457 1684 2491 acceptorum

994 2502 1213 2522 amissionem.

1035 2537 1075 2565 ‘25
1097 2536 1235 2573 collegas
1255 2534 1401 2574 Antonii]
1430 2535 1483 2565 Sic
1497 2538 1569 2565 erat
1592 2535 1625 2565 in
1648 2534 1689 2564 li-

994 2576 1058 2606 bris
1077 2577 1225 2613 Ferrarii,
1240 2583 1273 2606 et
1288 2577 1412 2607 duobus
1431 2576 1576 2613 Crateri,
1591 2577 1637 2608 sic
1652 2582 1689 2608 et

995 2618 1103 2649 Guelf.
1121 2619 1164 2649 H.
1181 2618 1268 2658 quod
1283 2619 1413 2659 praetuli
1437 2619 1572 2658 vulgato
1587 2619 1689 2650 Aneo-

991 2661 1135 2697 niorum,
1151 2661 1362 2700 placebatque
1378 2662 1423 2691 sie
1438 2660 1590 2691 Grutero.

1035 2704 1076 2733 26
1091 2707 1187 2733 tanta
1195 2708 1450 2743 procuratorum
1462 2708 1509 2733 est
1518 2704 1687 2741 negligen-

995 2744 1057 2784 tia]
1084 2745 1156 2775 Hoc
1171 2755 1227 2785 per
1242 2746 1381 2775 ironiam
1395 2745 1519 2775 dictum
1534 2749 1595 2775 est.
1609 2754 1689 2783 qua·

995 2787 1022 2816 si
1046 2791 1271 2826 procuratores
1295 2797 1405 2817 rerum
1421 2787 1600 2818 forensium
1620 2795 1689 2820 non

995 2830 1073 2861 satis
1090 2830 1263 2869 cavissent,
1277 2838 1317 2861 ne
1333 2839 1382 2862 res
1394 2839 1432 2862 eo
1446 2829 1584 2862 veniret.
