<?xml version="1.0" encoding="UTF-8"?>
<!DOCTYPE html PUBLIC "-//W3C//DTD XHTML 1.0 Transitional//EN"
    "http://www.w3.org/TR/xhtml1/DTD/xhtml1-transitional.dtd">
<html xmlns="http://www.w3.org/1999/xhtml" xml:lang="en" lang="en">
 <head>
  <title>
</title>
<meta http-equiv="Content-Type" content="text/html;charset=utf-8" />
  <meta name='ocr-system' content='tesseract 3.04.00' />
  <meta name='ocr-capabilities' content='ocr_page ocr_carea ocr_par ocr_line ocrx_word'/>
</head>
<body>
  <div class='ocr_page' id='page_1' title='image "./p2operaomnia02ciceuoft_0481.png"; bbox 0 0 1785 3185; ppageno 0'>
   <div class='ocr_carea' id='block_1_1' title="bbox 29 120 1550 1936">
    <p class='ocr_par' dir='ltr' id='par_1_1' title="bbox 55 120 1536 736">
     <span class='ocr_line' id='line_1_1' title="bbox 383 120 1494 164; baseline 0.001 -3"><span class='ocrx_word' id='word_1_1' title='bbox 383 120 499 161; x_wconf 83' lang='lat' dir='ltr'>PRO</span> <span class='ocrx_word' id='word_1_2' title='bbox 527 124 569 161; x_wconf 93' lang='lat' dir='ltr'>C.</span> <span class='ocrx_word' id='word_1_3' title='bbox 597 122 853 160; x_wconf 84' lang='lat' dir='ltr'>RABIRIO</span> <span class='ocrx_word' id='word_1_4' title='bbox 880 122 1173 161; x_wconf 85' lang='lat' dir='ltr'>POSTUMO.</span> <span class='ocrx_word' id='word_1_5' title='bbox 1397 127 1494 164; x_wconf 77' lang='lat'>1197</span> 
     </span>
     <span class='ocr_line' id='line_1_2' title="bbox 60 225 1495 281; baseline -0.001 -12"><span class='ocrx_word' id='word_1_6' title='bbox 60 225 208 269; x_wconf 84' lang='lat' dir='ltr'>litibus</span> <span class='ocrx_word' id='word_1_7' title='bbox 242 226 387 268; x_wconf 85' lang='lat' dir='ltr'>adesse</span> <span class='ocrx_word' id='word_1_8' title='bbox 420 225 629 276; x_wconf 83' lang='lat' dir='ltr'>solebant,</span> <span class='ocrx_word' id='word_1_9' title='bbox 661 225 733 280; x_wconf 88' lang='lat' dir='ltr'>qui</span> <span class='ocrx_word' id='word_1_10' title='bbox 768 225 927 281; x_wconf 86' lang='lat' dir='ltr'>aliquid</span> <span class='ocrx_word' id='word_1_11' title='bbox 962 225 1014 266; x_wconf 90' lang='lat' dir='ltr'>de</span> <span class='ocrx_word' id='word_1_12' title='bbox 1047 240 1091 266; x_wconf 93' lang='lat' dir='ltr'>se</span> <span class='ocrx_word' id='word_1_13' title='bbox 1127 227 1405 268; x_wconf 84' lang='lat' dir='ltr'>verebantur:</span> <span class='ocrx_word' id='word_1_14' title='bbox 1438 238 1495 278; x_wconf 88' lang='lat' dir='ltr'>et,</span> 
     </span>
     <span class='ocr_line' id='line_1_3' title="bbox 60 282 1496 338; baseline -0.001 -11"><span class='ocrx_word' id='word_1_15' title='bbox 60 300 158 327; x_wconf 89' lang='lat' dir='ltr'>cum</span> <span class='ocrx_word' id='word_1_16' title='bbox 186 292 308 324; x_wconf 86' lang='lat' dir='ltr'>erant</span> <span class='ocrx_word' id='word_1_17' title='bbox 339 282 555 338; x_wconf 82' lang='lat' dir='ltr'>appellati,</span> <span class='ocrx_word' id='word_1_18' title='bbox 579 283 612 322; x_wconf 89' lang='lat' dir='ltr'>si</span> <span class='ocrx_word' id='word_1_19' title='bbox 639 283 874 332; x_wconf 76' lang='lat' dir='ltr'>videbatur,</span> <span class='ocrx_word' id='word_1_20' title='bbox 898 282 1042 322; x_wconf 82' lang='lat' dir='ltr'>statim</span> <span class='ocrx_word' id='word_1_21' title='bbox 1065 283 1357 324; x_wconf 79' lang='lat' dir='ltr'>contradicere</span> <span class='ocrx_word' id='word_1_22' title='bbox 1388 284 1496 325; x_wconf 90' lang='lat' dir='ltr'>sole-</span> 
     </span>
     <span class='ocr_line' id='line_1_4' title="bbox 57 339 1493 394; baseline -0.002 -10"><span class='ocrx_word' id='word_1_23' title='bbox 57 343 176 384; x_wconf 88' lang='lat' dir='ltr'>bant.</span> <span class='ocrx_word' id='word_1_24' title='bbox 208 341 271 381; x_wconf 85' lang='lat' dir='ltr'>sin</span> <span class='ocrx_word' id='word_1_25' title='bbox 307 339 398 394; x_wconf 83' lang='lat' dir='ltr'>ejus</span> <span class='ocrx_word' id='word_1_26' title='bbox 439 339 642 394; x_wconf 86' lang='lat' dir='ltr'>temporis</span> <span class='ocrx_word' id='word_1_27' title='bbox 674 349 888 380; x_wconf 77' lang='lat' dir='ltr'>recentem</span> <span class='ocrx_word' id='word_1_28' title='bbox 918 339 1123 380; x_wconf 82' lang='lat' dir='ltr'>invidiam</span> <span class='ocrx_word' id='word_1_29' title='bbox 1160 341 1493 394; x_wconf 76' lang='lat' dir='ltr'>pertimuerunt:</span> 
     </span>
     <span class='ocr_line' id='line_1_5' title="bbox 55 395 1491 455; baseline -0.001 -15"><span class='ocrx_word' id='word_1_30' title='bbox 55 398 373 455; x_wconf 80' lang='lat' dir='ltr'>respondebant</span> <span class='ocrx_word' id='word_1_31' title='bbox 407 406 568 451; x_wconf 81' lang='lat' dir='ltr'>postea.</span> <span class='ocrx_word' id='word_1_32' title='bbox 602 396 718 451; x_wconf 89' lang='lat' dir='ltr'>quod</span> <span class='ocrx_word' id='word_1_33' title='bbox 751 411 849 437; x_wconf 88' lang='lat' dir='ltr'>cum</span> <span class='ocrx_word' id='word_1_34' title='bbox 888 395 1104 446; x_wconf 84' lang='lat' dir='ltr'>fecissent,</span> <span class='ocrx_word' id='word_1_35' title='bbox 1138 397 1336 452; x_wconf 82' lang='lat' dir='ltr'>permulti</span> <span class='ocrx_word' id='word_1_36' title='bbox 1378 412 1491 453; x_wconf 78' lang='lat' dir='ltr'>saepe</span> 
     </span>
     <span class='ocr_line' id='line_1_6' title="bbox 56 443 1536 508; baseline -0.003 -12"><span class='ocrx_word' id='word_1_37' title='bbox 56 456 267 496; x_wconf 84' lang='lat' dir='ltr'>vicerunt.</span> <span class='ocrx_word' id='word_1_38' title='bbox 329 452 428 494; x_wconf 90' lang='lat' dir='ltr'>Hoc</span> <span class='ocrx_word' id='word_1_39' title='bbox 453 467 549 493; x_wconf 76' lang='lat' dir='ltr'>vero</span> <span class='ocrx_word' id='word_1_40' title='bbox 572 468 733 494; x_wconf 87' lang='lat' dir='ltr'>novum</span> <span class='ocrx_word' id='word_1_41' title='bbox 760 463 838 503; x_wconf 83' lang='lat' dir='ltr'>est,</span> <span class='ocrx_word' id='word_1_42' title='bbox 869 463 968 493; x_wconf 84' lang='lat' dir='ltr'>ante</span> <span class='ocrx_word' id='word_1_43' title='bbox 1001 452 1083 494; x_wconf 86' lang='lat' dir='ltr'>hoc</span> <span class='ocrx_word' id='word_1_44' title='bbox 1115 464 1282 508; x_wconf 84' lang='lat' dir='ltr'>tempus</span> <span class='ocrx_word' id='word_1_45' title='bbox 1314 443 1536 495; x_wconf 72' lang='lat' dir='ltr'>omnino-5</span> 
     </span>
     <span class='ocr_line' id='line_1_7' title="bbox 56 510 1491 564; baseline -0.003 -11"><span class='ocrx_word' id='word_1_46' title='bbox 56 512 314 553; x_wconf 83' lang='lat' dir='ltr'>inauditum.</span> <span class='ocrx_word' id='word_1_47' title='bbox 337 510 381 550; x_wconf 92' lang='lat' dir='ltr'>in</span> <span class='ocrx_word' id='word_1_48' title='bbox 404 511 565 561; x_wconf 77' lang='lat' dir='ltr'>litibus,</span> <span class='ocrx_word' id='word_1_49' title='bbox 590 510 785 551; x_wconf 86' lang='lat' dir='ltr'>Postumi</span> <span class='ocrx_word' id='word_1_50' title='bbox 810 524 965 551; x_wconf 90' lang='lat' dir='ltr'>nomen</span> <span class='ocrx_word' id='word_1_51' title='bbox 989 519 1053 550; x_wconf 88' lang='lat' dir='ltr'>est</span> <span class='ocrx_word' id='word_1_52' title='bbox 1074 524 1299 564; x_wconf 77' lang='lat' dir='ltr'>nusquam.</span> <span class='ocrx_word' id='word_1_53' title='bbox 1333 511 1373 550; x_wconf 88' lang='lat' dir='ltr'>in</span> <span class='ocrx_word' id='word_1_54' title='bbox 1406 510 1491 550; x_wconf 80' lang='lat' dir='ltr'>liti-</span> 
     </span>
     <span class='ocr_line' id='line_1_8' title="bbox 56 566 1491 621; baseline -0.002 -11"><span class='ocrx_word' id='word_1_55' title='bbox 56 570 137 610; x_wconf 90' lang='lat' dir='ltr'>bus</span> <span class='ocrx_word' id='word_1_56' title='bbox 157 569 283 610; x_wconf 83' lang='lat' dir='ltr'>dico?</span> <span class='ocrx_word' id='word_1_57' title='bbox 314 568 444 609; x_wconf 88' lang='lat' dir='ltr'>modo</span> <span class='ocrx_word' id='word_1_58' title='bbox 477 582 550 608; x_wconf 77' lang='lat' dir='ltr'>vos</span> <span class='ocrx_word' id='word_1_59' title='bbox 583 567 732 608; x_wconf 87' lang='lat' dir='ltr'>iisdem</span> <span class='ocrx_word' id='word_1_60' title='bbox 765 568 808 608; x_wconf 88' lang='lat' dir='ltr'>in</span> <span class='ocrx_word' id='word_1_61' title='bbox 839 566 893 608; x_wconf 89' lang='lat' dir='ltr'>A.</span> <span class='ocrx_word' id='word_1_62' title='bbox 917 567 1153 609; x_wconf 84' lang='lat' dir='ltr'>Gabinium</span> <span class='ocrx_word' id='word_1_63' title='bbox 1180 566 1351 621; x_wconf 80' lang='lat' dir='ltr'>judices</span> <span class='ocrx_word' id='word_1_64' title='bbox 1382 568 1491 607; x_wconf 86' lang='lat' dir='ltr'>sedi-</span> 
     </span>
     <span class='ocr_line' id='line_1_9' title="bbox 57 624 1491 680; baseline -0.001 -13"><span class='ocrx_word' id='word_1_65' title='bbox 57 626 149 667; x_wconf 84' lang='lat' dir='ltr'>stis.</span> <span class='ocrx_word' id='word_1_66' title='bbox 180 640 284 666; x_wconf 87' lang='lat' dir='ltr'>num</span> <span class='ocrx_word' id='word_1_67' title='bbox 315 625 409 680; x_wconf 87' lang='lat' dir='ltr'>quis</span> <span class='ocrx_word' id='word_1_68' title='bbox 441 625 559 665; x_wconf 88' lang='lat' dir='ltr'>testis</span> <span class='ocrx_word' id='word_1_69' title='bbox 592 624 846 665; x_wconf 78' lang='lat' dir='ltr'>Postumum</span> <span class='ocrx_word' id='word_1_70' title='bbox 877 624 1136 680; x_wconf 80' lang='lat' dir='ltr'>appellavit?</span> <span class='ocrx_word' id='word_1_71' title='bbox 1169 624 1288 664; x_wconf 88' lang='lat' dir='ltr'>testis</span> <span class='ocrx_word' id='word_1_72' title='bbox 1319 626 1491 665; x_wconf 86' lang='lat' dir='ltr'>autem?</span> 
     </span>
     <span class='ocr_line' id='line_1_10' title="bbox 55 680 1492 736; baseline -0.002 -12"><span class='ocrx_word' id='word_1_73' title='bbox 55 697 160 724; x_wconf 87' lang='lat' dir='ltr'>num</span> <span class='ocrx_word' id='word_1_74' title='bbox 184 685 434 724; x_wconf 83' lang='lat' dir='ltr'>aecusator?</span> <span class='ocrx_word' id='word_1_75' title='bbox 465 696 565 722; x_wconf 88' lang='lat' dir='ltr'>num</span> <span class='ocrx_word' id='word_1_76' title='bbox 589 681 772 736; x_wconf 80' lang='lat' dir='ltr'>(lenique</span> <span class='ocrx_word' id='word_1_77' title='bbox 795 692 886 723; x_wconf 89' lang='lat' dir='ltr'>toto</span> <span class='ocrx_word' id='word_1_78' title='bbox 910 681 1165 736; x_wconf 86' lang='lat' dir='ltr'>illojudicio</span> <span class='ocrx_word' id='word_1_79' title='bbox 1192 680 1386 722; x_wconf 84' lang='lat' dir='ltr'>Postumi</span> <span class='ocrx_word' id='word_1_80' title='bbox 1415 696 1492 721; x_wconf 87' lang='lat' dir='ltr'>no-</span> 
     </span>
    </p>

    <p class='ocr_par' dir='ltr' id='par_1_2' title="bbox 29 736 1548 1123">
     <span class='ocr_line' id='line_1_11' title="bbox 29 736 1548 794; baseline -0.002 -13"><span class='ocrx_word' id='word_1_81' title='bbox 29 760 34 767; x_wconf 89' lang='lat'>·</span> <span class='ocrx_word' id='word_1_82' title='bbox 55 751 157 782; x_wconf 83' lang='lat' dir='ltr'>men</span> <span class='ocrx_word' id='word_1_83' title='bbox 179 739 384 781; x_wconf 83' lang='lat' dir='ltr'>audistis?</span> <span class='ocrx_word' id='word_1_84' title='bbox 417 738 518 779; x_wconf 81' lang='lat' dir='ltr'>Non</span> <span class='ocrx_word' id='word_1_85' title='bbox 540 738 673 794; x_wconf 82' lang='lat' dir='ltr'>igitur</span> <span class='ocrx_word' id='word_1_86' title='bbox 695 753 803 789; x_wconf 82' lang='lat' dir='ltr'>reus,</span> <span class='ocrx_word' id='word_1_87' title='bbox 829 742 865 773; x_wconf 84' lang='lat'>¹9</span> <span class='ocrx_word' id='word_1_88' title='bbox 878 753 932 779; x_wconf 86' lang='lat' dir='ltr'>ex</span> <span class='ocrx_word' id='word_1_89' title='bbox 955 753 1006 779; x_wconf 85' lang='lat' dir='ltr'>ea</span> <span class='ocrx_word' id='word_1_90' title='bbox 1021 753 1163 788; x_wconf 84' lang='lat' dir='ltr'>causa,</span> <span class='ocrx_word' id='word_1_91' title='bbox 1184 738 1490 793; x_wconf 79' lang='lat' dir='ltr'>quaejudicata</span> <span class='ocrx_word' id='word_1_92' title='bbox 1506 736 1548 768; x_wconf 72' lang='lat' dir='ltr'>ll</span> 
     </span>
     <span class='ocr_line' id='line_1_12' title="bbox 55 788 1534 851; baseline -0.002 -13"><span class='ocrx_word' id='word_1_93' title='bbox 55 808 136 848; x_wconf 90' lang='lat' dir='ltr'>est,</span> <span class='ocrx_word' id='word_1_94' title='bbox 168 796 377 838; x_wconf 81' lang='lat' dir='ltr'>redundat</span> <span class='ocrx_word' id='word_1_95' title='bbox 425 795 681 836; x_wconf 79' lang='lat' dir='ltr'>Postumus:</span> <span class='ocrx_word' id='word_1_96' title='bbox 727 796 799 836; x_wconf 89' lang='lat' dir='ltr'>sed</span> <span class='ocrx_word' id='word_1_97' title='bbox 832 800 872 826; x_wconf 83' lang='lat'>20</span> <span class='ocrx_word' id='word_1_98' title='bbox 885 806 950 836; x_wconf 84' lang='lat' dir='ltr'>est</span> <span class='ocrx_word' id='word_1_99' title='bbox 990 805 1182 850; x_wconf 85' lang='lat' dir='ltr'>arreptus</span> <span class='ocrx_word' id='word_1_100' title='bbox 1221 810 1329 836; x_wconf 86' lang='lat' dir='ltr'>unus</span> <span class='ocrx_word' id='word_1_101' title='bbox 1362 809 1491 851; x_wconf 86' lang='lat' dir='ltr'>eques</span> <span class='ocrx_word' id='word_1_102' title='bbox 1505 788 1534 815; x_wconf 59' lang='grc' dir='ltr'>ὓ·</span> 
     </span>
     <span class='ocr_line' id='line_1_13' title="bbox 59 852 1492 908; baseline -0.002 -13"><span class='ocrx_word' id='word_1_103' title='bbox 59 853 281 895; x_wconf 77' lang='lat' dir='ltr'>Romanus</span> <span class='ocrx_word' id='word_1_104' title='bbox 302 854 355 893; x_wconf 93' lang='lat' dir='ltr'>de</span> <span class='ocrx_word' id='word_1_105' title='bbox 378 853 569 907; x_wconf 86' lang='lat' dir='ltr'>pecuniis</span> <span class='ocrx_word' id='word_1_106' title='bbox 591 853 837 908; x_wconf 81' lang='lat' dir='ltr'>repetundis</span> <span class='ocrx_word' id='word_1_107' title='bbox 859 867 967 894; x_wconf 86' lang='lat' dir='ltr'>reus.</span> <span class='ocrx_word' id='word_1_108' title='bbox 999 853 1154 908; x_wconf 92' lang='lat' dir='ltr'>quibus</span> <span class='ocrx_word' id='word_1_109' title='bbox 1178 852 1363 894; x_wconf 82' lang='lat' dir='ltr'>tabulis?</span> <span class='ocrx_word' id='word_1_110' title='bbox 1393 867 1492 908; x_wconf 80' lang='lat' dir='ltr'>quae</span> 
     </span>
     <span class='ocr_line' id='line_1_14' title="bbox 56 909 1493 966; baseline -0.002 -14"><span class='ocrx_word' id='word_1_111' title='bbox 56 910 338 966; x_wconf 75' lang='lat' dir='ltr'>21i11judicio</span> <span class='ocrx_word' id='word_1_112' title='bbox 359 910 413 950; x_wconf 87' lang='lat' dir='ltr'>A.</span> <span class='ocrx_word' id='word_1_113' title='bbox 439 909 616 950; x_wconf 83' lang='lat' dir='ltr'>Gabinii</span> <span class='ocrx_word' id='word_1_114' title='bbox 640 910 829 951; x_wconf 79' lang='lat' dir='ltr'>recitatae</span> <span class='ocrx_word' id='word_1_115' title='bbox 854 925 938 951; x_wconf 91' lang='lat' dir='ltr'>non</span> <span class='ocrx_word' id='word_1_116' title='bbox 964 918 1076 950; x_wconf 86' lang='lat' dir='ltr'>sunt.</span> <span class='ocrx_word' id='word_1_117' title='bbox 1099 924 1184 964; x_wconf 90' lang='lat' dir='ltr'>quo</span> <span class='ocrx_word' id='word_1_118' title='bbox 1204 911 1339 950; x_wconf 75' lang='lat' dir='ltr'>teste?</span> <span class='ocrx_word' id='word_1_119' title='bbox 1361 924 1386 950; x_wconf 84' lang='lat' dir='ltr'><strong>a</strong></span> <span class='ocrx_word' id='word_1_120' title='bbox 1407 924 1493 964; x_wconf 87' lang='lat' dir='ltr'>quo</span> 
     </span>
     <span class='ocr_line' id='line_1_15' title="bbox 56 965 1490 1023; baseline -0.002 -14"><span class='ocrx_word' id='word_1_121' title='bbox 56 977 147 1009; x_wconf 88' lang='lat' dir='ltr'>tum</span> <span class='ocrx_word' id='word_1_122' title='bbox 179 967 415 1023; x_wconf 79' lang='lat' dir='ltr'>appellatus</span> <span class='ocrx_word' id='word_1_123' title='bbox 449 980 657 1021; x_wconf 82' lang='lat' dir='ltr'>nusquam</span> <span class='ocrx_word' id='word_1_124' title='bbox 693 976 770 1007; x_wconf 88' lang='lat' dir='ltr'>est.</span> <span class='ocrx_word' id='word_1_125' title='bbox 807 982 893 1022; x_wconf 79' lang='lat' dir='ltr'>qua</span> <span class='ocrx_word' id='word_1_126' title='bbox 925 966 1212 1023; x_wconf 82' lang='lat' dir='ltr'>appellatione</span> <span class='ocrx_word' id='word_1_127' title='bbox 1247 965 1417 1008; x_wconf 81' lang='lat' dir='ltr'>litium?</span> <span class='ocrx_word' id='word_1_128' title='bbox 1449 966 1490 1006; x_wconf 90' lang='lat' dir='ltr'>in</span> 
     </span>
     <span class='ocr_line' id='line_1_16' title="bbox 55 1023 1493 1080; baseline 0 -16"><span class='ocrx_word' id='word_1_129' title='bbox 55 1039 139 1079; x_wconf 90' lang='lat' dir='ltr'>qua</span> <span class='ocrx_word' id='word_1_130' title='bbox 165 1023 360 1066; x_wconf 84' lang='lat' dir='ltr'>Postumi</span> <span class='ocrx_word' id='word_1_131' title='bbox 381 1023 545 1064; x_wconf 87' lang='lat' dir='ltr'>mentio</span> <span class='ocrx_word' id='word_1_132' title='bbox 568 1023 682 1065; x_wconf 83' lang='lat' dir='ltr'>facta</span> <span class='ocrx_word' id='word_1_133' title='bbox 703 1024 818 1065; x_wconf 79' lang='lat' dir='ltr'>nulla</span> <span class='ocrx_word' id='word_1_134' title='bbox 838 1033 916 1065; x_wconf 81' lang='lat' dir='ltr'>est.</span> <span class='ocrx_word' id='word_1_135' title='bbox 947 1039 1033 1080; x_wconf 82' lang='lat' dir='ltr'>qua</span> <span class='ocrx_word' id='word_1_136' title='bbox 1054 1023 1176 1079; x_wconf 82' lang='lat' dir='ltr'>lege?</span> <span class='ocrx_word' id='word_1_137' title='bbox 1206 1038 1291 1080; x_wconf 84' lang='lat' dir='ltr'>qua</span> <span class='ocrx_word' id='word_1_138' title='bbox 1312 1038 1398 1065; x_wconf 89' lang='lat' dir='ltr'>non</span> <span class='ocrx_word' id='word_1_139' title='bbox 1432 1033 1493 1064; x_wconf 79' lang='lat' dir='ltr'>tc-</span> 
     </span>
     <span class='ocr_line' id='line_1_17' title="bbox 55 1090 195 1123; baseline -0.007 0"><span class='ocrx_word' id='word_1_140' title='bbox 55 1090 195 1123; x_wconf 87' lang='lat' dir='ltr'>netur.</span> 
     </span>
    </p>

    <p class='ocr_par' dir='ltr' id='par_1_3' title="bbox 52 1136 1550 1936">
     <span class='ocr_line' id='line_1_18' title="bbox 113 1136 1491 1194; baseline -0.001 -14"><span class='ocrx_word' id='word_1_141' title='bbox 113 1138 202 1180; x_wconf 84' lang='lat' dir='ltr'>Hic</span> <span class='ocrx_word' id='word_1_142' title='bbox 216 1136 523 1192; x_wconf 83' lang='lat' dir='ltr'>jam,judices‚</span> <span class='ocrx_word' id='word_1_143' title='bbox 547 1138 674 1179; x_wconf 82' lang='lat' dir='ltr'>vestri</span> <span class='ocrx_word' id='word_1_144' title='bbox 697 1138 864 1179; x_wconf 89' lang='lat' dir='ltr'>consilii</span> <span class='ocrx_word' id='word_1_145' title='bbox 887 1152 950 1179; x_wconf 86' lang='lat' dir='ltr'>res</span> <span class='ocrx_word' id='word_1_146' title='bbox 974 1147 1053 1189; x_wconf 88' lang='lat' dir='ltr'>est,</span> <span class='ocrx_word' id='word_1_147' title='bbox 1077 1146 1228 1180; x_wconf 84' lang='lat' dir='ltr'>vestrae</span> <span class='ocrx_word' id='word_1_148' title='bbox 1252 1137 1491 1194; x_wconf 84' lang='lat' dir='ltr'>sapientiae.</span> 
     </span>
     <span class='ocr_line' id='line_1_19' title="bbox 53 1196 1492 1251; baseline -0.001 -14"><span class='ocrx_word' id='word_1_149' title='bbox 53 1196 158 1251; x_wconf 93' lang='lat' dir='ltr'>quid</span> <span class='ocrx_word' id='word_1_150' title='bbox 179 1196 328 1236; x_wconf 80' lang='lat' dir='ltr'>deceat</span> <span class='ocrx_word' id='word_1_151' title='bbox 351 1209 440 1244; x_wconf 87' lang='lat' dir='ltr'>VOS,</span> <span class='ocrx_word' id='word_1_152' title='bbox 473 1209 572 1245; x_wconf 87' lang='lat' dir='ltr'>non,</span> <span class='ocrx_word' id='word_1_153' title='bbox 594 1205 800 1250; x_wconf 80' lang='lat' dir='ltr'>quantum</span> <span class='ocrx_word' id='word_1_154' title='bbox 833 1196 959 1236; x_wconf 86' lang='lat' dir='ltr'>liceat</span> <span class='ocrx_word' id='word_1_155' title='bbox 983 1196 1119 1246; x_wconf 85' lang='lat' dir='ltr'>vobis,</span> <span class='ocrx_word' id='word_1_156' title='bbox 1150 1206 1342 1251; x_wconf 84' lang='lat' dir='ltr'>spectare</span> <span class='ocrx_word' id='word_1_157' title='bbox 1363 1196 1492 1236; x_wconf 90' lang='lat' dir='ltr'>debe-</span> 
     </span>
     <span class='ocr_line' id='line_1_20' title="bbox 53 1251 1492 1308; baseline -0.001 -14"><span class='ocrx_word' id='word_1_158' title='bbox 53 1253 124 1294; x_wconf 89' lang='lat' dir='ltr'>tis.</span> <span class='ocrx_word' id='word_1_159' title='bbox 148 1253 182 1294; x_wconf 89' lang='lat' dir='ltr'>si</span> <span class='ocrx_word' id='word_1_160' title='bbox 204 1253 334 1302; x_wconf 87' lang='lat' dir='ltr'>enim,</span> <span class='ocrx_word' id='word_1_161' title='bbox 356 1251 459 1307; x_wconf 87' lang='lat' dir='ltr'>quid</span> <span class='ocrx_word' id='word_1_162' title='bbox 482 1252 621 1303; x_wconf 82' lang='lat' dir='ltr'>liceat,</span> <span class='ocrx_word' id='word_1_163' title='bbox 643 1252 860 1308; x_wconf 85' lang='lat' dir='ltr'>quaeritis:</span> <span class='ocrx_word' id='word_1_164' title='bbox 885 1253 1064 1308; x_wconf 82' lang='lat' dir='ltr'>potestis</span> <span class='ocrx_word' id='word_1_165' title='bbox 1088 1253 1234 1293; x_wconf 88' lang='lat' dir='ltr'>tollere</span> <span class='ocrx_word' id='word_1_166' title='bbox 1255 1267 1279 1292; x_wconf 90' lang='lat' dir='ltr'>e</span> <span class='ocrx_word' id='word_1_167' title='bbox 1300 1253 1492 1303; x_wconf 86' lang='lat' dir='ltr'>civitate,</span> 
     </span>
     <span class='ocr_line' id='line_1_21' title="bbox 52 1309 1492 1366; baseline -0.001 -15"><span class='ocrx_word' id='word_1_168' title='bbox 52 1325 181 1365; x_wconf 81' lang='lat' dir='ltr'>quein</span> <span class='ocrx_word' id='word_1_169' title='bbox 211 1309 354 1351; x_wconf 87' lang='lat' dir='ltr'>vultis.</span> <span class='ocrx_word' id='word_1_170' title='bbox 389 1309 545 1350; x_wconf 82' lang='lat' dir='ltr'>tabella</span> <span class='ocrx_word' id='word_1_171' title='bbox 568 1321 646 1360; x_wconf 89' lang='lat' dir='ltr'>est,</span> <span class='ocrx_word' id='word_1_172' title='bbox 677 1323 773 1364; x_wconf 78' lang='lat' dir='ltr'>quae</span> <span class='ocrx_word' id='word_1_173' title='bbox 809 1309 884 1350; x_wconf 81' lang='lat' dir='ltr'>dat</span> <span class='ocrx_word' id='word_1_174' title='bbox 914 1319 1188 1366; x_wconf 85' lang='lat' dir='ltr'>potestatem,</span> <span class='ocrx_word' id='word_1_175' title='bbox 1211 1309 1402 1351; x_wconf 81' lang='lat' dir='ltr'>occultat</span> <span class='ocrx_word' id='word_1_176' title='bbox 1421 1324 1492 1350; x_wconf 88' lang='lat' dir='ltr'>ea-</span> 
     </span>
     <span class='ocr_line' id='line_1_22' title="bbox 52 1366 1492 1422; baseline -0.001 -14"><span class='ocrx_word' id='word_1_177' title='bbox 52 1369 158 1408; x_wconf 83' lang='lat' dir='ltr'>dem·</span> <span class='ocrx_word' id='word_1_178' title='bbox 184 1366 420 1408; x_wconf 86' lang='lat' dir='ltr'>libidinem.</span> <span class='ocrx_word' id='word_1_179' title='bbox 454 1368 495 1397; x_wconf 68' lang='lat'>9⁶2</span> <span class='ocrx_word' id='word_1_180' title='bbox 508 1366 629 1421; x_wconf 86' lang='lat' dir='ltr'>cujus</span> <span class='ocrx_word' id='word_1_181' title='bbox 660 1367 984 1418; x_wconf 81' lang='lat' dir='ltr'>conscientiam,</span> <span class='ocrx_word' id='word_1_182' title='bbox 1015 1366 1124 1407; x_wconf 87' lang='lat' dir='ltr'>nihil</span> <span class='ocrx_word' id='word_1_183' title='bbox 1153 1376 1217 1407; x_wconf 83' lang='lat' dir='ltr'>est</span> <span class='ocrx_word' id='word_1_184' title='bbox 1237 1367 1353 1422; x_wconf 90' lang='lat' dir='ltr'>quod</span> <span class='ocrx_word' id='word_1_185' title='bbox 1375 1367 1492 1422; x_wconf 91' lang='lat' dir='ltr'>quis-</span> 
     </span>
     <span class='ocr_line' id='line_1_23' title="bbox 54 1423 1550 1480; baseline -0.001 -15"><span class='ocrx_word' id='word_1_186' title='bbox 54 1439 183 1480; x_wconf 88' lang='lat' dir='ltr'>quam</span> <span class='ocrx_word' id='word_1_187' title='bbox 205 1424 369 1474; x_wconf 85' lang='lat' dir='ltr'>timeat,</span> <span class='ocrx_word' id='word_1_188' title='bbox 392 1423 425 1463; x_wconf 91' lang='lat' dir='ltr'>si</span> <span class='ocrx_word' id='word_1_189' title='bbox 447 1438 532 1464; x_wconf 88' lang='lat' dir='ltr'>non</span> <span class='ocrx_word' id='word_1_190' title='bbox 556 1424 830 1479; x_wconf 81' lang='lat' dir='ltr'>pertimescat</span> <span class='ocrx_word' id='word_1_191' title='bbox 851 1439 985 1464; x_wconf 81' lang='lat' dir='ltr'>suam.</span> <span class='ocrx_word' id='word_1_192' title='bbox 1047 1423 1135 1465; x_wconf 93' lang='lat' dir='ltr'>Ubi</span> <span class='ocrx_word' id='word_1_193' title='bbox 1165 1433 1231 1463; x_wconf 89' lang='lat' dir='ltr'>est</span> <span class='ocrx_word' id='word_1_194' title='bbox 1262 1424 1394 1479; x_wconf 79' lang='lat' dir='ltr'>igitur</span> <span class='ocrx_word' id='word_1_195' title='bbox 1425 1438 1490 1464; x_wconf 84' lang='lat' dir='ltr'>sa-</span> <span class='ocrx_word' id='word_1_196' title='bbox 1504 1423 1550 1459; x_wconf 73' lang='lat'>12</span> 
     </span>
     <span class='ocr_line' id='line_1_24' title="bbox 54 1480 1490 1538; baseline 0 -16"><span class='ocrx_word' id='word_1_197' title='bbox 54 1481 218 1538; x_wconf 89' lang='lat' dir='ltr'>pientia</span> <span class='ocrx_word' id='word_1_198' title='bbox 246 1480 437 1536; x_wconf 81' lang='lat' dir='ltr'>judicis?</span> <span class='ocrx_word' id='word_1_199' title='bbox 470 1480 522 1521; x_wconf 90' lang='lat' dir='ltr'>In</span> <span class='ocrx_word' id='word_1_200' title='bbox 553 1481 652 1531; x_wconf 88' lang='lat' dir='ltr'>hoe,</span> <span class='ocrx_word' id='word_1_201' title='bbox 691 1491 738 1521; x_wconf 92' lang='lat' dir='ltr'>ut</span> <span class='ocrx_word' id='word_1_202' title='bbox 774 1495 860 1522; x_wconf 89' lang='lat' dir='ltr'>non</span> <span class='ocrx_word' id='word_1_203' title='bbox 895 1481 1047 1532; x_wconf 87' lang='lat' dir='ltr'>solum,</span> <span class='ocrx_word' id='word_1_204' title='bbox 1084 1481 1187 1535; x_wconf 88' lang='lat' dir='ltr'>quid</span> <span class='ocrx_word' id='word_1_205' title='bbox 1226 1481 1377 1536; x_wconf 86' lang='lat' dir='ltr'>possit,</span> <span class='ocrx_word' id='word_1_206' title='bbox 1417 1481 1490 1522; x_wconf 91' lang='lat' dir='ltr'>sed</span> 
     </span>
     <span class='ocr_line' id='line_1_25' title="bbox 53 1537 1491 1594; baseline -0.001 -15"><span class='ocrx_word' id='word_1_207' title='bbox 53 1539 184 1580; x_wconf 86' lang='lat' dir='ltr'>etiam</span> <span class='ocrx_word' id='word_1_208' title='bbox 219 1537 323 1593; x_wconf 88' lang='lat' dir='ltr'>quid</span> <span class='ocrx_word' id='word_1_209' title='bbox 356 1537 524 1587; x_wconf 81' lang='lat' dir='ltr'>debeat,</span> <span class='ocrx_word' id='word_1_210' title='bbox 558 1538 788 1593; x_wconf 89' lang='lat' dir='ltr'>ponderet:</span> <span class='ocrx_word' id='word_1_211' title='bbox 822 1552 916 1588; x_wconf 91' lang='lat' dir='ltr'>nec,</span> <span class='ocrx_word' id='word_1_212' title='bbox 955 1548 1163 1593; x_wconf 83' lang='lat' dir='ltr'>quantum</span> <span class='ocrx_word' id='word_1_213' title='bbox 1198 1538 1279 1578; x_wconf 89' lang='lat' dir='ltr'>sibi</span> <span class='ocrx_word' id='word_1_214' title='bbox 1313 1539 1491 1594; x_wconf 89' lang='lat' dir='ltr'>permis-</span> 
     </span>
     <span class='ocr_line' id='line_1_26' title="bbox 53 1594 1491 1649; baseline -0.001 -13"><span class='ocrx_word' id='word_1_215' title='bbox 53 1610 164 1647; x_wconf 82' lang='lat' dir='ltr'>sum,</span> <span class='ocrx_word' id='word_1_216' title='bbox 185 1594 426 1636; x_wconf 81' lang='lat' dir='ltr'>meminerit</span> <span class='ocrx_word' id='word_1_217' title='bbox 450 1595 602 1645; x_wconf 81' lang='lat' dir='ltr'>solum,</span> <span class='ocrx_word' id='word_1_218' title='bbox 625 1595 695 1635; x_wconf 90' lang='lat' dir='ltr'>sed</span> <span class='ocrx_word' id='word_1_219' title='bbox 719 1595 864 1645; x_wconf 87' lang='lat' dir='ltr'>etiam,</span> <span class='ocrx_word' id='word_1_220' title='bbox 888 1606 1098 1649; x_wconf 83' lang='lat' dir='ltr'>quatenus</span> <span class='ocrx_word' id='word_1_221' title='bbox 1121 1595 1399 1636; x_wconf 84' lang='lat' dir='ltr'>commissum</span> <span class='ocrx_word' id='word_1_222' title='bbox 1422 1595 1491 1636; x_wconf 91' lang='lat' dir='ltr'>sit.</span> 
     </span>
     <span class='ocr_line' id='line_1_27' title="bbox 54 1650 1492 1708; baseline -0.002 -14"><span class='ocrx_word' id='word_1_223' title='bbox 54 1652 197 1694; x_wconf 82' lang='lat' dir='ltr'>Datur</span> <span class='ocrx_word' id='word_1_224' title='bbox 219 1652 297 1693; x_wconf 91' lang='lat' dir='ltr'>tibi</span> <span class='ocrx_word' id='word_1_225' title='bbox 322 1650 662 1707; x_wconf 78' lang='lat' dir='ltr'>tabellajudicii.</span> <span class='ocrx_word' id='word_1_226' title='bbox 685 1666 770 1707; x_wconf 84' lang='lat' dir='ltr'>qua</span> <span class='ocrx_word' id='word_1_227' title='bbox 792 1652 912 1708; x_wconf 79' lang='lat' dir='ltr'>lege?</span> <span class='ocrx_word' id='word_1_228' title='bbox 941 1651 1061 1695; x_wconf 84' lang='lat' dir='ltr'>Julia</span> <span class='ocrx_word' id='word_1_229' title='bbox 1081 1652 1133 1693; x_wconf 83' lang='lat' dir='ltr'>(le</span> <span class='ocrx_word' id='word_1_230' title='bbox 1156 1652 1349 1707; x_wconf 87' lang='lat' dir='ltr'>pecuniis</span> <span class='ocrx_word' id='word_1_231' title='bbox 1372 1666 1492 1707; x_wconf 87' lang='lat' dir='ltr'>repe-</span> 
     </span>
     <span class='ocr_line' id='line_1_28' title="bbox 52 1708 1494 1764; baseline 0.001 -13"><span class='ocrx_word' id='word_1_232' title='bbox 52 1710 212 1751; x_wconf 89' lang='lat' dir='ltr'>tundis.</span> <span class='ocrx_word' id='word_1_233' title='bbox 234 1724 319 1764; x_wconf 90' lang='lat' dir='ltr'>quo</span> <span class='ocrx_word' id='word_1_234' title='bbox 340 1709 394 1749; x_wconf 89' lang='lat' dir='ltr'>de</span> <span class='ocrx_word' id='word_1_235' title='bbox 415 1711 515 1750; x_wconf 79' lang='lat' dir='ltr'>reo?</span> <span class='ocrx_word' id='word_1_236' title='bbox 545 1709 598 1749; x_wconf 88' lang='lat' dir='ltr'>de</span> <span class='ocrx_word' id='word_1_237' title='bbox 618 1710 763 1764; x_wconf 88' lang='lat' dir='ltr'>equite</span> <span class='ocrx_word' id='word_1_238' title='bbox 795 1709 1008 1751; x_wconf 84' lang='lat' dir='ltr'>Romano.</span> <span class='ocrx_word' id='word_1_239' title='bbox 1067 1708 1129 1750; x_wconf 92' lang='lat' dir='ltr'>At</span> <span class='ocrx_word' id='word_1_240' title='bbox 1159 1710 1238 1750; x_wconf 74' lang='lat' dir='ltr'>iste</span> <span class='ocrx_word' id='word_1_241' title='bbox 1268 1708 1374 1749; x_wconf 84' lang='lat' dir='ltr'>ordo</span> <span class='ocrx_word' id='word_1_242' title='bbox 1397 1709 1494 1764; x_wconf 84' lang='lat' dir='ltr'>lege.</span> 
     </span>
     <span class='ocr_line' id='line_1_29' title="bbox 53 1765 1490 1822; baseline -0.001 -14"><span class='ocrx_word' id='word_1_243' title='bbox 53 1781 105 1808; x_wconf 85' lang='lat' dir='ltr'>ea</span> <span class='ocrx_word' id='word_1_244' title='bbox 125 1781 211 1808; x_wconf 90' lang='lat' dir='ltr'>non</span> <span class='ocrx_word' id='word_1_245' title='bbox 233 1775 415 1807; x_wconf 88' lang='lat' dir='ltr'>tenetur.</span> <span class='ocrx_word' id='word_1_246' title='bbox 473 1768 513 1797; x_wconf 70' lang='lat'>2³3</span> <span class='ocrx_word' id='word_1_247' title='bbox 528 1765 624 1817; x_wconf 91' lang='lat' dir='ltr'>Illo,</span> <span class='ocrx_word' id='word_1_248' title='bbox 642 1766 798 1821; x_wconf 90' lang='lat' dir='ltr'>inquit,</span> <span class='ocrx_word' id='word_1_249' title='bbox 820 1767 976 1822; x_wconf 81' lang='lat' dir='ltr'>capite,</span> <span class='ocrx_word' id='word_1_250' title='bbox 998 1766 1114 1821; x_wconf 90' lang='lat' dir='ltr'>quod</span> <span class='ocrx_word' id='word_1_251' title='bbox 1136 1775 1226 1806; x_wconf 86' lang='lat' dir='ltr'>erat</span> <span class='ocrx_word' id='word_1_252' title='bbox 1258 1765 1301 1806; x_wconf 90' lang='lat' dir='ltr'>in</span> <span class='ocrx_word' id='word_1_253' title='bbox 1335 1765 1490 1806; x_wconf 88' lang='lat' dir='ltr'>Postu-</span> 
     </span>
     <span class='ocr_line' id='line_1_30' title="bbox 53 1822 1494 1879; baseline -0.002 -14"><span class='ocrx_word' id='word_1_254' title='bbox 53 1838 188 1875; x_wconf 88' lang='lat' dir='ltr'>mum,</span> <span class='ocrx_word' id='word_1_255' title='bbox 210 1824 325 1879; x_wconf 95' lang='lat' dir='ltr'>quod</span> <span class='ocrx_word' id='word_1_256' title='bbox 344 1823 387 1863; x_wconf 90' lang='lat' dir='ltr'>in</span> <span class='ocrx_word' id='word_1_257' title='bbox 410 1822 646 1864; x_wconf 84' lang='lat' dir='ltr'>Gabinium</span> <span class='ocrx_word' id='word_1_258' title='bbox 672 1823 812 1879; x_wconf 84' lang='lat' dir='ltr'>judex</span> <span class='ocrx_word' id='word_1_259' title='bbox 833 1838 961 1875; x_wconf 86' lang='lat' dir='ltr'>esses,</span> <span class='ocrx_word' id='word_1_260' title='bbox 982 1823 1091 1864; x_wconf 87' lang='lat' dir='ltr'>nihil</span> <span class='ocrx_word' id='word_1_261' title='bbox 1113 1823 1305 1864; x_wconf 81' lang='lat' dir='ltr'>Gabinio</span> <span class='ocrx_word' id='word_1_262' title='bbox 1327 1822 1494 1878; x_wconf 67' lang='lat' dir='ltr'>datum,¹</span> 
     </span>
     <span class='ocr_line' id='line_1_31' title="bbox 53 1879 1491 1936; baseline -0.001 -14"><span class='ocrx_word' id='word_1_263' title='bbox 53 1896 153 1925; x_wconf 88' lang='lat' dir='ltr'>cum</span> <span class='ocrx_word' id='word_1_264' title='bbox 173 1881 218 1922; x_wconf 89' lang='lat' dir='ltr'>in</span> <span class='ocrx_word' id='word_1_265' title='bbox 239 1895 338 1923; x_wconf 85' lang='lat' dir='ltr'>eum</span> <span class='ocrx_word' id='word_1_266' title='bbox 357 1879 453 1921; x_wconf 88' lang='lat' dir='ltr'>lites</span> <span class='ocrx_word' id='word_1_267' title='bbox 478 1881 805 1923; x_wconf 74' lang='lat' dir='ltr'>aestimarentur.</span> <span class='ocrx_word' id='word_1_268' title='bbox 851 1880 911 1922; x_wconf 83' lang='lat' dir='ltr'>At</span> <span class='ocrx_word' id='word_1_269' title='bbox 934 1896 1048 1922; x_wconf 88' lang='lat' dir='ltr'>nunc</span> <span class='ocrx_word' id='word_1_270' title='bbox 1069 1881 1212 1922; x_wconf 81' lang='lat' dir='ltr'>audio.</span> <span class='ocrx_word' id='word_1_271' title='bbox 1274 1879 1390 1920; x_wconf 83' lang='lat' dir='ltr'>Reus</span> <span class='ocrx_word' id='word_1_272' title='bbox 1409 1880 1491 1936; x_wconf 81' lang='lat' dir='ltr'>igi-</span> 
     </span>
    </p>
   </div>
   <div class='ocr_carea' id='block_1_2' title="bbox 791 2024 1491 2151">
    <p class='ocr_par' dir='ltr' id='par_1_4' title="bbox 791 2024 1491 2151">
     <span class='ocr_line' id='line_1_32' title="bbox 791 2024 1489 2066; baseline -0.003 -8"><span class='ocrx_word' id='word_1_273' title='bbox 791 2024 939 2059; x_wconf 74' lang='lat' dir='ltr'>busdam.</span> <span class='ocrx_word' id='word_1_274' title='bbox 989 2028 1223 2059; x_wconf 78' lang='lat' dir='ltr'>Conscientiam</span> <span class='ocrx_word' id='word_1_275' title='bbox 1240 2024 1387 2066; x_wconf 82' lang='lat' dir='ltr'>intellige</span> <span class='ocrx_word' id='word_1_276' title='bbox 1410 2024 1489 2057; x_wconf 85' lang='lat' dir='ltr'>alio-</span> 
     </span>
     <span class='ocr_line' id='line_1_33' title="bbox 792 2069 1491 2109; baseline -0.003 -9"><span class='ocrx_word' id='word_1_277' title='bbox 792 2081 878 2108; x_wconf 84' lang='lat' dir='ltr'>rum,</span> <span class='ocrx_word' id='word_1_278' title='bbox 900 2070 956 2109; x_wconf 87' lang='lat' dir='ltr'>qui</span> <span class='ocrx_word' id='word_1_279' title='bbox 978 2080 1023 2101; x_wconf 84' lang='lat' dir='ltr'>se.</span> <span class='ocrx_word' id='word_1_280' title='bbox 1048 2071 1200 2101; x_wconf 77' lang='lat' dir='ltr'>facinoris</span> <span class='ocrx_word' id='word_1_281' title='bbox 1225 2070 1266 2100; x_wconf 76' lang='lat' dir='ltr'>ab</span> <span class='ocrx_word' id='word_1_282' title='bbox 1288 2069 1352 2100; x_wconf 85' lang='lat' dir='ltr'>alio</span> <span class='ocrx_word' id='word_1_283' title='bbox 1367 2071 1491 2108; x_wconf 83' lang='lat' dir='ltr'>patrati</span> 
     </span>
     <span class='ocr_line' id='line_1_34' title="bbox 791 2110 1491 2151; baseline 0 -9"><span class='ocrx_word' id='word_1_284' title='bbox 791 2122 860 2143; x_wconf 87' lang='lat' dir='ltr'>non</span> <span class='ocrx_word' id='word_1_285' title='bbox 873 2118 953 2142; x_wconf 89' lang='lat' dir='ltr'>sunt</span> <span class='ocrx_word' id='word_1_286' title='bbox 968 2113 1084 2151; x_wconf 57' lang='lat' dir='ltr'>ignari.</span> <span class='ocrx_word' id='word_1_287' title='bbox 1130 2113 1183 2142; x_wconf 82' lang='lat' dir='ltr'>Sic</span> <span class='ocrx_word' id='word_1_288' title='bbox 1199 2119 1233 2142; x_wconf 84' lang='lat' dir='ltr'>et</span> <span class='ocrx_word' id='word_1_289' title='bbox 1247 2112 1323 2142; x_wconf 83' lang='lat' dir='ltr'>alibi</span> <span class='ocrx_word' id='word_1_290' title='bbox 1339 2110 1422 2141; x_wconf 70' lang='lat' dir='ltr'>dixit</span> <span class='ocrx_word' id='word_1_291' title='bbox 1436 2111 1491 2142; x_wconf 86' lang='lat' dir='ltr'>Ci-</span> 
     </span>
    </p>
   </div>
   <div class='ocr_carea' id='block_1_3' title="bbox 49 2026 747 2154">
    <p class='ocr_par' dir='ltr' id='par_1_5' title="bbox 49 2026 747 2154">
     <span class='ocr_line' id='line_1_35' title="bbox 96 2026 747 2069; baseline 0.002 -11"><span class='ocrx_word' id='word_1_292' title='bbox 96 2027 135 2062; x_wconf 87' lang='lat'>19</span> <span class='ocrx_word' id='word_1_293' title='bbox 146 2037 186 2058; x_wconf 77' lang='lat' dir='ltr'>ez·</span> <span class='ocrx_word' id='word_1_294' title='bbox 199 2037 239 2058; x_wconf 85' lang='lat' dir='ltr'>ea</span> <span class='ocrx_word' id='word_1_295' title='bbox 251 2027 587 2069; x_wconf 67' lang='lat' dir='ltr'>causa—redundat]</span> <span class='ocrx_word' id='word_1_296' title='bbox 607 2039 638 2060; x_wconf 91' lang='lat' dir='ltr'>v.</span> <span class='ocrx_word' id='word_1_297' title='bbox 656 2026 747 2060; x_wconf 84' lang='lat' dir='ltr'>Clav.</span> 
     </span>
     <span class='ocr_line' id='line_1_36' title="bbox 49 2069 615 2101; baseline -0.002 0"><span class='ocrx_word' id='word_1_298' title='bbox 49 2069 84 2101; x_wconf 84' lang='lat' dir='ltr'>in</span> <span class='ocrx_word' id='word_1_299' title='bbox 99 2070 297 2101; x_wconf 81' lang='lat' dir='ltr'>redundare.</span> <span class='ocrx_word' id='word_1_300' title='bbox 612 2087 615 2091; x_wconf 92' lang='lat'>·</span> 
     </span>
     <span class='ocr_line' id='line_1_37' title="bbox 93 2111 745 2154; baseline -0.003 -10"><span class='ocrx_word' id='word_1_301' title='bbox 93 2114 135 2144; x_wconf 74' lang='lat'>20</span> <span class='ocrx_word' id='word_1_302' title='bbox 155 2117 201 2145; x_wconf 66' lang='lat' dir='ltr'>est</span> <span class='ocrx_word' id='word_1_303' title='bbox 218 2118 371 2152; x_wconf 79' lang='lat' dir='ltr'>arreptus</span> <span class='ocrx_word' id='word_1_304' title='bbox 384 2123 418 2144; x_wconf 85' lang='lat' dir='ltr'>u.</span> <span class='ocrx_word' id='word_1_305' title='bbox 441 2123 533 2154; x_wconf 83' lang='lat' dir='ltr'>eques</span> <span class='ocrx_word' id='word_1_306' title='bbox 554 2113 653 2145; x_wconf 85' lang='lat' dir='ltr'>Rom.</span> <span class='ocrx_word' id='word_1_307' title='bbox 669 2111 745 2152; x_wconf 77' lang='lat' dir='ltr'>&amp;c.]</span> 
     </span>
    </p>
   </div>
   <div class='ocr_carea' id='block_1_4' title="bbox 46 2153 749 2910">
    <p class='ocr_par' dir='ltr' id='par_1_6' title="bbox 49 2153 748 2456">
     <span class='ocr_line' id='line_1_38' title="bbox 50 2153 748 2191; baseline -0.001 -7"><span class='ocrx_word' id='word_1_308' title='bbox 50 2154 170 2186; x_wconf 85' lang='lat' dir='ltr'>Sensus</span> <span class='ocrx_word' id='word_1_309' title='bbox 186 2159 253 2185; x_wconf 84' lang='lat' dir='ltr'>est:</span> <span class='ocrx_word' id='word_1_310' title='bbox 277 2155 332 2186; x_wconf 78' lang='lat' dir='ltr'>sed</span> <span class='ocrx_word' id='word_1_311' title='bbox 348 2155 453 2185; x_wconf 87' lang='lat' dir='ltr'>voluit</span> <span class='ocrx_word' id='word_1_312' title='bbox 475 2159 656 2191; x_wconf 86' lang='lat' dir='ltr'>accusator,</span> <span class='ocrx_word' id='word_1_313' title='bbox 673 2153 748 2184; x_wconf 73' lang='lat' dir='ltr'>odio</span> 
     </span>
     <span class='ocr_line' id='line_1_39' title="bbox 49 2193 745 2237; baseline -0.001 -11"><span class='ocrx_word' id='word_1_314' title='bbox 49 2196 173 2227; x_wconf 90' lang='lat' dir='ltr'>ordinis</span> <span class='ocrx_word' id='word_1_315' title='bbox 202 2198 372 2236; x_wconf 80' lang='lat' dir='ltr'>equestris,</span> <span class='ocrx_word' id='word_1_316' title='bbox 400 2197 545 2237; x_wconf 81' lang='lat' dir='ltr'>equitem</span> <span class='ocrx_word' id='word_1_317' title='bbox 571 2197 669 2228; x_wconf 84' lang='lat' dir='ltr'>Rom.</span> <span class='ocrx_word' id='word_1_318' title='bbox 705 2193 745 2226; x_wconf 78' lang='lat' dir='ltr'>de</span> 
     </span>
     <span class='ocr_line' id='line_1_40' title="bbox 49 2238 746 2279; baseline -0.004 -9"><span class='ocrx_word' id='word_1_319' title='bbox 49 2239 236 2279; x_wconf 83' lang='lat' dir='ltr'>repetundis</span> <span class='ocrx_word' id='word_1_320' title='bbox 260 2249 352 2270; x_wconf 84' lang='lat' dir='ltr'>reum</span> <span class='ocrx_word' id='word_1_321' title='bbox 376 2239 494 2277; x_wconf 79' lang='lat' dir='ltr'>facere,</span> <span class='ocrx_word' id='word_1_322' title='bbox 516 2250 591 2279; x_wconf 84' lang='lat' dir='ltr'>quae</span> <span class='ocrx_word' id='word_1_323' title='bbox 608 2238 746 2279; x_wconf 75' lang='lat' dir='ltr'>quaestio</span> 
     </span>
     <span class='ocr_line' id='line_1_41' title="bbox 50 2279 747 2323; baseline -0.001 -12"><span class='ocrx_word' id='word_1_324' title='bbox 50 2279 90 2311; x_wconf 89' lang='lat' dir='ltr'>ad</span> <span class='ocrx_word' id='word_1_325' title='bbox 123 2282 247 2321; x_wconf 86' lang='lat' dir='ltr'>equites</span> <span class='ocrx_word' id='word_1_326' title='bbox 280 2291 347 2312; x_wconf 87' lang='lat' dir='ltr'>non</span> <span class='ocrx_word' id='word_1_327' title='bbox 384 2283 540 2323; x_wconf 85' lang='lat' dir='ltr'>pertinet,</span> <span class='ocrx_word' id='word_1_328' title='bbox 576 2282 602 2313; x_wconf 89' lang='lat' dir='ltr'>si</span> <span class='ocrx_word' id='word_1_329' title='bbox 645 2281 747 2321; x_wconf 80' lang='lat' dir='ltr'>possit</span> 
     </span>
     <span class='ocr_line' id='line_1_42' title="bbox 49 2321 746 2363; baseline -0.003 -10"><span class='ocrx_word' id='word_1_330' title='bbox 49 2321 113 2353; x_wconf 85' lang='lat' dir='ltr'>hoe</span> <span class='ocrx_word' id='word_1_331' title='bbox 124 2323 286 2363; x_wconf 74' lang='lat' dir='ltr'>exemplo,</span> <span class='ocrx_word' id='word_1_332' title='bbox 299 2324 355 2354; x_wconf 86' lang='lat' dir='ltr'>ubi</span> <span class='ocrx_word' id='word_1_333' title='bbox 370 2334 420 2355; x_wconf 90' lang='lat' dir='ltr'>res</span> <span class='ocrx_word' id='word_1_334' title='bbox 435 2324 637 2361; x_wconf 85' lang='lat' dir='ltr'>successerit,</span> <span class='ocrx_word' id='word_1_335' title='bbox 649 2322 746 2359; x_wconf 83' lang='lat' dir='ltr'>effici,</span> 
     </span>
     <span class='ocr_line' id='line_1_43' title="bbox 49 2365 747 2407; baseline 0 -13"><span class='ocrx_word' id='word_1_336' title='bbox 49 2367 89 2394; x_wconf 87' lang='lat' dir='ltr'>ut</span> <span class='ocrx_word' id='word_1_337' title='bbox 103 2370 138 2396; x_wconf 86' lang='lat' dir='ltr'>et</span> <span class='ocrx_word' id='word_1_338' title='bbox 151 2366 275 2406; x_wconf 87' lang='lat' dir='ltr'>equites</span> <span class='ocrx_word' id='word_1_339' title='bbox 288 2376 327 2396; x_wconf 82' lang='lat' dir='ltr'>ex</span> <span class='ocrx_word' id='word_1_340' title='bbox 343 2367 415 2406; x_wconf 84' lang='lat' dir='ltr'>lege</span> <span class='ocrx_word' id='word_1_341' title='bbox 430 2367 469 2397; x_wconf 91' lang='lat' dir='ltr'>de</span> <span class='ocrx_word' id='word_1_342' title='bbox 492 2365 679 2407; x_wconf 83' lang='lat' dir='ltr'>repetundis</span> <span class='ocrx_word' id='word_1_343' title='bbox 695 2375 747 2395; x_wconf 85' lang='lat' dir='ltr'>ac-</span> 
     </span>
     <span class='ocr_line' id='line_1_44' title="bbox 51 2407 382 2456; baseline 0.006 -19"><span class='ocrx_word' id='word_1_344' title='bbox 51 2407 156 2438; x_wconf 84' lang='lat' dir='ltr'>cusari</span> <span class='ocrx_word' id='word_1_345' title='bbox 170 2408 306 2456; x_wconf 76' lang='lat' dir='ltr'>ppssint.</span> <span class='ocrx_word' id='word_1_346' title='bbox 377 2426 382 2430; x_wconf 92' lang='lat'>·</span> 
     </span>
    </p>

    <p class='ocr_par' dir='ltr' id='par_1_7' title="bbox 49 2449 748 2650">
     <span class='ocr_line' id='line_1_45' title="bbox 93 2449 745 2490; baseline 0 -11"><span class='ocrx_word' id='word_1_347' title='bbox 93 2452 130 2479; x_wconf 82' lang='lat'>21</span> <span class='ocrx_word' id='word_1_348' title='bbox 148 2449 318 2490; x_wconf 78' lang='lat' dir='ltr'>injudicio</span> <span class='ocrx_word' id='word_1_349' title='bbox 330 2451 372 2481; x_wconf 83' lang='lat' dir='ltr'>A.</span> <span class='ocrx_word' id='word_1_350' title='bbox 392 2450 538 2490; x_wconf 79' lang='lat' dir='ltr'>Gabinii]</span> <span class='ocrx_word' id='word_1_351' title='bbox 563 2451 616 2481; x_wconf 88' lang='lat' dir='ltr'>Sic</span> <span class='ocrx_word' id='word_1_352' title='bbox 630 2460 648 2480; x_wconf 88' lang='lat' dir='ltr'>e</span> <span class='ocrx_word' id='word_1_353' title='bbox 664 2450 745 2480; x_wconf 79' lang='lat' dir='ltr'>Mss.</span> 
     </span>
     <span class='ocr_line' id='line_1_46' title="bbox 50 2488 748 2524; baseline 0.001 -3"><span class='ocrx_word' id='word_1_354' title='bbox 50 2488 201 2522; x_wconf 89' lang='lat' dir='ltr'>Memmii</span> <span class='ocrx_word' id='word_1_355' title='bbox 224 2491 324 2522; x_wconf 82' lang='lat' dir='ltr'>edidit</span> <span class='ocrx_word' id='word_1_356' title='bbox 346 2493 527 2524; x_wconf 78' lang='lat' dir='ltr'>Lambinus</span> <span class='ocrx_word' id='word_1_357' title='bbox 550 2497 647 2523; x_wconf 80' lang='lat' dir='ltr'>reete.</span> <span class='ocrx_word' id='word_1_358' title='bbox 693 2493 748 2522; x_wconf 88' lang='lat' dir='ltr'>Sic</span> 
     </span>
     <span class='ocr_line' id='line_1_47' title="bbox 49 2533 745 2574; baseline 0.001 -11"><span class='ocrx_word' id='word_1_359' title='bbox 49 2536 86 2563; x_wconf 88' lang='lat' dir='ltr'>et</span> <span class='ocrx_word' id='word_1_360' title='bbox 106 2533 177 2564; x_wconf 85' lang='lat' dir='ltr'>sine</span> <span class='ocrx_word' id='word_1_361' title='bbox 197 2533 288 2564; x_wconf 82' lang='lat' dir='ltr'>libris</span> <span class='ocrx_word' id='word_1_362' title='bbox 303 2535 530 2574; x_wconf 79' lang='lat' dir='ltr'>corrigendum</span> <span class='ocrx_word' id='word_1_363' title='bbox 544 2540 627 2566; x_wconf 82' lang='lat' dir='ltr'>erat.</span> <span class='ocrx_word' id='word_1_364' title='bbox 671 2535 745 2564; x_wconf 87' lang='lat' dir='ltr'>Ser-</span> 
     </span>
     <span class='ocr_line' id='line_1_48' title="bbox 49 2575 746 2618; baseline 0.006 -15"><span class='ocrx_word' id='word_1_365' title='bbox 49 2575 139 2605; x_wconf 88' lang='lat' dir='ltr'>vavit</span> <span class='ocrx_word' id='word_1_366' title='bbox 167 2579 281 2617; x_wconf 75' lang='lat' dir='ltr'>tamen</span> <span class='ocrx_word' id='word_1_367' title='bbox 309 2576 480 2618; x_wconf 82' lang='lat' dir='ltr'>vulgatum</span> <span class='ocrx_word' id='word_1_368' title='bbox 507 2579 542 2608; x_wconf 74' lang='lat' dir='ltr'>in</span> <span class='ocrx_word' id='word_1_369' title='bbox 569 2576 698 2618; x_wconf 72' lang='lat' dir='ltr'>judicio</span> <span class='ocrx_word' id='word_1_370' title='bbox 723 2586 746 2607; x_wconf 85' lang='lat' dir='ltr'><strong><em>a</em></strong></span> 
     </span>
     <span class='ocr_line' id='line_1_49' title="bbox 55 2615 519 2650; baseline 0.004 -3"><span class='ocrx_word' id='word_1_371' title='bbox 55 2615 194 2648; x_wconf 73' lang='lat' dir='ltr'>Gabinio</span> <span class='ocrx_word' id='word_1_372' title='bbox 204 2618 294 2648; x_wconf 68' lang='lat' dir='ltr'>recia.</span> <span class='ocrx_word' id='word_1_373' title='bbox 309 2628 335 2648; x_wconf 80' lang='lat' dir='ltr'>s.</span> <span class='ocrx_word' id='word_1_374' title='bbox 349 2619 519 2650; x_wconf 83' lang='lat' dir='ltr'>Gruterus.</span> 
     </span>
    </p>

    <p class='ocr_par' dir='ltr' id='par_1_8' title="bbox 46 2657 749 2910">
     <span class='ocr_line' id='line_1_50' title="bbox 93 2657 746 2701; baseline 0.003 -12"><span class='ocrx_word' id='word_1_375' title='bbox 93 2659 134 2690; x_wconf 74' lang='lat'>22</span> <span class='ocrx_word' id='word_1_376' title='bbox 155 2657 249 2699; x_wconf 75' lang='lat' dir='ltr'>cujus</span> <span class='ocrx_word' id='word_1_377' title='bbox 270 2662 497 2691; x_wconf 79' lang='lat' dir='ltr'>conscientiam</span> <span class='ocrx_word' id='word_1_378' title='bbox 520 2671 553 2692; x_wconf 85' lang='lat' dir='ltr'>n.</span> <span class='ocrx_word' id='word_1_379' title='bbox 569 2671 596 2691; x_wconf 90' lang='lat' dir='ltr'>e.</span> <span class='ocrx_word' id='word_1_380' title='bbox 613 2671 643 2701; x_wconf 91' lang='lat' dir='ltr'>q.</span> <span class='ocrx_word' id='word_1_381' title='bbox 661 2662 746 2701; x_wconf 78' lang='lat' dir='ltr'>quis-</span> 
     </span>
     <span class='ocr_line' id='line_1_51' title="bbox 50 2701 746 2740; baseline 0.006 -11"><span class='ocrx_word' id='word_1_382' title='bbox 50 2708 151 2739; x_wconf 79' lang='lat' dir='ltr'>quam</span> <span class='ocrx_word' id='word_1_383' title='bbox 166 2705 190 2731; x_wconf 84' lang='lat' dir='ltr'>t.</span> <span class='ocrx_word' id='word_1_384' title='bbox 213 2701 285 2740; x_wconf 63' lang='grc' dir='ltr'>δια]</span> <span class='ocrx_word' id='word_1_385' title='bbox 315 2702 547 2734; x_wconf 78' lang='lat' dir='ltr'>Conscientiam</span> <span class='ocrx_word' id='word_1_386' title='bbox 571 2708 658 2734; x_wconf 89' lang='lat' dir='ltr'>recte</span> <span class='ocrx_word' id='word_1_387' title='bbox 680 2703 746 2733; x_wconf 85' lang='lat' dir='ltr'>edi·</span> 
     </span>
     <span class='ocr_line' id='line_1_52' title="bbox 51 2739 747 2781; baseline 0.007 -11"><span class='ocrx_word' id='word_1_388' title='bbox 51 2739 101 2771; x_wconf 84' lang='lat' dir='ltr'>dit</span> <span class='ocrx_word' id='word_1_389' title='bbox 125 2751 184 2781; x_wconf 84' lang='lat' dir='ltr'>pro</span> <span class='ocrx_word' id='word_1_390' title='bbox 205 2744 396 2774; x_wconf 78' lang='lat' dir='ltr'>conscientia</span> <span class='ocrx_word' id='word_1_391' title='bbox 418 2745 598 2775; x_wconf 83' lang='lat' dir='ltr'>Lambinus</span> <span class='ocrx_word' id='word_1_392' title='bbox 621 2755 638 2775; x_wconf 93' lang='lat' dir='ltr'>e</span> <span class='ocrx_word' id='word_1_393' title='bbox 667 2745 747 2775; x_wconf 85' lang='lat' dir='ltr'>Mss.</span> 
     </span>
     <span class='ocr_line' id='line_1_53' title="bbox 51 2783 746 2827; baseline 0.009 -15"><span class='ocrx_word' id='word_1_394' title='bbox 51 2783 140 2822; x_wconf 88' lang='lat' dir='ltr'>quod</span> <span class='ocrx_word' id='word_1_395' title='bbox 161 2788 194 2814; x_wconf 82' lang='lat' dir='ltr'>et</span> <span class='ocrx_word' id='word_1_396' title='bbox 216 2785 283 2815; x_wconf 85' lang='lat' dir='ltr'>sine</span> <span class='ocrx_word' id='word_1_397' title='bbox 306 2785 396 2816; x_wconf 86' lang='lat' dir='ltr'>libris</span> <span class='ocrx_word' id='word_1_398' title='bbox 419 2787 642 2827; x_wconf 87' lang='lat' dir='ltr'>reponendum</span> <span class='ocrx_word' id='word_1_399' title='bbox 664 2791 746 2817; x_wconf 81' lang='lat' dir='ltr'>erat.</span> 
     </span>
     <span class='ocr_line' id='line_1_54' title="bbox 48 2825 749 2868; baseline 0.007 -14"><span class='ocrx_word' id='word_1_400' title='bbox 48 2825 220 2865; x_wconf 76' lang='lat' dir='ltr'>quisquam</span> <span class='ocrx_word' id='word_1_401' title='bbox 245 2836 302 2866; x_wconf 81' lang='lat' dir='ltr'>pro</span> <span class='ocrx_word' id='word_1_402' title='bbox 318 2829 507 2867; x_wconf 78' lang='lat' dir='ltr'>quidquam,</span> <span class='ocrx_word' id='word_1_403' title='bbox 528 2829 614 2868; x_wconf 90' lang='lat' dir='ltr'>quod</span> <span class='ocrx_word' id='word_1_404' title='bbox 629 2829 749 2859; x_wconf 79' lang='lat' dir='ltr'>Grute-</span> 
     </span>
     <span class='ocr_line' id='line_1_55' title="bbox 46 2867 745 2910; baseline 0.006 -14"><span class='ocrx_word' id='word_1_405' title='bbox 46 2872 103 2897; x_wconf 79' lang='lat' dir='ltr'>rus</span> <span class='ocrx_word' id='word_1_406' title='bbox 125 2867 238 2905; x_wconf 87' lang='lat' dir='ltr'>edidit,</span> <span class='ocrx_word' id='word_1_407' title='bbox 261 2874 310 2899; x_wconf 85' lang='lat' dir='ltr'>est</span> <span class='ocrx_word' id='word_1_408' title='bbox 334 2869 369 2899; x_wconf 89' lang='lat' dir='ltr'>in</span> <span class='ocrx_word' id='word_1_409' title='bbox 393 2870 465 2901; x_wconf 86' lang='lat' dir='ltr'>edd.</span> <span class='ocrx_word' id='word_1_410' title='bbox 489 2871 650 2908; x_wconf 78' lang='lat' dir='ltr'>veteribus</span> <span class='ocrx_word' id='word_1_411' title='bbox 673 2870 745 2910; x_wconf 91' lang='lat' dir='ltr'>qui—</span> 
     </span>
    </p>
   </div>
   <div class='ocr_carea' id='block_1_5' title="bbox 112 2923 448 2954">
    <p class='ocr_par' dir='ltr' id='par_1_9' title="bbox 112 2923 448 2954">
     <span class='ocr_line' id='line_1_56' title="bbox 112 2923 448 2954; baseline 0 -3"><span class='ocrx_word' id='word_1_412' title='bbox 112 2923 222 2952; x_wconf 79' lang='lat' dir='ltr'>v01..</span> <span class='ocrx_word' id='word_1_413' title='bbox 248 2924 302 2953; x_wconf 90' lang='lat'>11.</span> <span class='ocrx_word' id='word_1_414' title='bbox 327 2925 368 2953; x_wconf 84' lang='lat' dir='ltr'>P.</span> <span class='ocrx_word' id='word_1_415' title='bbox 394 2926 448 2954; x_wconf 82' lang='lat'>11.</span> 
     </span>
    </p>
   </div>
   <div class='ocr_carea' id='block_1_6' title="bbox 786 2151 1492 2899">
    <p class='ocr_par' dir='ltr' id='par_1_10' title="bbox 788 2151 1492 2320">
     <span class='ocr_line' id='line_1_57' title="bbox 791 2151 1492 2191; baseline -0.003 -6"><span class='ocrx_word' id='word_1_416' title='bbox 791 2164 878 2191; x_wconf 81' lang='lat' dir='ltr'>cero,</span> <span class='ocrx_word' id='word_1_417' title='bbox 903 2160 941 2184; x_wconf 87' lang='lat' dir='ltr'>ut</span> <span class='ocrx_word' id='word_1_418' title='bbox 965 2154 1064 2186; x_wconf 84' lang='lat' dir='ltr'>Catil.</span> <span class='ocrx_word' id='word_1_419' title='bbox 1090 2154 1118 2190; x_wconf 88' lang='lat'>1,</span> <span class='ocrx_word' id='word_1_420' title='bbox 1146 2151 1410 2184; x_wconf 66' lang='lat' dir='ltr'>1.&#39;comtrictam</span> <span class='ocrx_word' id='word_1_421' title='bbox 1437 2155 1492 2184; x_wconf 74' lang='grc' dir='ltr'>Ιιο·</span> 
     </span>
     <span class='ocr_line' id='line_1_58' title="bbox 788 2193 1490 2234; baseline -0.004 -7"><span class='ocrx_word' id='word_1_422' title='bbox 788 2207 866 2227; x_wconf 82' lang='lat' dir='ltr'>rum</span> <span class='ocrx_word' id='word_1_423' title='bbox 880 2197 1025 2227; x_wconf 81' lang='lat' dir='ltr'>omnium</span> <span class='ocrx_word' id='word_1_424' title='bbox 1042 2197 1238 2226; x_wconf 66' lang='lat' dir='ltr'>conscientia</span> <span class='ocrx_word' id='word_1_425' title='bbox 1261 2195 1363 2226; x_wconf 81' lang='lat' dir='ltr'>teneri</span> <span class='ocrx_word' id='word_1_426' title='bbox 1379 2193 1490 2234; x_wconf 78' lang='lat' dir='ltr'>conju-</span> 
     </span>
     <span class='ocr_line' id='line_1_59' title="bbox 789 2238 1489 2276; baseline -0.001 -7"><span class='ocrx_word' id='word_1_427' title='bbox 789 2240 950 2269; x_wconf 63' lang='lat' dir='ltr'>rationem</span> <span class='ocrx_word' id='word_1_428' title='bbox 972 2243 1079 2276; x_wconf 81' lang='lat' dir='ltr'>tuum,</span> <span class='ocrx_word' id='word_1_429' title='bbox 1094 2239 1116 2268; x_wconf 89' lang='lat' dir='ltr'>i.</span> <span class='ocrx_word' id='word_1_430' title='bbox 1132 2250 1160 2268; x_wconf 82' lang='lat' dir='ltr'>e.</span> <span class='ocrx_word' id='word_1_431' title='bbox 1184 2239 1242 2269; x_wconf 85' lang='lat' dir='ltr'>hos</span> <span class='ocrx_word' id='word_1_432' title='bbox 1258 2247 1372 2269; x_wconf 87' lang='lat' dir='ltr'>omnes</span> <span class='ocrx_word' id='word_1_433' title='bbox 1394 2238 1489 2274; x_wconf 75' lang='lat' dir='ltr'>scire,</span> 
     </span>
     <span class='ocr_line' id='line_1_60' title="bbox 789 2281 1096 2320; baseline -0.003 -9"><span class='ocrx_word' id='word_1_434' title='bbox 789 2286 823 2311; x_wconf 84' lang='lat' dir='ltr'>te</span> <span class='ocrx_word' id='word_1_435' title='bbox 838 2281 1023 2320; x_wconf 82' lang='lat' dir='ltr'>conjurasse</span> <span class='ocrx_word' id='word_1_436' title='bbox 1036 2282 1096 2311; x_wconf 70' lang='grc' dir='ltr'>ἃς.</span> 
     </span>
    </p>

    <p class='ocr_par' dir='ltr' id='par_1_11' title="bbox 786 2318 1491 2899">
     <span class='ocr_line' id='line_1_61' title="bbox 831 2318 1490 2363; baseline -0.002 -9"><span class='ocrx_word' id='word_1_437' title='bbox 831 2325 872 2354; x_wconf 75' lang='lat'>23</span> <span class='ocrx_word' id='word_1_438' title='bbox 902 2322 976 2359; x_wconf 82' lang='lat' dir='ltr'>Illo,</span> <span class='ocrx_word' id='word_1_439' title='bbox 1003 2323 1124 2363; x_wconf 77' lang='lat' dir='ltr'>inquit,</span> <span class='ocrx_word' id='word_1_440' title='bbox 1147 2322 1255 2363; x_wconf 78' lang='lat' dir='ltr'>capite</span> <span class='ocrx_word' id='word_1_441' title='bbox 1282 2319 1356 2361; x_wconf 63' lang='grc' dir='ltr'>δια]</span> <span class='ocrx_word' id='word_1_442' title='bbox 1389 2318 1490 2353; x_wconf 81' lang='lat' dir='ltr'>Hunc</span> 
     </span>
     <span class='ocr_line' id='line_1_62' title="bbox 789 2364 1491 2405; baseline -0.003 -9"><span class='ocrx_word' id='word_1_443' title='bbox 789 2365 901 2396; x_wconf 82' lang='lat' dir='ltr'>locum</span> <span class='ocrx_word' id='word_1_444' title='bbox 936 2364 1028 2395; x_wconf 83' lang='lat' dir='ltr'>valde</span> <span class='ocrx_word' id='word_1_445' title='bbox 1056 2370 1249 2405; x_wconf 85' lang='lat' dir='ltr'>corruptum</span> <span class='ocrx_word' id='word_1_446' title='bbox 1279 2373 1360 2401; x_wconf 82' lang='lat' dir='ltr'>esse,</span> <span class='ocrx_word' id='word_1_447' title='bbox 1389 2374 1491 2404; x_wconf 81' lang='lat' dir='ltr'>agno-</span> 
     </span>
     <span class='ocr_line' id='line_1_63' title="bbox 788 2406 1490 2445; baseline -0.003 -7"><span class='ocrx_word' id='word_1_448' title='bbox 788 2412 887 2438; x_wconf 84' lang='lat' dir='ltr'>scunt</span> <span class='ocrx_word' id='word_1_449' title='bbox 915 2417 1047 2437; x_wconf 83' lang='lat' dir='ltr'>omnes:</span> <span class='ocrx_word' id='word_1_450' title='bbox 1085 2406 1120 2437; x_wconf 88' lang='lat' dir='ltr'>in</span> <span class='ocrx_word' id='word_1_451' title='bbox 1148 2406 1340 2445; x_wconf 81' lang='lat' dir='ltr'>corrigendo</span> <span class='ocrx_word' id='word_1_452' title='bbox 1367 2406 1490 2436; x_wconf 86' lang='lat' dir='ltr'>dissen-</span> 
     </span>
     <span class='ocr_line' id='line_1_64' title="bbox 788 2448 1491 2486; baseline -0.001 -6"><span class='ocrx_word' id='word_1_453' title='bbox 788 2450 892 2486; x_wconf 78' lang='lat' dir='ltr'>tiunt,</span> <span class='ocrx_word' id='word_1_454' title='bbox 910 2459 970 2479; x_wconf 88' lang='lat' dir='ltr'>nec</span> <span class='ocrx_word' id='word_1_455' title='bbox 992 2450 1061 2479; x_wconf 87' lang='lat' dir='ltr'>sine</span> <span class='ocrx_word' id='word_1_456' title='bbox 1080 2448 1172 2479; x_wconf 80' lang='lat' dir='ltr'>libris</span> <span class='ocrx_word' id='word_1_457' title='bbox 1195 2449 1384 2478; x_wconf 82' lang='lat' dir='ltr'>melioribus</span> <span class='ocrx_word' id='word_1_458' title='bbox 1400 2453 1491 2479; x_wconf 82' lang='lat' dir='ltr'>certa.</span> 
     </span>
     <span class='ocr_line' id='line_1_65' title="bbox 790 2489 1489 2531; baseline -0.003 -9"><span class='ocrx_word' id='word_1_459' title='bbox 790 2493 950 2522; x_wconf 86' lang='lat' dir='ltr'>correctio</span> <span class='ocrx_word' id='word_1_460' title='bbox 963 2501 1031 2521; x_wconf 84' lang='lat' dir='ltr'>esse</span> <span class='ocrx_word' id='word_1_461' title='bbox 1045 2494 1166 2531; x_wconf 85' lang='lat' dir='ltr'>potest.</span> <span class='ocrx_word' id='word_1_462' title='bbox 1210 2489 1299 2521; x_wconf 85' lang='lat' dir='ltr'>Illud</span> <span class='ocrx_word' id='word_1_463' title='bbox 1313 2489 1432 2527; x_wconf 84' lang='lat' dir='ltr'>dicam,</span> <span class='ocrx_word' id='word_1_464' title='bbox 1448 2491 1489 2520; x_wconf 86' lang='lat' dir='ltr'>ab</span> 
     </span>
     <span class='ocr_line' id='line_1_66' title="bbox 786 2531 1487 2574; baseline -0.003 -10"><span class='ocrx_word' id='word_1_465' title='bbox 786 2534 883 2564; x_wconf 82' lang='lat' dir='ltr'>initio</span> <span class='ocrx_word' id='word_1_466' title='bbox 911 2544 971 2574; x_wconf 87' lang='lat' dir='ltr'>pro</span> <span class='ocrx_word' id='word_1_467' title='bbox 993 2533 1057 2564; x_wconf 82' lang='lat' dir='ltr'>Illo</span> <span class='ocrx_word' id='word_1_468' title='bbox 1078 2532 1254 2573; x_wconf 78' lang='lat' dir='ltr'>legendum</span> <span class='ocrx_word' id='word_1_469' title='bbox 1281 2531 1361 2562; x_wconf 86' lang='lat' dir='ltr'>mihi</span> <span class='ocrx_word' id='word_1_470' title='bbox 1386 2531 1487 2562; x_wconf 88' lang='lat' dir='ltr'>videri</span> 
     </span>
     <span class='ocr_line' id='line_1_67' title="bbox 788 2575 1486 2615; baseline -0.004 -9"><span class='ocrx_word' id='word_1_471' title='bbox 788 2576 907 2613; x_wconf 86' lang='lat' dir='ltr'>Immo,</span> <span class='ocrx_word' id='word_1_472' title='bbox 930 2577 951 2606; x_wconf 72' lang='lat' dir='ltr'>i.</span> <span class='ocrx_word' id='word_1_473' title='bbox 969 2585 1040 2615; x_wconf 75' lang='lat' dir='ltr'>cap.</span> <span class='ocrx_word' id='word_1_474' title='bbox 1067 2577 1116 2606; x_wconf 72' lang='lat' dir='ltr'>vel</span> <span class='ocrx_word' id='word_1_475' title='bbox 1131 2575 1238 2606; x_wconf 84' lang='lat' dir='ltr'>Immo</span> <span class='ocrx_word' id='word_1_476' title='bbox 1259 2575 1328 2610; x_wconf 79' lang='lat' dir='ltr'>illo,</span> <span class='ocrx_word' id='word_1_477' title='bbox 1347 2575 1372 2604; x_wconf 82' lang='lat' dir='ltr'>i.</span> <span class='ocrx_word' id='word_1_478' title='bbox 1388 2583 1418 2603; x_wconf 87' lang='lat' dir='ltr'>c.</span> <span class='ocrx_word' id='word_1_479' title='bbox 1442 2582 1486 2604; x_wconf 80' lang='lat' dir='ltr'>se.</span> 
     </span>
     <span class='ocr_line' id='line_1_68' title="bbox 787 2616 1487 2649; baseline -0.003 -1"><span class='ocrx_word' id='word_1_480' title='bbox 787 2623 928 2648; x_wconf 79' lang='lat' dir='ltr'>tenetur.</span> <span class='ocrx_word' id='word_1_481' title='bbox 970 2617 1058 2648; x_wconf 79' lang='lat' dir='ltr'>Dein</span> <span class='ocrx_word' id='word_1_482' title='bbox 1073 2628 1091 2647; x_wconf 89' lang='lat' dir='ltr'>e</span> <span class='ocrx_word' id='word_1_483' title='bbox 1105 2617 1226 2649; x_wconf 84' lang='lat' dir='ltr'>Graevii</span> <span class='ocrx_word' id='word_1_484' title='bbox 1240 2616 1405 2646; x_wconf 76' lang='lat' dir='ltr'>sententia</span> <span class='ocrx_word' id='word_1_485' title='bbox 1419 2625 1487 2646; x_wconf 75' lang='lat' dir='ltr'>esse</span> 
     </span>
     <span class='ocr_line' id='line_1_69' title="bbox 789 2657 1488 2699; baseline -0.006 -8"><span class='ocrx_word' id='word_1_486' title='bbox 789 2659 994 2691; x_wconf 78' lang='lat' dir='ltr'>addendum:</span> <span class='ocrx_word' id='word_1_487' title='bbox 1031 2669 1092 2699; x_wconf 81' lang='lat' dir='ltr'>quo</span> <span class='ocrx_word' id='word_1_488' title='bbox 1115 2659 1257 2699; x_wconf 79' lang='lat' dir='ltr'>pecunia</span> <span class='ocrx_word' id='word_1_489' title='bbox 1286 2657 1488 2696; x_wconf 65' lang='lat' dir='ltr'>pervenerit,</span> 
     </span>
     <span class='ocr_line' id='line_1_70' title="bbox 791 2698 1488 2742; baseline -0.004 -11"><span class='ocrx_word' id='word_1_490' title='bbox 791 2711 921 2742; x_wconf 87' lang='lat' dir='ltr'>nempe,</span> <span class='ocrx_word' id='word_1_491' title='bbox 948 2710 1048 2740; x_wconf 85' lang='lat' dir='ltr'>quam</span> <span class='ocrx_word' id='word_1_492' title='bbox 1075 2701 1233 2731; x_wconf 85' lang='lat' dir='ltr'>Gabinius</span> <span class='ocrx_word' id='word_1_493' title='bbox 1259 2703 1377 2729; x_wconf 78' lang='lat' dir='ltr'>contra</span> <span class='ocrx_word' id='word_1_494' title='bbox 1401 2698 1488 2738; x_wconf 76' lang='lat' dir='ltr'>leges</span> 
     </span>
     <span class='ocr_line' id='line_1_71' title="bbox 790 2741 1487 2783; baseline -0.006 -10"><span class='ocrx_word' id='word_1_495' title='bbox 790 2744 890 2783; x_wconf 85' lang='lat' dir='ltr'>cepit,</span> <span class='ocrx_word' id='word_1_496' title='bbox 905 2749 940 2774; x_wconf 87' lang='lat' dir='ltr'>et</span> <span class='ocrx_word' id='word_1_497' title='bbox 955 2753 1028 2782; x_wconf 86' lang='lat' dir='ltr'>quae</span> <span class='ocrx_word' id='word_1_498' title='bbox 1043 2754 1080 2774; x_wconf 86' lang='lat' dir='ltr'>ex</span> <span class='ocrx_word' id='word_1_499' title='bbox 1097 2744 1168 2782; x_wconf 83' lang='lat' dir='ltr'>ejus</span> <span class='ocrx_word' id='word_1_500' title='bbox 1184 2742 1276 2771; x_wconf 83' lang='lat' dir='ltr'>bouis</span> <span class='ocrx_word' id='word_1_501' title='bbox 1299 2741 1397 2779; x_wconf 76' lang='lat' dir='ltr'>recipi</span> <span class='ocrx_word' id='word_1_502' title='bbox 1421 2750 1487 2770; x_wconf 82' lang='lat' dir='ltr'>nou</span> 
     </span>
     <span class='ocr_line' id='line_1_72' title="bbox 790 2784 1488 2825; baseline -0.006 -10"><span class='ocrx_word' id='word_1_503' title='bbox 790 2790 909 2824; x_wconf 84' lang='lat' dir='ltr'>potest.</span> <span class='ocrx_word' id='word_1_504' title='bbox 953 2785 1082 2816; x_wconf 79' lang='lat' dir='ltr'>Deinde</span> <span class='ocrx_word' id='word_1_505' title='bbox 1106 2784 1191 2825; x_wconf 76' lang='lat' dir='ltr'>quod</span> <span class='ocrx_word' id='word_1_506' title='bbox 1211 2793 1256 2813; x_wconf 80' lang='lat' dir='ltr'>sc.</span> <span class='ocrx_word' id='word_1_507' title='bbox 1281 2788 1393 2822; x_wconf 82' lang='lat' dir='ltr'>caput,</span> <span class='ocrx_word' id='word_1_508' title='bbox 1415 2786 1488 2812; x_wconf 70' lang='lat' dir='ltr'>erae</span> 
     </span>
     <span class='ocr_line' id='line_1_73' title="bbox 790 2823 1489 2858; baseline -0.01 1"><span class='ocrx_word' id='word_1_509' title='bbox 790 2828 826 2856; x_wconf 79' lang='lat' dir='ltr'>in</span> <span class='ocrx_word' id='word_1_510' title='bbox 852 2827 1061 2858; x_wconf 72' lang='lat' dir='ltr'>Postumum.</span> <span class='ocrx_word' id='word_1_511' title='bbox 1119 2826 1159 2856; x_wconf 74' lang='lat' dir='ltr'>Ia</span> <span class='ocrx_word' id='word_1_512' title='bbox 1186 2825 1302 2855; x_wconf 78' lang='lat' dir='ltr'>ceteris</span> <span class='ocrx_word' id='word_1_513' title='bbox 1331 2823 1412 2854; x_wconf 77' lang='lat' dir='ltr'>nihil</span> <span class='ocrx_word' id='word_1_514' title='bbox 1442 2824 1489 2853; x_wconf 77' lang='lat' dir='ltr'>vi-</span> 
     </span>
     <span class='ocr_line' id='line_1_74' title="bbox 791 2868 864 2899; baseline 0 0"><span class='ocrx_word' id='word_1_515' title='bbox 791 2868 864 2899; x_wconf 82' lang='lat' dir='ltr'>deo.</span> 
     </span>
    </p>
   </div>
   <div class='ocr_carea' id='block_1_7' title="bbox 725 2919 795 2962">
    <p class='ocr_par' dir='ltr' id='par_1_12' title="bbox 725 2919 795 2962">
     <span class='ocr_line' id='line_1_75' title="bbox 725 2919 795 2962; baseline 0 0"><span class='ocrx_word' id='word_1_516' title='bbox 725 2919 795 2962; x_wconf 68' lang='lat'>41</span> 
     </span>
    </p>
   </div>
  </div>
 </body>
</html>
