<?xml version="1.0" encoding="UTF-8"?>
<!DOCTYPE html PUBLIC "-//W3C//DTD XHTML 1.0 Transitional//EN"
    "http://www.w3.org/TR/xhtml1/DTD/xhtml1-transitional.dtd">
<html xmlns="http://www.w3.org/1999/xhtml" xml:lang="en" lang="en">
 <head>
  <title>
</title>
<meta http-equiv="Content-Type" content="text/html;charset=utf-8" />
  <meta name='ocr-system' content='tesseract 3.04.00' />
  <meta name='ocr-capabilities' content='ocr_page ocr_carea ocr_par ocr_line ocrx_word'/>
</head>
<body>
  <div class='ocr_page' id='page_1' title='image "./p2operaomnia02ciceuoft_0416.png"; bbox 0 0 1817 3169; ppageno 0'>
   <div class='ocr_carea' id='block_1_1' title="bbox 291 120 1119 162">
    <p class='ocr_par' dir='ltr' id='par_1_1' title="bbox 291 120 1119 162">
     <span class='ocr_line' id='line_1_1' title="bbox 291 120 1119 162; baseline 0.011 -8"><span class='ocrx_word' id='word_1_1' title='bbox 291 120 390 155; x_wconf 70' lang='lat'>1132</span> <span class='ocrx_word' id='word_1_2' title='bbox 872 122 1119 162; x_wconf 87' lang='lat' dir='ltr'>ORATIO</span> 
     </span>
    </p>
   </div>
   <div class='ocr_carea' id='block_1_2' title="bbox 171 219 1817 1817">
    <p class='ocr_par' dir='ltr' id='par_1_2' title="bbox 171 219 1817 1817">
     <span class='ocr_line' id='line_1_2' title="bbox 289 219 1715 276; baseline 0.008 -16"><span class='ocrx_word' id='word_1_3' title='bbox 289 219 523 274; x_wconf 86' lang='lat' dir='ltr'>Thessalia,</span> <span class='ocrx_word' id='word_1_4' title='bbox 536 220 736 276; x_wconf 62' lang='lat' dir='ltr'>Athenae,</span> <span class='ocrx_word' id='word_1_5' title='bbox 758 226 798 259; x_wconf 82' lang='grc'>59</span> <span class='ocrx_word' id='word_1_6' title='bbox 809 236 966 268; x_wconf 86' lang='lat' dir='ltr'>cuncta</span> <span class='ocrx_word' id='word_1_7' title='bbox 986 228 1157 270; x_wconf 82' lang='lat' dir='ltr'>Graecia</span> <span class='ocrx_word' id='word_1_8' title='bbox 1179 228 1362 270; x_wconf 84' lang='lat' dir='ltr'>addicta.</span> <span class='ocrx_word' id='word_1_9' title='bbox 1384 229 1570 271; x_wconf 84' lang='lat' dir='ltr'>habebas</span> <span class='ocrx_word' id='word_1_10' title='bbox 1593 244 1715 272; x_wconf 82' lang='lat' dir='ltr'>exer-</span> 
     </span>
     <span class='ocr_line' id='line_1_3' title="bbox 288 278 1716 343; baseline 0.008 -26"><span class='ocrx_word' id='word_1_11' title='bbox 288 278 424 318; x_wconf 83' lang='lat' dir='ltr'>citum</span> <span class='ocrx_word' id='word_1_12' title='bbox 449 288 630 332; x_wconf 90' lang='lat' dir='ltr'>tantum,</span> <span class='ocrx_word' id='word_1_13' title='bbox 651 291 859 337; x_wconf 84' lang='lat' dir='ltr'>quantum</span> <span class='ocrx_word' id='word_1_14' title='bbox 882 285 961 326; x_wconf 90' lang='lat' dir='ltr'>tibi</span> <span class='ocrx_word' id='word_1_15' title='bbox 992 300 1078 326; x_wconf 91' lang='lat' dir='ltr'>non</span> <span class='ocrx_word' id='word_1_16' title='bbox 1109 295 1278 327; x_wconf 85' lang='lat' dir='ltr'>senatus</span> <span class='ocrx_word' id='word_1_17' title='bbox 1309 296 1382 327; x_wconf 87' lang='lat' dir='ltr'>aut</span> <span class='ocrx_word' id='word_1_18' title='bbox 1413 287 1594 343; x_wconf 86' lang='lat' dir='ltr'>populus</span> <span class='ocrx_word' id='word_1_19' title='bbox 1626 287 1716 328; x_wconf 88' lang='lat' dir='ltr'>Ro-</span> 
     </span>
     <span class='ocr_line' id='line_1_4' title="bbox 292 336 1715 399; baseline 0.007 -24"><span class='ocrx_word' id='word_1_20' title='bbox 292 348 441 397; x_wconf 80' lang='lat' dir='ltr'>manus</span> <span class='ocrx_word' id='word_1_21' title='bbox 462 336 649 389; x_wconf 85' lang='lat' dir='ltr'>dederat,</span> <span class='ocrx_word' id='word_1_22' title='bbox 671 340 743 381; x_wconf 88' lang='lat' dir='ltr'>sed</span> <span class='ocrx_word' id='word_1_23' title='bbox 764 350 1067 399; x_wconf 29' lang='lat' dir='ltr'>quantum‘tua</span> <span class='ocrx_word' id='word_1_24' title='bbox 1087 341 1220 384; x_wconf 91' lang='lat' dir='ltr'>libido</span> <span class='ocrx_word' id='word_1_25' title='bbox 1244 344 1576 399; x_wconf 82' lang='lat' dir='ltr'>conscripserat:</span> <span class='ocrx_word' id='word_1_26' title='bbox 1609 359 1715 385; x_wconf 85' lang='lat' dir='ltr'>aera-</span> 
     </span>
     <span class='ocr_line' id='line_1_5' title="bbox 225 393 1714 456; baseline 0.008 -26"><span class='ocrx_word' id='word_1_27' title='bbox 225 397 401 432; x_wconf 83' lang='lat' dir='ltr'>381·1u1n</span> <span class='ocrx_word' id='word_1_28' title='bbox 434 393 704 437; x_wconf 82' lang='lat' dir='ltr'>exhauseras.</span> <span class='ocrx_word' id='word_1_29' title='bbox 765 398 884 444; x_wconf 80' lang='lat' dir='ltr'>Quas</span> <span class='ocrx_word' id='word_1_30' title='bbox 913 413 976 439; x_wconf 85' lang='lat' dir='ltr'>res</span> <span class='ocrx_word' id='word_1_31' title='bbox 1007 399 1173 454; x_wconf 83' lang='lat' dir='ltr'>gessisti</span> <span class='ocrx_word' id='word_1_32' title='bbox 1205 401 1246 440; x_wconf 91' lang='lat' dir='ltr'>in</span> <span class='ocrx_word' id='word_1_33' title='bbox 1280 401 1474 456; x_wconf 87' lang='lat' dir='ltr'>imperio,</span> <span class='ocrx_word' id='word_1_34' title='bbox 1505 401 1714 451; x_wconf 84' lang='lat' dir='ltr'>exercitu,</span> 
     </span>
     <span class='ocr_line' id='line_1_6' title="bbox 290 450 1714 512; baseline 0.006 -23"><span class='ocrx_word' id='word_1_35' title='bbox 290 450 513 503; x_wconf 89' lang='lat' dir='ltr'>provincia</span> <span class='ocrx_word' id='word_1_36' title='bbox 548 453 788 494; x_wconf 79' lang='lat' dir='ltr'>consulari?</span> <span class='ocrx_word' id='word_1_37' title='bbox 817 469 920 508; x_wconf 89' lang='lat' dir='ltr'>quas</span> <span class='ocrx_word' id='word_1_38' title='bbox 957 470 1020 495; x_wconf 84' lang='lat' dir='ltr'>res</span> <span class='ocrx_word' id='word_1_39' title='bbox 1059 456 1252 510; x_wconf 81' lang='lat' dir='ltr'>gesserit,</span> <span class='ocrx_word' id='word_1_40' title='bbox 1289 471 1450 511; x_wconf 85' lang='lat' dir='ltr'>quaero.</span> <span class='ocrx_word' id='word_1_41' title='bbox 1485 458 1526 487; x_wconf 85' lang='lat'>60</span> <span class='ocrx_word' id='word_1_42' title='bbox 1539 457 1627 512; x_wconf 89' lang='lat' dir='ltr'>qui,</span> <span class='ocrx_word' id='word_1_43' title='bbox 1668 467 1714 498; x_wconf 84' lang='lat' dir='ltr'>ut</span> 
     </span>
     <span class='ocr_line' id='line_1_7' title="bbox 290 507 1716 567; baseline 0.006 -22"><span class='ocrx_word' id='word_1_44' title='bbox 290 507 422 558; x_wconf 88' lang='lat' dir='ltr'>venit,</span> <span class='ocrx_word' id='word_1_45' title='bbox 441 509 586 550; x_wconf 84' lang='lat' dir='ltr'>statim</span> <span class='ocrx_word' id='word_1_46' title='bbox 607 510 641 540; x_wconf 80' lang='lat'>6¹</span> <span class='ocrx_word' id='word_1_47' title='bbox 655 510 864 562; x_wconf 89' lang='lat' dir='ltr'>(noudum</span> <span class='ocrx_word' id='word_1_48' title='bbox 887 526 1175 553; x_wconf 88' lang='lat' dir='ltr'>commemoro</span> <span class='ocrx_word' id='word_1_49' title='bbox 1198 513 1381 567; x_wconf 87' lang='lat' dir='ltr'>rapinas,</span> <span class='ocrx_word' id='word_1_50' title='bbox 1400 514 1590 554; x_wconf 88' lang='lat' dir='ltr'>nondum</span> <span class='ocrx_word' id='word_1_51' title='bbox 1612 528 1716 554; x_wconf 85' lang='lat' dir='ltr'>exa-</span> 
     </span>
     <span class='ocr_line' id='line_1_8' title="bbox 288 566 1715 623; baseline 0.006 -20"><span class='ocrx_word' id='word_1_52' title='bbox 288 572 379 604; x_wconf 86' lang='lat' dir='ltr'>ctas</span> <span class='ocrx_word' id='word_1_53' title='bbox 411 566 627 619; x_wconf 82' lang='lat' dir='ltr'>pecunias,</span> <span class='ocrx_word' id='word_1_54' title='bbox 650 581 734 607; x_wconf 87' lang='lat' dir='ltr'>non</span> <span class='ocrx_word' id='word_1_55' title='bbox 763 578 925 622; x_wconf 87' lang='lat' dir='ltr'>captas,</span> <span class='ocrx_word' id='word_1_56' title='bbox 946 583 1030 608; x_wconf 83' lang='lat' dir='ltr'>non</span> <span class='ocrx_word' id='word_1_57' title='bbox 1055 569 1296 623; x_wconf 72' lang='lat' dir='ltr'>imperataS,</span> <span class='ocrx_word' id='word_1_58' title='bbox 1321 585 1405 610; x_wconf 92' lang='lat' dir='ltr'>non</span> <span class='ocrx_word' id='word_1_59' title='bbox 1432 584 1553 611; x_wconf 84' lang='lat' dir='ltr'>neces</span> <span class='ocrx_word' id='word_1_60' title='bbox 1576 572 1715 611; x_wconf 91' lang='lat' dir='ltr'>socio-</span> 
     </span>
     <span class='ocr_line' id='line_1_9' title="bbox 287 623 1716 680; baseline 0.004 -19"><span class='ocrx_word' id='word_1_61' title='bbox 287 633 398 671; x_wconf 89' lang='lat' dir='ltr'>rum,</span> <span class='ocrx_word' id='word_1_62' title='bbox 420 636 504 663; x_wconf 91' lang='lat' dir='ltr'>non</span> <span class='ocrx_word' id='word_1_63' title='bbox 528 623 689 663; x_wconf 82' lang='lat' dir='ltr'>eaedem</span> <span class='ocrx_word' id='word_1_64' title='bbox 722 623 956 678; x_wconf 85' lang='lat' dir='ltr'>hospitum,</span> <span class='ocrx_word' id='word_1_65' title='bbox 979 639 1065 664; x_wconf 89' lang='lat' dir='ltr'>non</span> <span class='ocrx_word' id='word_1_66' title='bbox 1097 625 1333 680; x_wconf 81' lang='lat' dir='ltr'>perfidiam,</span> <span class='ocrx_word' id='word_1_67' title='bbox 1357 640 1441 666; x_wconf 91' lang='lat' dir='ltr'>non</span> <span class='ocrx_word' id='word_1_68' title='bbox 1473 627 1716 668; x_wconf 83' lang='lat' dir='ltr'>immanita-</span> 
     </span>
     <span class='ocr_line' id='line_1_10' title="bbox 287 679 1715 735; baseline 0.006 -19"><span class='ocrx_word' id='word_1_69' title='bbox 287 685 390 728; x_wconf 89' lang='lat' dir='ltr'>tem,</span> <span class='ocrx_word' id='word_1_70' title='bbox 412 693 497 719; x_wconf 87' lang='lat' dir='ltr'>non</span> <span class='ocrx_word' id='word_1_71' title='bbox 529 679 686 720; x_wconf 84' lang='lat' dir='ltr'>seelera</span> <span class='ocrx_word' id='word_1_72' title='bbox 717 680 930 735; x_wconf 78' lang='lat' dir='ltr'>praedico:</span> <span class='ocrx_word' id='word_1_73' title='bbox 962 695 1080 731; x_wconf 72' lang='lat' dir='ltr'>mox,</span> <span class='ocrx_word' id='word_1_74' title='bbox 1103 682 1136 721; x_wconf 84' lang='lat' dir='ltr'>si</span> <span class='ocrx_word' id='word_1_75' title='bbox 1162 682 1389 732; x_wconf 88' lang='lat' dir='ltr'>videbitur,</span> <span class='ocrx_word' id='word_1_76' title='bbox 1412 693 1460 722; x_wconf 83' lang='lat' dir='ltr'>ut</span> <span class='ocrx_word' id='word_1_77' title='bbox 1488 698 1584 724; x_wconf 90' lang='lat' dir='ltr'>cum</span> <span class='ocrx_word' id='word_1_78' title='bbox 1608 682 1715 734; x_wconf 84' lang='lat' dir='ltr'>fure,</span> 
     </span>
     <span class='ocr_line' id='line_1_11' title="bbox 287 736 1713 793; baseline 0.006 -20"><span class='ocrx_word' id='word_1_79' title='bbox 287 743 335 774; x_wconf 85' lang='lat' dir='ltr'>ut</span> <span class='ocrx_word' id='word_1_80' title='bbox 365 749 462 775; x_wconf 84' lang='lat' dir='ltr'>eum</span> <span class='ocrx_word' id='word_1_81' title='bbox 494 736 716 792; x_wconf 80' lang='lat' dir='ltr'>sacrilego,</span> <span class='ocrx_word' id='word_1_82' title='bbox 748 746 794 777; x_wconf 87' lang='lat' dir='ltr'>ut</span> <span class='ocrx_word' id='word_1_83' title='bbox 823 750 922 778; x_wconf 90' lang='lat' dir='ltr'>cum</span> <span class='ocrx_word' id='word_1_84' title='bbox 953 737 1119 788; x_wconf 85' lang='lat' dir='ltr'>sicario,</span> <span class='ocrx_word' id='word_1_85' title='bbox 1141 738 1398 793; x_wconf 85' lang='lat' dir='ltr'>disputabo:</span> <span class='ocrx_word' id='word_1_86' title='bbox 1432 753 1545 779; x_wconf 89' lang='lat' dir='ltr'>nunc</span> <span class='ocrx_word' id='word_1_87' title='bbox 1575 754 1713 781; x_wconf 87' lang='lat' dir='ltr'>meam</span> 
     </span>
     <span class='ocr_line' id='line_1_12' title="bbox 287 791 1716 852; baseline 0.005 -21"><span class='ocrx_word' id='word_1_88' title='bbox 287 791 512 846; x_wconf 82' lang='lat' dir='ltr'>spoliatam</span> <span class='ocrx_word' id='word_1_89' title='bbox 536 792 751 833; x_wconf 85' lang='lat' dir='ltr'>fortunam</span> <span class='ocrx_word' id='word_1_90' title='bbox 772 793 988 834; x_wconf 86' lang='lat' dir='ltr'>conferam</span> <span class='ocrx_word' id='word_1_91' title='bbox 1011 809 1108 835; x_wconf 88' lang='lat' dir='ltr'>cum</span> <span class='ocrx_word' id='word_1_92' title='bbox 1133 795 1310 836; x_wconf 85' lang='lat' dir='ltr'>florente</span> <span class='ocrx_word' id='word_1_93' title='bbox 1340 794 1512 836; x_wconf 84' lang='lat' dir='ltr'>fortuna</span> <span class='ocrx_word' id='word_1_94' title='bbox 1535 795 1716 852; x_wconf 87' lang='lat' dir='ltr'>impera-</span> 
     </span>
     <span class='ocr_line' id='line_1_13' title="bbox 287 849 1715 906; baseline 0.004 -19"><span class='ocrx_word' id='word_1_95' title='bbox 287 849 425 898; x_wconf 87' lang='lat' dir='ltr'>toris.)</span> <span class='ocrx_word' id='word_1_96' title='bbox 487 850 596 895; x_wconf 81' lang='lat' dir='ltr'>Quis</span> <span class='ocrx_word' id='word_1_97' title='bbox 629 864 828 903; x_wconf 85' lang='lat' dir='ltr'>umquam</span> <span class='ocrx_word' id='word_1_98' title='bbox 862 851 1126 906; x_wconf 86' lang='lat' dir='ltr'>provinciam</span> <span class='ocrx_word' id='word_1_99' title='bbox 1159 867 1255 892; x_wconf 87' lang='lat' dir='ltr'>cum</span> <span class='ocrx_word' id='word_1_100' title='bbox 1287 853 1477 893; x_wconf 79' lang='lat' dir='ltr'>exercitu</span> <span class='ocrx_word' id='word_1_101' title='bbox 1509 853 1715 903; x_wconf 80' lang='lat' dir='ltr'>obtinuit,</span> 
     </span>
     <span class='ocr_line' id='line_1_14' title="bbox 288 905 1713 965; baseline 0.005 -21"><span class='ocrx_word' id='word_1_102' title='bbox 288 905 360 958; x_wconf 84' lang='lat' dir='ltr'>qui</span> <span class='ocrx_word' id='word_1_103' title='bbox 386 906 518 946; x_wconf 89' lang='lat' dir='ltr'>nullas</span> <span class='ocrx_word' id='word_1_104' title='bbox 540 906 591 947; x_wconf 86' lang='lat' dir='ltr'>ad</span> <span class='ocrx_word' id='word_1_105' title='bbox 615 917 808 947; x_wconf 86' lang='lat' dir='ltr'>senatum</span> <span class='ocrx_word' id='word_1_106' title='bbox 830 906 991 947; x_wconf 78' lang='lat' dir='ltr'>litteras</span> <span class='ocrx_word' id='word_1_107' title='bbox 1014 909 1201 950; x_wconf 81' lang='lat' dir='ltr'>miserit?</span> <span class='ocrx_word' id='word_1_108' title='bbox 1233 919 1393 950; x_wconf 84' lang='lat' dir='ltr'>tantam</span> <span class='ocrx_word' id='word_1_109' title='bbox 1417 924 1516 950; x_wconf 85' lang='lat' dir='ltr'>vero</span> <span class='ocrx_word' id='word_1_110' title='bbox 1540 910 1713 965; x_wconf 90' lang='lat' dir='ltr'>provin-</span> 
     </span>
     <span class='ocr_line' id='line_1_15' title="bbox 288 961 1713 1021; baseline 0.006 -21"><span class='ocrx_word' id='word_1_111' title='bbox 288 961 399 1002; x_wconf 81' lang='lat' dir='ltr'>ciam</span> <span class='ocrx_word' id='word_1_112' title='bbox 438 978 532 1006; x_wconf 87' lang='lat' dir='ltr'>cum</span> <span class='ocrx_word' id='word_1_113' title='bbox 574 972 694 1003; x_wconf 89' lang='lat' dir='ltr'>tanto</span> <span class='ocrx_word' id='word_1_114' title='bbox 732 965 940 1015; x_wconf 80' lang='lat' dir='ltr'>exercitu,</span> <span class='ocrx_word' id='word_1_115' title='bbox 990 963 1294 1006; x_wconf 81' lang='lat' dir='ltr'>Macedoniam</span> <span class='ocrx_word' id='word_1_116' title='bbox 1334 965 1583 1021; x_wconf 81' lang='lat' dir='ltr'>praesertim,</span> <span class='ocrx_word' id='word_1_117' title='bbox 1616 981 1713 1021; x_wconf 83' lang='lat' dir='ltr'>quae</span> 
     </span>
     <span class='ocr_line' id='line_1_16' title="bbox 288 1019 1714 1078; baseline 0.004 -20"><span class='ocrx_word' id='word_1_118' title='bbox 288 1019 418 1059; x_wconf 85' lang='lat' dir='ltr'>tantis</span> <span class='ocrx_word' id='word_1_119' title='bbox 443 1020 718 1060; x_wconf 87' lang='lat' dir='ltr'>barbarorum</span> <span class='ocrx_word' id='word_1_120' title='bbox 741 1021 941 1076; x_wconf 83' lang='lat' dir='ltr'>gentibus</span> <span class='ocrx_word' id='word_1_121' title='bbox 970 1022 1212 1077; x_wconf 81' lang='lat' dir='ltr'>attingitur,</span> <span class='ocrx_word' id='word_1_122' title='bbox 1232 1033 1279 1064; x_wconf 83' lang='lat' dir='ltr'>ut</span> <span class='ocrx_word' id='word_1_123' title='bbox 1309 1037 1474 1078; x_wconf 78' lang='lat' dir='ltr'>semper</span> <span class='ocrx_word' id='word_1_124' title='bbox 1505 1022 1714 1064; x_wconf 81' lang='lat' dir='ltr'>Macedo-</span> 
     </span>
     <span class='ocr_line' id='line_1_17' title="bbox 286 1075 1716 1135; baseline 0.003 -20"><span class='ocrx_word' id='word_1_125' title='bbox 286 1075 394 1115; x_wconf 83' lang='lat' dir='ltr'>nicis</span> <span class='ocrx_word' id='word_1_126' title='bbox 418 1076 746 1132; x_wconf 81' lang='lat' dir='ltr'>imperatoribus</span> <span class='ocrx_word' id='word_1_127' title='bbox 780 1077 909 1118; x_wconf 87' lang='lat' dir='ltr'>iidem</span> <span class='ocrx_word' id='word_1_128' title='bbox 936 1077 1040 1118; x_wconf 83' lang='lat' dir='ltr'>fines</span> <span class='ocrx_word' id='word_1_129' title='bbox 1068 1079 1303 1134; x_wconf 82' lang='lat' dir='ltr'>provineiae</span> <span class='ocrx_word' id='word_1_130' title='bbox 1327 1079 1499 1129; x_wconf 88' lang='lat' dir='ltr'>fuerint,</span> <span class='ocrx_word' id='word_1_131' title='bbox 1521 1080 1595 1134; x_wconf 88' lang='lat' dir='ltr'>qui</span> <span class='ocrx_word' id='word_1_132' title='bbox 1625 1079 1716 1135; x_wconf 83' lang='lat' dir='ltr'>gla-</span> 
     </span>
     <span class='ocr_line' id='line_1_18' title="bbox 286 1131 1713 1192; baseline 0.005 -21"><span class='ocrx_word' id='word_1_133' title='bbox 286 1131 454 1172; x_wconf 89' lang='lat' dir='ltr'>diorum</span> <span class='ocrx_word' id='word_1_134' title='bbox 477 1143 606 1188; x_wconf 83' lang='lat' dir='ltr'>atque</span> <span class='ocrx_word' id='word_1_135' title='bbox 630 1134 837 1189; x_wconf 88' lang='lat' dir='ltr'>pilorum:</span> <span class='ocrx_word' id='word_1_136' title='bbox 870 1135 910 1165; x_wconf 78' lang='lat'>6²</span> <span class='ocrx_word' id='word_1_137' title='bbox 923 1150 977 1175; x_wconf 77' lang='lat' dir='ltr'>ex</span> <span class='ocrx_word' id='word_1_138' title='bbox 1001 1149 1086 1189; x_wconf 83' lang='lat' dir='ltr'>qua</span> <span class='ocrx_word' id='word_1_139' title='bbox 1111 1136 1272 1190; x_wconf 80' lang='lat' dir='ltr'>aliquot</span> <span class='ocrx_word' id='word_1_140' title='bbox 1296 1137 1496 1191; x_wconf 80' lang='lat' dir='ltr'>praetorio</span> <span class='ocrx_word' id='word_1_141' title='bbox 1519 1137 1713 1192; x_wconf 85' lang='lat' dir='ltr'>imperio,</span> 
     </span>
     <span class='ocr_line' id='line_1_19' title="bbox 285 1189 1713 1248; baseline 0.004 -19"><span class='ocrx_word' id='word_1_142' title='bbox 285 1189 496 1230; x_wconf 83' lang='lat' dir='ltr'>consulari</span> <span class='ocrx_word' id='word_1_143' title='bbox 516 1191 688 1245; x_wconf 88' lang='lat' dir='ltr'>quidem</span> <span class='ocrx_word' id='word_1_144' title='bbox 712 1206 837 1232; x_wconf 88' lang='lat' dir='ltr'>nemo</span> <span class='ocrx_word' id='word_1_145' title='bbox 862 1191 1001 1242; x_wconf 88' lang='lat' dir='ltr'>rediit,</span> <span class='ocrx_word' id='word_1_146' title='bbox 1023 1191 1094 1246; x_wconf 87' lang='lat' dir='ltr'>qui</span> <span class='ocrx_word' id='word_1_147' title='bbox 1120 1192 1346 1234; x_wconf 88' lang='lat' dir='ltr'>incolumis</span> <span class='ocrx_word' id='word_1_148' title='bbox 1370 1193 1511 1244; x_wconf 87' lang='lat' dir='ltr'>fuerit,</span> <span class='ocrx_word' id='word_1_149' title='bbox 1532 1194 1605 1248; x_wconf 89' lang='lat' dir='ltr'>qui</span> <span class='ocrx_word' id='word_1_150' title='bbox 1628 1208 1713 1235; x_wconf 91' lang='lat' dir='ltr'>non</span> 
     </span>
     <span class='ocr_line' id='line_1_20' title="bbox 285 1245 1706 1306; baseline 0.004 -21"><span class='ocrx_word' id='word_1_151' title='bbox 285 1245 574 1302; x_wconf 85' lang='lat' dir='ltr'>triumpharit.</span> <span class='ocrx_word' id='word_1_152' title='bbox 607 1247 685 1288; x_wconf 92' lang='lat' dir='ltr'>Est</span> <span class='ocrx_word' id='word_1_153' title='bbox 706 1248 788 1289; x_wconf 90' lang='lat' dir='ltr'>hoe</span> <span class='ocrx_word' id='word_1_154' title='bbox 810 1262 990 1289; x_wconf 88' lang='lat' dir='ltr'>novum:</span> <span class='ocrx_word' id='word_1_155' title='bbox 1015 1249 1151 1289; x_wconf 86' lang='lat' dir='ltr'>multo</span> <span class='ocrx_word' id='word_1_156' title='bbox 1173 1249 1273 1290; x_wconf 87' lang='lat' dir='ltr'>illud</span> <span class='ocrx_word' id='word_1_157' title='bbox 1298 1251 1447 1305; x_wconf 83' lang='lat' dir='ltr'>magis.</span> <span class='ocrx_word' id='word_1_158' title='bbox 1470 1250 1706 1306; x_wconf 82' lang='lat' dir='ltr'>appellatus</span> 
     </span>
     <span class='ocr_line' id='line_1_21' title="bbox 285 1288 1817 1362; baseline 0.003 -19"><span class='ocrx_word' id='word_1_159' title='bbox 285 1311 350 1342; x_wconf 83' lang='lat' dir='ltr'>est</span> <span class='ocrx_word' id='word_1_160' title='bbox 370 1303 441 1344; x_wconf 88' lang='lat' dir='ltr'>hic</span> <span class='ocrx_word' id='word_1_161' title='bbox 464 1304 672 1345; x_wconf 76' lang='lat' dir='ltr'>vulturius</span> <span class='ocrx_word' id='word_1_162' title='bbox 695 1304 805 1345; x_wconf 80' lang='lat' dir='ltr'>illius</span> <span class='ocrx_word' id='word_1_163' title='bbox 829 1305 1062 1361; x_wconf 73' lang='lat' dir='ltr'>provinciae</span> <span class='ocrx_word' id='word_1_164' title='bbox 1084 1306 1139 1358; x_wconf 87' lang='lat' dir='ltr'>(si</span> <span class='ocrx_word' id='word_1_165' title='bbox 1169 1306 1250 1347; x_wconf 86' lang='lat' dir='ltr'>diis</span> <span class='ocrx_word' id='word_1_166' title='bbox 1284 1307 1439 1362; x_wconf 85' lang='lat' dir='ltr'>placet)</span> <span class='ocrx_word' id='word_1_167' title='bbox 1464 1307 1708 1362; x_wconf 83' lang='lat' dir='ltr'>imperator.</span> <span class='ocrx_word' id='word_1_168' title='bbox 1815 1288 1817 1356; x_wconf 65' lang='lat' dir='ltr'>l</span> 
     </span>
     <span class='ocr_line' id='line_1_22' title="bbox 207 1347 1713 1416; baseline 0.003 -16"><span class='ocrx_word' id='word_1_169' title='bbox 207 1347 270 1400; x_wconf 77' lang='grc'>17</span> <span class='ocrx_word' id='word_1_170' title='bbox 288 1359 355 1399; x_wconf 83' lang='lat' dir='ltr'>Ne</span> <span class='ocrx_word' id='word_1_171' title='bbox 377 1369 466 1402; x_wconf 88' lang='lat' dir='ltr'>tum</span> <span class='ocrx_word' id='word_1_172' title='bbox 490 1362 678 1416; x_wconf 86' lang='lat' dir='ltr'>quidem,</span> <span class='ocrx_word' id='word_1_173' title='bbox 701 1362 740 1392; x_wconf 80' lang='lat'>63</span> <span class='ocrx_word' id='word_1_174' title='bbox 757 1362 902 1403; x_wconf 86' lang='lat' dir='ltr'>Paulle</span> <span class='ocrx_word' id='word_1_175' title='bbox 925 1372 1080 1413; x_wconf 85' lang='lat' dir='ltr'>noster,</span> <span class='ocrx_word' id='word_1_176' title='bbox 1103 1363 1267 1403; x_wconf 84' lang='lat' dir='ltr'>tabulas</span> <span class='ocrx_word' id='word_1_177' title='bbox 1300 1364 1480 1404; x_wconf 82' lang='lat' dir='ltr'>Romam</span> <span class='ocrx_word' id='word_1_178' title='bbox 1504 1379 1602 1405; x_wconf 86' lang='lat' dir='ltr'>cum</span> <span class='ocrx_word' id='word_1_179' title='bbox 1623 1363 1713 1405; x_wconf 88' lang='lat' dir='ltr'>lau-</span> 
     </span>
     <span class='ocr_line' id='line_1_23' title="bbox 221 1418 1712 1476; baseline 0.005 -21"><span class='ocrx_word' id='word_1_180' title='bbox 221 1419 272 1454; x_wconf 82' lang='lat'>39</span> <span class='ocrx_word' id='word_1_181' title='bbox 288 1431 356 1456; x_wconf 87' lang='lat' dir='ltr'>rea</span> <span class='ocrx_word' id='word_1_182' title='bbox 377 1418 546 1459; x_wconf 85' lang='lat' dir='ltr'>mittere</span> <span class='ocrx_word' id='word_1_183' title='bbox 567 1419 779 1461; x_wconf 81' lang='lat' dir='ltr'>audebas?</span> <span class='ocrx_word' id='word_1_184' title='bbox 809 1419 930 1469; x_wconf 83' lang='lat' dir='ltr'>Misi,</span> <span class='ocrx_word' id='word_1_185' title='bbox 950 1420 1103 1474; x_wconf 89' lang='lat' dir='ltr'>inquit.</span> <span class='ocrx_word' id='word_1_186' title='bbox 1136 1421 1244 1466; x_wconf 82' lang='lat' dir='ltr'>Quis</span> <span class='ocrx_word' id='word_1_187' title='bbox 1268 1435 1467 1476; x_wconf 89' lang='lat' dir='ltr'>umquam</span> <span class='ocrx_word' id='word_1_188' title='bbox 1492 1421 1712 1464; x_wconf 84' lang='lat' dir='ltr'>recitavit?</span> 
     </span>
     <span class='ocr_line' id='line_1_24' title="bbox 284 1474 1712 1532; baseline 0.004 -19"><span class='ocrx_word' id='word_1_189' title='bbox 284 1474 394 1528; x_wconf 92' lang='lat' dir='ltr'>quis,</span> <span class='ocrx_word' id='word_1_190' title='bbox 433 1485 480 1515; x_wconf 85' lang='lat' dir='ltr'>ut</span> <span class='ocrx_word' id='word_1_191' title='bbox 517 1477 809 1526; x_wconf 83' lang='lat' dir='ltr'>recitarentur,</span> <span class='ocrx_word' id='word_1_192' title='bbox 848 1476 1105 1532; x_wconf 78' lang='lat' dir='ltr'>postulavit?</span> <span class='ocrx_word' id='word_1_193' title='bbox 1137 1477 1243 1517; x_wconf 87' lang='lat' dir='ltr'>nihil</span> <span class='ocrx_word' id='word_1_194' title='bbox 1279 1478 1394 1518; x_wconf 89' lang='lat' dir='ltr'>enim</span> <span class='ocrx_word' id='word_1_195' title='bbox 1434 1491 1529 1518; x_wconf 84' lang='lat' dir='ltr'>mea</span> <span class='ocrx_word' id='word_1_196' title='bbox 1568 1477 1712 1528; x_wconf 85' lang='lat' dir='ltr'>refert,</span> 
     </span>
     <span class='ocr_line' id='line_1_25' title="bbox 284 1533 1711 1589; baseline 0.003 -18"><span class='ocrx_word' id='word_1_197' title='bbox 284 1539 424 1572; x_wconf 84' lang='lat' dir='ltr'>utrum</span> <span class='ocrx_word' id='word_1_198' title='bbox 448 1541 509 1583; x_wconf 82' lang='lat' dir='ltr'>tu,</span> <span class='ocrx_word' id='word_1_199' title='bbox 525 1533 789 1574; x_wconf 87' lang='lat' dir='ltr'>conscientia</span> <span class='ocrx_word' id='word_1_200' title='bbox 809 1548 1036 1589; x_wconf 84' lang='lat' dir='ltr'>oppressus</span> <span class='ocrx_word' id='word_1_201' title='bbox 1059 1533 1263 1575; x_wconf 89' lang='lat' dir='ltr'>scelerum</span> <span class='ocrx_word' id='word_1_202' title='bbox 1287 1545 1472 1585; x_wconf 87' lang='lat' dir='ltr'>tuorum,</span> <span class='ocrx_word' id='word_1_203' title='bbox 1491 1534 1597 1575; x_wconf 84' lang='lat' dir='ltr'>nihil</span> <span class='ocrx_word' id='word_1_204' title='bbox 1618 1549 1711 1575; x_wconf 92' lang='lat' dir='ltr'>um-</span> 
     </span>
     <span class='ocr_line' id='line_1_26' title="bbox 283 1590 1707 1647; baseline 0.003 -19"><span class='ocrx_word' id='word_1_205' title='bbox 283 1602 411 1642; x_wconf 85' lang='lat' dir='ltr'>quam</span> <span class='ocrx_word' id='word_1_206' title='bbox 433 1604 557 1630; x_wconf 82' lang='lat' dir='ltr'>ausus</span> <span class='ocrx_word' id='word_1_207' title='bbox 581 1591 635 1630; x_wconf 87' lang='lat' dir='ltr'>sis</span> <span class='ocrx_word' id='word_1_208' title='bbox 657 1590 841 1631; x_wconf 82' lang='lat' dir='ltr'>seribere</span> <span class='ocrx_word' id='word_1_209' title='bbox 863 1591 916 1631; x_wconf 88' lang='lat' dir='ltr'>ad</span> <span class='ocrx_word' id='word_1_210' title='bbox 941 1605 1036 1631; x_wconf 87' lang='lat' dir='ltr'>eum</span> <span class='ocrx_word' id='word_1_211' title='bbox 1061 1591 1268 1641; x_wconf 85' lang='lat' dir='ltr'>ordinem,</span> <span class='ocrx_word' id='word_1_212' title='bbox 1291 1606 1417 1646; x_wconf 89' lang='lat' dir='ltr'>quem</span> <span class='ocrx_word' id='word_1_213' title='bbox 1439 1592 1707 1647; x_wconf 81' lang='lat' dir='ltr'>despexeras,</span> 
     </span>
     <span class='ocr_line' id='line_1_27' title="bbox 171 1647 1702 1702; baseline 0.003 -17"><span class='ocrx_word' id='word_1_214' title='bbox 171 1671 202 1702; x_wconf 83' lang='lat' dir='ltr'>p.</span> <span class='ocrx_word' id='word_1_215' title='bbox 220 1659 408 1699; x_wconf 61' lang='lat' dir='ltr'>22,c1uem</span> <span class='ocrx_word' id='word_1_216' title='bbox 431 1647 658 1697; x_wconf 82' lang='lat' dir='ltr'>afflixeras,</span> <span class='ocrx_word' id='word_1_217' title='bbox 680 1662 805 1702; x_wconf 90' lang='lat' dir='ltr'>quem</span> <span class='ocrx_word' id='word_1_218' title='bbox 827 1647 1054 1697; x_wconf 83' lang='lat' dir='ltr'>deleveras,</span> <span class='ocrx_word' id='word_1_219' title='bbox 1077 1663 1128 1687; x_wconf 85' lang='lat' dir='ltr'>an</span> <span class='ocrx_word' id='word_1_220' title='bbox 1152 1648 1277 1689; x_wconf 86' lang='lat' dir='ltr'>amici</span> <span class='ocrx_word' id='word_1_221' title='bbox 1310 1648 1370 1688; x_wconf 92' lang='lat' dir='ltr'>tui</span> <span class='ocrx_word' id='word_1_222' title='bbox 1395 1648 1557 1689; x_wconf 87' lang='lat' dir='ltr'>tabulas</span> <span class='ocrx_word' id='word_1_223' title='bbox 1580 1649 1702 1689; x_wconf 84' lang='lat' dir='ltr'>abdi-</span> 
     </span>
     <span class='ocr_line' id='line_1_28' title="bbox 239 1702 1708 1760; baseline 0.003 -18"><span class='ocrx_word' id='word_1_224' title='bbox 239 1716 267 1735; x_wconf 86' lang='lat' dir='ltr'>a·</span> <span class='ocrx_word' id='word_1_225' title='bbox 282 1702 436 1753; x_wconf 86' lang='lat' dir='ltr'>derint,</span> <span class='ocrx_word' id='word_1_226' title='bbox 461 1704 674 1759; x_wconf 89' lang='lat' dir='ltr'>iidemque</span> <span class='ocrx_word' id='word_1_227' title='bbox 707 1705 875 1745; x_wconf 85' lang='lat' dir='ltr'>silentio</span> <span class='ocrx_word' id='word_1_228' title='bbox 907 1720 983 1745; x_wconf 84' lang='lat' dir='ltr'>suo</span> <span class='ocrx_word' id='word_1_229' title='bbox 1018 1705 1297 1745; x_wconf 84' lang='lat' dir='ltr'>temeritatem</span> <span class='ocrx_word' id='word_1_230' title='bbox 1329 1716 1457 1760; x_wconf 89' lang='lat' dir='ltr'>atque</span> <span class='ocrx_word' id='word_1_231' title='bbox 1487 1705 1708 1746; x_wconf 87' lang='lat' dir='ltr'>audaciam</span> 
     </span>
     <span class='ocr_line' id='line_1_29' title="bbox 285 1760 1706 1817; baseline 0.003 -19"><span class='ocrx_word' id='word_1_232' title='bbox 285 1768 400 1800; x_wconf 84' lang='lat' dir='ltr'>tuam</span> <span class='ocrx_word' id='word_1_233' title='bbox 421 1761 762 1803; x_wconf 81' lang='lat' dir='ltr'>condemnarint.</span> <span class='ocrx_word' id='word_1_234' title='bbox 793 1760 936 1817; x_wconf 88' lang='lat' dir='ltr'>Atque</span> <span class='ocrx_word' id='word_1_235' title='bbox 959 1762 1071 1802; x_wconf 88' lang='lat' dir='ltr'>haud</span> <span class='ocrx_word' id='word_1_236' title='bbox 1094 1762 1197 1813; x_wconf 86' lang='lat' dir='ltr'>seio,</span> <span class='ocrx_word' id='word_1_237' title='bbox 1217 1763 1320 1803; x_wconf 59' lang='lat' dir='ltr'>(Man</span> <span class='ocrx_word' id='word_1_238' title='bbox 1343 1761 1485 1802; x_wconf 83' lang='lat' dir='ltr'>malim</span> <span class='ocrx_word' id='word_1_239' title='bbox 1511 1771 1551 1803; x_wconf 87' lang='lat' dir='ltr'>te</span> <span class='ocrx_word' id='word_1_240' title='bbox 1574 1762 1706 1803; x_wconf 86' lang='lat' dir='ltr'>videri</span> 
     </span>
    </p>
   </div>
   <div class='ocr_carea' id='block_1_3' title="bbox 261 1901 974 2909">
    <p class='ocr_par' dir='ltr' id='par_1_3' title="bbox 280 1901 974 2064">
     <span class='ocr_line' id='line_1_30' title="bbox 323 1901 972 1941; baseline 0.003 -11"><span class='ocrx_word' id='word_1_241' title='bbox 323 1903 362 1933; x_wconf 83' lang='lat'>59</span> <span class='ocrx_word' id='word_1_242' title='bbox 381 1905 498 1930; x_wconf 77' lang='lat' dir='ltr'>cuncta</span> <span class='ocrx_word' id='word_1_243' title='bbox 518 1901 659 1941; x_wconf 59' lang='grc' dir='ltr'>(ἐι-φάη]</span> <span class='ocrx_word' id='word_1_244' title='bbox 678 1902 738 1932; x_wconf 82' lang='lat' dir='ltr'>int.</span> <span class='ocrx_word' id='word_1_245' title='bbox 755 1901 890 1940; x_wconf 78' lang='lat' dir='ltr'>reliqua,</span> <span class='ocrx_word' id='word_1_246' title='bbox 907 1902 972 1932; x_wconf 78' lang='lat' dir='ltr'>sive</span> 
     </span>
     <span class='ocr_line' id='line_1_31' title="bbox 280 1942 972 1983; baseline 0.003 -12"><span class='ocrx_word' id='word_1_247' title='bbox 280 1942 425 1983; x_wconf 74' lang='lat' dir='ltr'>denique.</span> <span class='ocrx_word' id='word_1_248' title='bbox 471 1944 617 1973; x_wconf 72' lang='lat' dir='ltr'>Similem</span> <span class='ocrx_word' id='word_1_249' title='bbox 655 1943 764 1974; x_wconf 84' lang='lat' dir='ltr'>locum</span> <span class='ocrx_word' id='word_1_250' title='bbox 800 1943 972 1973; x_wconf 82' lang='lat' dir='ltr'>habuimus</span> 
     </span>
     <span class='ocr_line' id='line_1_32' title="bbox 280 1985 974 2026; baseline 0.004 -13"><span class='ocrx_word' id='word_1_251' title='bbox 280 1993 390 2023; x_wconf 80' lang='lat' dir='ltr'>supra,</span> <span class='ocrx_word' id='word_1_252' title='bbox 416 1986 470 2015; x_wconf 87' lang='lat' dir='ltr'>ubi</span> <span class='ocrx_word' id='word_1_253' title='bbox 500 1986 626 2015; x_wconf 74' lang='lat' dir='ltr'>Graeeia</span> <span class='ocrx_word' id='word_1_254' title='bbox 647 1996 722 2015; x_wconf 88' lang='lat' dir='ltr'>cum</span> <span class='ocrx_word' id='word_1_255' title='bbox 745 1985 892 2026; x_wconf 86' lang='lat' dir='ltr'>partibus</span> <span class='ocrx_word' id='word_1_256' title='bbox 913 1985 974 2016; x_wconf 87' lang='lat' dir='ltr'>ali-</span> 
     </span>
     <span class='ocr_line' id='line_1_33' title="bbox 280 2027 753 2064; baseline 0.008 -10"><span class='ocrx_word' id='word_1_257' title='bbox 280 2027 397 2064; x_wconf 83' lang='lat' dir='ltr'>quibus</span> <span class='ocrx_word' id='word_1_258' title='bbox 412 2028 482 2064; x_wconf 87' lang='lat' dir='ltr'>ejus</span> <span class='ocrx_word' id='word_1_259' title='bbox 497 2028 753 2058; x_wconf 78' lang='lat' dir='ltr'>memorabatur.</span> 
     </span>
    </p>

    <p class='ocr_par' dir='ltr' id='par_1_4' title="bbox 261 2070 974 2909">
     <span class='ocr_line' id='line_1_34' title="bbox 323 2070 972 2109; baseline 0.003 -11"><span class='ocrx_word' id='word_1_260' title='bbox 323 2070 363 2099; x_wconf 85' lang='lat'>60</span> <span class='ocrx_word' id='word_1_261' title='bbox 385 2071 451 2108; x_wconf 85' lang='lat' dir='ltr'>qui,</span> <span class='ocrx_word' id='word_1_262' title='bbox 480 2074 518 2100; x_wconf 84' lang='lat' dir='ltr'>ut</span> <span class='ocrx_word' id='word_1_263' title='bbox 546 2071 644 2106; x_wconf 67' lang='lat' dir='ltr'>venit,</span> <span class='ocrx_word' id='word_1_264' title='bbox 671 2072 785 2100; x_wconf 76' lang='lat' dir='ltr'>statim</span> <span class='ocrx_word' id='word_1_265' title='bbox 815 2071 972 2109; x_wconf 82' lang='lat' dir='ltr'>(nondum</span> 
     </span>
     <span class='ocr_line' id='line_1_35' title="bbox 280 2112 972 2152; baseline 0.006 -14"><span class='ocrx_word' id='word_1_266' title='bbox 280 2112 762 2152; x_wconf 68' lang='lat' dir='ltr'>eommemwo—z&#39;mperatm-is.)</span> <span class='ocrx_word' id='word_1_267' title='bbox 783 2113 858 2152; x_wconf 80' lang='lat' dir='ltr'>&amp;c.]</span> <span class='ocrx_word' id='word_1_268' title='bbox 880 2112 972 2143; x_wconf 87' lang='lat' dir='ltr'>Nihil</span> 
     </span>
     <span class='ocr_line' id='line_1_36' title="bbox 280 2154 973 2193; baseline 0.004 -12"><span class='ocrx_word' id='word_1_269' title='bbox 280 2156 355 2191; x_wconf 85' lang='lat' dir='ltr'>post</span> <span class='ocrx_word' id='word_1_270' title='bbox 385 2154 594 2192; x_wconf 79' lang='lat' dir='ltr'>parenthesin</span> <span class='ocrx_word' id='word_1_271' title='bbox 622 2161 684 2191; x_wconf 86' lang='lat' dir='ltr'>est,</span> <span class='ocrx_word' id='word_1_272' title='bbox 714 2155 754 2184; x_wconf 87' lang='lat' dir='ltr'>ad</span> <span class='ocrx_word' id='word_1_273' title='bbox 779 2155 864 2193; x_wconf 88' lang='lat' dir='ltr'>quod</span> <span class='ocrx_word' id='word_1_274' title='bbox 893 2154 973 2184; x_wconf 87' lang='lat' dir='ltr'>illud</span> 
     </span>
     <span class='ocr_line' id='line_1_37' title="bbox 278 2196 973 2228; baseline 0.007 -6"><span class='ocrx_word' id='word_1_275' title='bbox 278 2196 392 2224; x_wconf 75' lang='lat' dir='ltr'>statim</span> <span class='ocrx_word' id='word_1_276' title='bbox 407 2196 576 2227; x_wconf 83' lang='lat' dir='ltr'>referatur.</span> <span class='ocrx_word' id='word_1_277' title='bbox 611 2197 757 2226; x_wconf 73' lang='lat' dir='ltr'>Graevius</span> <span class='ocrx_word' id='word_1_278' title='bbox 773 2196 833 2226; x_wconf 88' lang='lat' dir='ltr'>hoc</span> <span class='ocrx_word' id='word_1_279' title='bbox 848 2199 973 2228; x_wconf 64' lang='grc' dir='ltr'>ἀναντα-</span> 
     </span>
     <span class='ocr_line' id='line_1_38' title="bbox 282 2235 973 2276; baseline 0.003 -10"><span class='ocrx_word' id='word_1_280' title='bbox 282 2235 398 2267; x_wconf 69' lang='grc' dir='ltr'>πόδατον</span> <span class='ocrx_word' id='word_1_281' title='bbox 422 2237 528 2268; x_wconf 85' lang='lat' dir='ltr'>forma</span> <span class='ocrx_word' id='word_1_282' title='bbox 552 2249 632 2275; x_wconf 77' lang='lat' dir='ltr'>esso,</span> <span class='ocrx_word' id='word_1_283' title='bbox 661 2248 727 2268; x_wconf 88' lang='lat' dir='ltr'>non</span> <span class='ocrx_word' id='word_1_284' title='bbox 756 2249 853 2270; x_wconf 86' lang='lat' dir='ltr'>sensu</span> <span class='ocrx_word' id='word_1_285' title='bbox 881 2240 973 2276; x_wconf 83' lang='lat' dir='ltr'>dicit,</span> 
     </span>
     <span class='ocr_line' id='line_1_39' title="bbox 280 2279 974 2322; baseline 0.004 -14"><span class='ocrx_word' id='word_1_286' title='bbox 280 2280 374 2317; x_wconf 86' lang='lat' dir='ltr'>eujus</span> <span class='ocrx_word' id='word_1_287' title='bbox 389 2279 453 2310; x_wconf 88' lang='lat' dir='ltr'>alia</span> <span class='ocrx_word' id='word_1_288' title='bbox 467 2281 534 2310; x_wconf 86' lang='lat' dir='ltr'>sint</span> <span class='ocrx_word' id='word_1_289' title='bbox 550 2281 710 2320; x_wconf 81' lang='lat' dir='ltr'>exempla,</span> <span class='ocrx_word' id='word_1_290' title='bbox 727 2286 760 2311; x_wconf 88' lang='lat' dir='ltr'>et</span> <span class='ocrx_word' id='word_1_291' title='bbox 776 2281 900 2312; x_wconf 82' lang='lat' dir='ltr'>dictum</span> <span class='ocrx_word' id='word_1_292' title='bbox 915 2291 974 2322; x_wconf 91' lang='lat' dir='ltr'>pro</span> 
     </span>
     <span class='ocr_line' id='line_1_40' title="bbox 280 2323 973 2361; baseline 0.004 -10"><span class='ocrx_word' id='word_1_293' title='bbox 280 2323 393 2351; x_wconf 76' lang='lat' dir='ltr'>statim</span> <span class='ocrx_word' id='word_1_294' title='bbox 409 2323 545 2361; x_wconf 79' lang='lat' dir='ltr'>rapinas</span> <span class='ocrx_word' id='word_1_295' title='bbox 559 2324 702 2353; x_wconf 57' lang='lat' dir='ltr'>exercuit</span> <span class='ocrx_word' id='word_1_296' title='bbox 717 2325 776 2353; x_wconf 68' lang='grc' dir='ltr'>διο.</span> <span class='ocrx_word' id='word_1_297' title='bbox 791 2323 823 2353; x_wconf 88' lang='lat' dir='ltr'>id</span> <span class='ocrx_word' id='word_1_298' title='bbox 842 2328 891 2354; x_wconf 83' lang='lat' dir='ltr'>est</span> <span class='ocrx_word' id='word_1_299' title='bbox 915 2324 973 2353; x_wconf 64' lang='lat' dir='ltr'>du-</span> 
     </span>
     <span class='ocr_line' id='line_1_41' title="bbox 281 2363 972 2402; baseline 0.004 -9"><span class='ocrx_word' id='word_1_300' title='bbox 281 2363 357 2394; x_wconf 84' lang='lat' dir='ltr'>rius.</span> <span class='ocrx_word' id='word_1_301' title='bbox 380 2364 632 2402; x_wconf 77' lang='lat' dir='ltr'>Lagomarsinus</span> <span class='ocrx_word' id='word_1_302' title='bbox 641 2364 868 2396; x_wconf 70' lang='lat' dir='ltr'>ediditVenet.</span> <span class='ocrx_word' id='word_1_303' title='bbox 884 2368 972 2399; x_wconf 84' lang='lat'>1734.</span> 
     </span>
     <span class='ocr_line' id='line_1_42' title="bbox 279 2406 972 2446; baseline 0.001 -11"><span class='ocrx_word' id='word_1_304' title='bbox 279 2406 452 2445; x_wconf 84' lang='lat' dir='ltr'>epistolam</span> <span class='ocrx_word' id='word_1_305' title='bbox 475 2407 515 2436; x_wconf 84' lang='lat' dir='ltr'>ad</span> <span class='ocrx_word' id='word_1_306' title='bbox 538 2407 770 2442; x_wconf 78' lang='lat' dir='ltr'>Faeciolatum,</span> <span class='ocrx_word' id='word_1_307' title='bbox 786 2407 818 2436; x_wconf 86' lang='lat' dir='ltr'>in</span> <span class='ocrx_word' id='word_1_308' title='bbox 835 2418 899 2446; x_wconf 87' lang='lat' dir='ltr'>qua</span> <span class='ocrx_word' id='word_1_309' title='bbox 918 2407 972 2437; x_wconf 87' lang='lat' dir='ltr'>ille</span> 
     </span>
     <span class='ocr_line' id='line_1_43' title="bbox 280 2448 973 2488; baseline 0.001 -11"><span class='ocrx_word' id='word_1_310' title='bbox 280 2457 380 2488; x_wconf 83' lang='lat' dir='ltr'>prope</span> <span class='ocrx_word' id='word_1_311' title='bbox 414 2448 648 2478; x_wconf 70' lang='lat' dir='ltr'>mathematica</span> <span class='ocrx_word' id='word_1_312' title='bbox 681 2449 806 2479; x_wconf 81' lang='lat' dir='ltr'>ratione</span> <span class='ocrx_word' id='word_1_313' title='bbox 839 2450 973 2480; x_wconf 89' lang='lat' dir='ltr'>demon-</span> 
     </span>
     <span class='ocr_line' id='line_1_44' title="bbox 279 2490 970 2528; baseline 0.001 -9"><span class='ocrx_word' id='word_1_314' title='bbox 279 2494 382 2521; x_wconf 81' lang='lat' dir='ltr'>strare</span> <span class='ocrx_word' id='word_1_315' title='bbox 404 2491 562 2527; x_wconf 81' lang='lat' dir='ltr'>instituit,</span> <span class='ocrx_word' id='word_1_316' title='bbox 585 2491 637 2520; x_wconf 85' lang='lat' dir='ltr'>hic</span> <span class='ocrx_word' id='word_1_317' title='bbox 660 2499 727 2520; x_wconf 58' lang='lat' dir='ltr'>esse</span> <span class='ocrx_word' id='word_1_318' title='bbox 751 2490 914 2528; x_wconf 79' lang='lat' dir='ltr'>lacunam,</span> <span class='ocrx_word' id='word_1_319' title='bbox 932 2496 970 2521; x_wconf 88' lang='lat' dir='ltr'>ut</span> 
     </span>
     <span class='ocr_line' id='line_1_45' title="bbox 279 2532 971 2563; baseline 0.001 -2"><span class='ocrx_word' id='word_1_320' title='bbox 279 2532 358 2562; x_wconf 76' lang='lat' dir='ltr'>alias</span> <span class='ocrx_word' id='word_1_321' title='bbox 381 2534 415 2563; x_wconf 89' lang='lat' dir='ltr'>in</span> <span class='ocrx_word' id='word_1_322' title='bbox 438 2532 498 2563; x_wconf 85' lang='lat' dir='ltr'>hae</span> <span class='ocrx_word' id='word_1_323' title='bbox 521 2534 679 2562; x_wconf 68' lang='lat' dir='ltr'>oratione.</span> <span class='ocrx_word' id='word_1_324' title='bbox 725 2532 787 2562; x_wconf 74' lang='lat' dir='ltr'>Sed</span> <span class='ocrx_word' id='word_1_325' title='bbox 809 2543 879 2563; x_wconf 88' lang='lat' dir='ltr'>eam</span> <span class='ocrx_word' id='word_1_326' title='bbox 903 2542 971 2562; x_wconf 90' lang='lat' dir='ltr'>non</span> 
     </span>
     <span class='ocr_line' id='line_1_46' title="bbox 278 2574 971 2605; baseline 0.003 -3"><span class='ocrx_word' id='word_1_327' title='bbox 278 2574 428 2605; x_wconf 82' lang='lat' dir='ltr'>vidimus.</span> <span class='ocrx_word' id='word_1_328' title='bbox 472 2574 639 2605; x_wconf 86' lang='lat' dir='ltr'>Lacunam</span> <span class='ocrx_word' id='word_1_329' title='bbox 664 2575 715 2604; x_wconf 80' lang='lat' dir='ltr'>hie</span> <span class='ocrx_word' id='word_1_330' title='bbox 737 2584 804 2605; x_wconf 76' lang='lat' dir='ltr'>esse</span> <span class='ocrx_word' id='word_1_331' title='bbox 827 2575 921 2605; x_wconf 74' lang='lat' dir='ltr'>eredo</span> <span class='ocrx_word' id='word_1_332' title='bbox 937 2581 971 2605; x_wconf 82' lang='lat' dir='ltr'>et</span> 
     </span>
     <span class='ocr_line' id='line_1_47' title="bbox 279 2616 968 2654; baseline 0.003 -9"><span class='ocrx_word' id='word_1_333' title='bbox 279 2616 357 2654; x_wconf 89' lang='lat' dir='ltr'>ipse.</span> <span class='ocrx_word' id='word_1_334' title='bbox 401 2616 486 2647; x_wconf 83' lang='lat' dir='ltr'>Illud</span> <span class='ocrx_word' id='word_1_335' title='bbox 521 2617 633 2646; x_wconf 75' lang='lat' dir='ltr'>statim</span> <span class='ocrx_word' id='word_1_336' title='bbox 661 2617 788 2646; x_wconf 76' lang='lat' dir='ltr'>videtur</span> <span class='ocrx_word' id='word_1_337' title='bbox 814 2617 968 2653; x_wconf 82' lang='lat' dir='ltr'>indicare,</span> 
     </span>
     <span class='ocr_line' id='line_1_48' title="bbox 280 2658 970 2697; baseline 0.003 -10"><span class='ocrx_word' id='word_1_338' title='bbox 280 2658 470 2690; x_wconf 86' lang='lat' dir='ltr'>Ciceronem</span> <span class='ocrx_word' id='word_1_339' title='bbox 493 2658 615 2697; x_wconf 86' lang='lat' dir='ltr'>aliquid</span> <span class='ocrx_word' id='word_1_340' title='bbox 638 2668 794 2695; x_wconf 83' lang='lat' dir='ltr'>narrasse,</span> <span class='ocrx_word' id='word_1_341' title='bbox 810 2658 934 2690; x_wconf 84' lang='lat' dir='ltr'>factum</span> <span class='ocrx_word' id='word_1_342' title='bbox 951 2669 970 2689; x_wconf 91' lang='lat' dir='ltr'>a</span> 
     </span>
     <span class='ocr_line' id='line_1_49' title="bbox 278 2701 970 2740; baseline 0 -10"><span class='ocrx_word' id='word_1_343' title='bbox 278 2701 384 2739; x_wconf 87' lang='lat' dir='ltr'>primo</span> <span class='ocrx_word' id='word_1_344' title='bbox 420 2702 565 2740; x_wconf 79' lang='lat' dir='ltr'>ingressu</span> <span class='ocrx_word' id='word_1_345' title='bbox 599 2701 632 2731; x_wconf 85' lang='lat' dir='ltr'>in</span> <span class='ocrx_word' id='word_1_346' title='bbox 662 2701 876 2740; x_wconf 79' lang='lat' dir='ltr'>provinciam,</span> <span class='ocrx_word' id='word_1_347' title='bbox 907 2711 970 2739; x_wconf 83' lang='lat' dir='ltr'>quo</span> 
     </span>
     <span class='ocr_line' id='line_1_50' title="bbox 277 2742 969 2783; baseline 0.001 -12"><span class='ocrx_word' id='word_1_348' title='bbox 277 2743 425 2773; x_wconf 80' lang='lat' dir='ltr'>animum</span> <span class='ocrx_word' id='word_1_349' title='bbox 449 2743 602 2783; x_wconf 72' lang='lat' dir='ltr'>cupidum</span> <span class='ocrx_word' id='word_1_350' title='bbox 626 2742 815 2783; x_wconf 85' lang='lat' dir='ltr'>prodiderit,</span> <span class='ocrx_word' id='word_1_351' title='bbox 832 2748 866 2773; x_wconf 81' lang='lat' dir='ltr'>et</span> <span class='ocrx_word' id='word_1_352' title='bbox 884 2743 969 2773; x_wconf 79' lang='lat' dir='ltr'>viam</span> 
     </span>
     <span class='ocr_line' id='line_1_51' title="bbox 276 2784 967 2825; baseline 0.001 -12"><span class='ocrx_word' id='word_1_353' title='bbox 276 2785 336 2814; x_wconf 82' lang='lat' dir='ltr'>sibi</span> <span class='ocrx_word' id='word_1_354' title='bbox 350 2785 390 2815; x_wconf 89' lang='lat' dir='ltr'>ad</span> <span class='ocrx_word' id='word_1_355' title='bbox 405 2786 532 2825; x_wconf 83' lang='lat' dir='ltr'>rapinas</span> <span class='ocrx_word' id='word_1_356' title='bbox 547 2785 712 2815; x_wconf 86' lang='lat' dir='ltr'>munierit.</span> <span class='ocrx_word' id='word_1_357' title='bbox 743 2784 863 2815; x_wconf 82' lang='lat' dir='ltr'>Similis</span> <span class='ocrx_word' id='word_1_358' title='bbox 878 2784 967 2815; x_wconf 89' lang='lat' dir='ltr'>locus</span> 
     </span>
     <span class='ocr_line' id='line_1_52' title="bbox 275 2827 968 2867; baseline 0.001 -11"><span class='ocrx_word' id='word_1_359' title='bbox 275 2832 325 2856; x_wconf 82' lang='lat' dir='ltr'>est</span> <span class='ocrx_word' id='word_1_360' title='bbox 341 2827 374 2857; x_wconf 91' lang='lat' dir='ltr'>in</span> <span class='ocrx_word' id='word_1_361' title='bbox 389 2827 480 2858; x_wconf 82' lang='lat' dir='ltr'>Verr.</span> <span class='ocrx_word' id='word_1_362' title='bbox 496 2828 542 2863; x_wconf 92' lang='lat'>11,</span> <span class='ocrx_word' id='word_1_363' title='bbox 559 2827 589 2858; x_wconf 94' lang='lat'>6.</span> <span class='ocrx_word' id='word_1_364' title='bbox 634 2827 703 2867; x_wconf 62' lang='lat' dir='ltr'>Qui</span> <span class='ocrx_word' id='word_1_365' title='bbox 724 2829 919 2866; x_wconf 75' lang='lat' dir='ltr'>simulatque</span> <span class='ocrx_word' id='word_1_366' title='bbox 940 2828 968 2857; x_wconf 72' lang='lat' dir='ltr'>ei</span> 
     </span>
     <span class='ocr_line' id='line_1_53' title="bbox 261 2868 970 2909; baseline 0.001 -11"><span class='ocrx_word' id='word_1_367' title='bbox 261 2868 359 2907; x_wconf 66' lang='lat' dir='ltr'>Jbrte</span> <span class='ocrx_word' id='word_1_368' title='bbox 380 2871 551 2909; x_wconf 73' lang='lat' dir='ltr'>provincia</span> <span class='ocrx_word' id='word_1_369' title='bbox 588 2868 702 2900; x_wconf 70' lang='lat' dir='ltr'>Sicilia</span> <span class='ocrx_word' id='word_1_370' title='bbox 739 2869 864 2907; x_wconf 65' lang='lat' dir='ltr'>obtigit,</span> <span class='ocrx_word' id='word_1_371' title='bbox 893 2873 970 2900; x_wconf 74' lang='lat' dir='ltr'>ante</span> 
     </span>
    </p>
   </div>
   <div class='ocr_carea' id='block_1_4' title="bbox 1011 1901 1712 2910">
    <p class='ocr_par' dir='ltr' id='par_1_5' title="bbox 1013 1901 1712 2226">
     <span class='ocr_line' id='line_1_54' title="bbox 1014 1901 1712 1943; baseline 0.003 -12"><span class='ocrx_word' id='word_1_372' title='bbox 1014 1911 1113 1941; x_wconf 81' lang='lat' dir='ltr'>quam</span> <span class='ocrx_word' id='word_1_373' title='bbox 1124 1901 1398 1943; x_wconf 72' lang='lat' dir='ltr'>prqsz&#39;cisceretur,</span> <span class='ocrx_word' id='word_1_374' title='bbox 1413 1911 1556 1941; x_wconf 77' lang='lat' dir='ltr'>quoerere</span> <span class='ocrx_word' id='word_1_375' title='bbox 1577 1903 1644 1942; x_wconf 80' lang='lat' dir='ltr'>ipse</span> <span class='ocrx_word' id='word_1_376' title='bbox 1664 1913 1712 1933; x_wconf 79' lang='lat' dir='ltr'>se-</span> 
     </span>
     <span class='ocr_line' id='line_1_55' title="bbox 1015 1945 1712 1984; baseline 0.003 -11"><span class='ocrx_word' id='word_1_377' title='bbox 1015 1954 1091 1974; x_wconf 78' lang='lat' dir='ltr'>eum</span> <span class='ocrx_word' id='word_1_378' title='bbox 1104 1949 1134 1973; x_wconf 83' lang='lat' dir='ltr'>et</span> <span class='ocrx_word' id='word_1_379' title='bbox 1148 1945 1279 1981; x_wconf 72' lang='lat' dir='ltr'>agitare</span> <span class='ocrx_word' id='word_1_380' title='bbox 1294 1954 1369 1974; x_wconf 76' lang='lat' dir='ltr'>cum</span> <span class='ocrx_word' id='word_1_381' title='bbox 1389 1946 1456 1974; x_wconf 83' lang='lat' dir='ltr'>suis</span> <span class='ocrx_word' id='word_1_382' title='bbox 1477 1945 1582 1983; x_wconf 77' lang='lat' dir='ltr'>coepz&#39;c,</span> <span class='ocrx_word' id='word_1_383' title='bbox 1598 1945 1712 1984; x_wconf 77' lang='lat' dir='ltr'>quibus</span> 
     </span>
     <span class='ocr_line' id='line_1_56' title="bbox 1013 1986 1709 2027; baseline 0.003 -12"><span class='ocrx_word' id='word_1_384' title='bbox 1013 1987 1049 2015; x_wconf 86' lang='lat' dir='ltr'>in</span> <span class='ocrx_word' id='word_1_385' title='bbox 1063 1986 1157 2016; x_wconf 77' lang='lat' dir='ltr'>rebus</span> <span class='ocrx_word' id='word_1_386' title='bbox 1171 1987 1206 2016; x_wconf 81' lang='lat' dir='ltr'>in</span> <span class='ocrx_word' id='word_1_387' title='bbox 1220 1995 1259 2015; x_wconf 84' lang='lat' dir='ltr'>ea</span> <span class='ocrx_word' id='word_1_388' title='bbox 1275 1986 1446 2025; x_wconf 78' lang='lat' dir='ltr'>provincia</span> <span class='ocrx_word' id='word_1_389' title='bbox 1461 1987 1642 2017; x_wconf 69' lang='lat' dir='ltr'>maximam</span> <span class='ocrx_word' id='word_1_390' title='bbox 1651 1997 1709 2027; x_wconf 81' lang='lat' dir='ltr'>pe-</span> 
     </span>
     <span class='ocr_line' id='line_1_57' title="bbox 1014 2027 1710 2067; baseline 0.004 -10"><span class='ocrx_word' id='word_1_391' title='bbox 1014 2029 1149 2058; x_wconf 79' lang='lat' dir='ltr'>cuniam</span> <span class='ocrx_word' id='word_1_392' title='bbox 1175 2037 1238 2058; x_wconf 85' lang='lat' dir='ltr'>uno</span> <span class='ocrx_word' id='word_1_393' title='bbox 1263 2037 1349 2057; x_wconf 81' lang='lat' dir='ltr'>anno</span> <span class='ocrx_word' id='word_1_394' title='bbox 1366 2027 1486 2066; x_wconf 80' lang='lat' dir='ltr'>facere</span> <span class='ocrx_word' id='word_1_395' title='bbox 1507 2033 1622 2067; x_wconf 82' lang='lat' dir='ltr'>posset.</span> <span class='ocrx_word' id='word_1_396' title='bbox 1665 2029 1710 2060; x_wconf 85' lang='lat' dir='ltr'>Et</span> 
     </span>
     <span class='ocr_line' id='line_1_58' title="bbox 1014 2069 1709 2110; baseline 0.004 -11"><span class='ocrx_word' id='word_1_397' title='bbox 1014 2076 1087 2110; x_wconf 86' lang='lat' dir='ltr'>post</span> <span class='ocrx_word' id='word_1_398' title='bbox 1114 2081 1142 2100; x_wconf 90' lang='lat' dir='ltr'>c.</span> <span class='ocrx_word' id='word_1_399' title='bbox 1164 2073 1194 2103; x_wconf 78' lang='grc'>7.</span> <span class='ocrx_word' id='word_1_400' title='bbox 1237 2070 1312 2110; x_wconf 61' lang='lat' dir='ltr'>‚Quo</span> <span class='ocrx_word' id='word_1_401' title='bbox 1335 2070 1385 2100; x_wconf 79' lang='lat' dir='ltr'>die</span> <span class='ocrx_word' id='word_1_402' title='bbox 1413 2069 1562 2100; x_wconf 78' lang='lat' dir='ltr'>Siciliam</span> <span class='ocrx_word' id='word_1_403' title='bbox 1582 2072 1709 2109; x_wconf 62' lang='lat' dir='ltr'>attigit,</span> 
     </span>
     <span class='ocr_line' id='line_1_59' title="bbox 1018 2113 1705 2153; baseline 0.001 -11"><span class='ocrx_word' id='word_1_404' title='bbox 1018 2113 1148 2152; x_wconf 74' lang='lat' dir='ltr'>(videte,</span> <span class='ocrx_word' id='word_1_405' title='bbox 1189 2113 1310 2142; x_wconf 74' lang='lat' dir='ltr'>satisne</span> <span class='ocrx_word' id='word_1_406' title='bbox 1345 2116 1541 2152; x_wconf 78' lang='lat' dir='ltr'>paratus—</span> <span class='ocrx_word' id='word_1_407' title='bbox 1554 2114 1705 2153; x_wconf 76' lang='lat' dir='ltr'>venerit‚)</span> 
     </span>
     <span class='ocr_line' id='line_1_60' title="bbox 1014 2153 1709 2185; baseline 0.001 -1"><span class='ocrx_word' id='word_1_408' title='bbox 1014 2155 1128 2184; x_wconf 81' lang='lat' dir='ltr'>statim</span> <span class='ocrx_word' id='word_1_409' title='bbox 1143 2154 1297 2184; x_wconf 71' lang='lat' dir='ltr'>Messana</span> <span class='ocrx_word' id='word_1_410' title='bbox 1319 2155 1431 2185; x_wconf 79' lang='lat' dir='ltr'>literas</span> <span class='ocrx_word' id='word_1_411' title='bbox 1448 2153 1612 2184; x_wconf 79' lang='lat' dir='ltr'>Halesum</span> <span class='ocrx_word' id='word_1_412' title='bbox 1633 2155 1709 2185; x_wconf 82' lang='lat' dir='ltr'>mit-</span> 
     </span>
     <span class='ocr_line' id='line_1_61' title="bbox 1016 2197 1131 2226; baseline 0 0"><span class='ocrx_word' id='word_1_413' title='bbox 1016 2197 1057 2226; x_wconf 76' lang='lat' dir='ltr'>cit</span> <span class='ocrx_word' id='word_1_414' title='bbox 1073 2198 1131 2226; x_wconf 66' lang='grc' dir='ltr'>ἃς.</span> 
     </span>
    </p>

    <p class='ocr_par' dir='ltr' id='par_1_6' title="bbox 1017 2236 1708 2311">
     <span class='ocr_line' id='line_1_62' title="bbox 1058 2236 1708 2278; baseline 0.002 -10"><span class='ocrx_word' id='word_1_415' title='bbox 1058 2238 1095 2268; x_wconf 83' lang='lat'>61</span> <span class='ocrx_word' id='word_1_416' title='bbox 1113 2239 1255 2268; x_wconf 78' lang='lat' dir='ltr'>nondum</span> <span class='ocrx_word' id='word_1_417' title='bbox 1270 2247 1480 2269; x_wconf 82' lang='lat' dir='ltr'>commemoro</span> <span class='ocrx_word' id='word_1_418' title='bbox 1493 2237 1567 2277; x_wconf 88' lang='lat' dir='ltr'>&amp;c.]</span> <span class='ocrx_word' id='word_1_419' title='bbox 1587 2236 1708 2278; x_wconf 87' lang='lat' dir='ltr'>Incipit</span> 
     </span>
     <span class='ocr_line' id='line_1_63' title="bbox 1017 2280 1281 2311; baseline 0 -1"><span class='ocrx_word' id='word_1_420' title='bbox 1017 2280 1050 2311; x_wconf 91' lang='lat' dir='ltr'>id</span> <span class='ocrx_word' id='word_1_421' title='bbox 1065 2280 1169 2311; x_wconf 84' lang='lat' dir='ltr'>facere</span> <span class='ocrx_word' id='word_1_422' title='bbox 1186 2291 1214 2311; x_wconf 89' lang='lat' dir='ltr'>e.</span> <span class='ocrx_word' id='word_1_423' title='bbox 1231 2283 1281 2311; x_wconf 76' lang='lat'>34.</span> 
     </span>
    </p>

    <p class='ocr_par' dir='ltr' id='par_1_7' title="bbox 1014 2321 1708 2485">
     <span class='ocr_line' id='line_1_64' title="bbox 1057 2321 1706 2361; baseline 0 -9"><span class='ocrx_word' id='word_1_424' title='bbox 1057 2323 1098 2353; x_wconf 77' lang='lat'>62</span> <span class='ocrx_word' id='word_1_425' title='bbox 1119 2333 1159 2352; x_wconf 58' lang='lat' dir='ltr'>ea·</span> <span class='ocrx_word' id='word_1_426' title='bbox 1174 2332 1238 2361; x_wconf 85' lang='lat' dir='ltr'>qua</span> <span class='ocrx_word' id='word_1_427' title='bbox 1254 2322 1375 2360; x_wconf 76' lang='lat' dir='ltr'>aliquot</span> <span class='ocrx_word' id='word_1_428' title='bbox 1392 2322 1543 2360; x_wconf 59' lang='lat' dir='ltr'>praetorio</span> <span class='ocrx_word' id='word_1_429' title='bbox 1559 2321 1706 2360; x_wconf 82' lang='lat' dir='ltr'>imperio,</span> 
     </span>
     <span class='ocr_line' id='line_1_65' title="bbox 1014 2363 1708 2403; baseline 0 -9"><span class='ocrx_word' id='word_1_430' title='bbox 1014 2365 1178 2394; x_wconf 74' lang='lat' dir='ltr'>consulari</span> <span class='ocrx_word' id='word_1_431' title='bbox 1189 2364 1318 2403; x_wconf 81' lang='lat' dir='ltr'>quidem</span> <span class='ocrx_word' id='word_1_432' title='bbox 1331 2363 1404 2401; x_wconf 84' lang='lat' dir='ltr'>&amp;c.]</span> <span class='ocrx_word' id='word_1_433' title='bbox 1420 2363 1470 2393; x_wconf 88' lang='lat' dir='ltr'>An</span> <span class='ocrx_word' id='word_1_434' title='bbox 1487 2368 1559 2403; x_wconf 79' lang='lat' dir='ltr'>post</span> <span class='ocrx_word' id='word_1_435' title='bbox 1572 2363 1708 2402; x_wconf 75' lang='lat' dir='ltr'>imperio</span> 
     </span>
     <span class='ocr_line' id='line_1_66' title="bbox 1014 2405 1706 2445; baseline 0 -9"><span class='ocrx_word' id='word_1_436' title='bbox 1014 2406 1134 2436; x_wconf 77' lang='lat' dir='ltr'>excidit</span> <span class='ocrx_word' id='word_1_437' title='bbox 1148 2407 1395 2445; x_wconf 76' lang='lat' dir='ltr'>triumpharunt</span> <span class='ocrx_word' id='word_1_438' title='bbox 1407 2406 1423 2434; x_wconf 76' lang='lat'><em>?</em></span> <span class='ocrx_word' id='word_1_439' title='bbox 1442 2416 1481 2435; x_wconf 87' lang='lat' dir='ltr'>ex</span> <span class='ocrx_word' id='word_1_440' title='bbox 1495 2405 1706 2445; x_wconf 71' lang='lat' dir='ltr'>sequentibus</span> 
     </span>
     <span class='ocr_line' id='line_1_67' title="bbox 1016 2447 1397 2485; baseline -0.008 -7"><span class='ocrx_word' id='word_1_441' title='bbox 1016 2448 1198 2485; x_wconf 63' lang='lat' dir='ltr'>intelligere</span> <span class='ocrx_word' id='word_1_442' title='bbox 1213 2447 1323 2477; x_wconf 76' lang='lat' dir='ltr'>durius</span> <span class='ocrx_word' id='word_1_443' title='bbox 1338 2452 1397 2476; x_wconf 82' lang='lat' dir='ltr'>est.</span> 
     </span>
    </p>

    <p class='ocr_par' dir='ltr' id='par_1_8' title="bbox 1011 2488 1706 2656">
     <span class='ocr_line' id='line_1_68' title="bbox 1055 2488 1706 2527; baseline -0.002 -7"><span class='ocrx_word' id='word_1_444' title='bbox 1055 2492 1094 2520; x_wconf 69' lang='lat'>63</span> <span class='ocrx_word' id='word_1_445' title='bbox 1119 2490 1242 2520; x_wconf 68' lang='lat' dir='ltr'>Paullo</span> <span class='ocrx_word' id='word_1_446' title='bbox 1268 2488 1386 2527; x_wconf 70' lang='lat' dir='ltr'>noster]</span> <span class='ocrx_word' id='word_1_447' title='bbox 1413 2488 1537 2519; x_wconf 76' lang='lat' dir='ltr'>Acerba</span> <span class='ocrx_word' id='word_1_448' title='bbox 1559 2488 1706 2519; x_wconf 86' lang='lat' dir='ltr'>irrisione</span> 
     </span>
     <span class='ocr_line' id='line_1_69' title="bbox 1014 2530 1706 2571; baseline -0.003 -9"><span class='ocrx_word' id='word_1_449' title='bbox 1014 2531 1166 2562; x_wconf 88' lang='lat' dir='ltr'>Paullum</span> <span class='ocrx_word' id='word_1_450' title='bbox 1202 2531 1358 2571; x_wconf 75' lang='lat' dir='ltr'>appellat,</span> <span class='ocrx_word' id='word_1_451' title='bbox 1388 2530 1478 2560; x_wconf 76' lang='lat' dir='ltr'>velut</span> <span class='ocrx_word' id='word_1_452' title='bbox 1501 2536 1706 2570; x_wconf 84' lang='lat' dir='ltr'>compararet</span> 
     </span>
     <span class='ocr_line' id='line_1_70' title="bbox 1013 2572 1706 2611; baseline -0.001 -8"><span class='ocrx_word' id='word_1_453' title='bbox 1013 2584 1089 2603; x_wconf 82' lang='lat' dir='ltr'>curn</span> <span class='ocrx_word' id='word_1_454' title='bbox 1110 2573 1244 2603; x_wconf 86' lang='lat' dir='ltr'>AEmilio</span> <span class='ocrx_word' id='word_1_455' title='bbox 1262 2572 1388 2610; x_wconf 82' lang='lat' dir='ltr'>Paullo,</span> <span class='ocrx_word' id='word_1_456' title='bbox 1408 2573 1462 2611; x_wconf 90' lang='lat' dir='ltr'>qui</span> <span class='ocrx_word' id='word_1_457' title='bbox 1477 2572 1706 2603; x_wconf 81' lang='lat' dir='ltr'>Macedoniam</span> 
     </span>
     <span class='ocr_line' id='line_1_71' title="bbox 1011 2616 1188 2656; baseline 0 -11"><span class='ocrx_word' id='word_1_458' title='bbox 1011 2616 1188 2656; x_wconf 80' lang='lat' dir='ltr'>superavit.</span> 
     </span>
    </p>

    <p class='ocr_par' dir='ltr' id='par_1_9' title="bbox 1011 2655 1706 2910">
     <span class='ocr_line' id='line_1_72' title="bbox 1053 2655 1705 2695; baseline -0.003 -7"><span class='ocrx_word' id='word_1_459' title='bbox 1053 2658 1093 2688; x_wconf 74' lang='lat'>64</span> <span class='ocrx_word' id='word_1_460' title='bbox 1115 2667 1159 2687; x_wconf 82' lang='lat' dir='ltr'>an</span> <span class='ocrx_word' id='word_1_461' title='bbox 1181 2657 1384 2687; x_wconf 71' lang='lat' dir='ltr'>malim—an</span> <span class='ocrx_word' id='word_1_462' title='bbox 1403 2656 1522 2685; x_wconf 72' lang='lat' dir='ltr'>amicos</span> <span class='ocrx_word' id='word_1_463' title='bbox 1543 2655 1627 2695; x_wconf 68' lang='lat' dir='ltr'>tuos]</span> <span class='ocrx_word' id='word_1_464' title='bbox 1647 2655 1705 2686; x_wconf 86' lang='lat' dir='ltr'>Al-</span> 
     </span>
     <span class='ocr_line' id='line_1_73' title="bbox 1011 2697 1705 2735; baseline -0.003 -6"><span class='ocrx_word' id='word_1_465' title='bbox 1011 2705 1119 2729; x_wconf 85' lang='lat' dir='ltr'>terum</span> <span class='ocrx_word' id='word_1_466' title='bbox 1136 2709 1181 2729; x_wconf 82' lang='lat' dir='ltr'>an</span> <span class='ocrx_word' id='word_1_467' title='bbox 1201 2704 1287 2729; x_wconf 87' lang='lat' dir='ltr'>recte</span> <span class='ocrx_word' id='word_1_468' title='bbox 1307 2698 1404 2728; x_wconf 68' lang='lat' dir='ltr'>deleri</span> <span class='ocrx_word' id='word_1_469' title='bbox 1420 2698 1491 2727; x_wconf 84' lang='lat' dir='ltr'>vult</span> <span class='ocrx_word' id='word_1_470' title='bbox 1510 2697 1705 2735; x_wconf 76' lang='lat' dir='ltr'>Lambinus,</span> 
     </span>
     <span class='ocr_line' id='line_1_74' title="bbox 1012 2740 1706 2779; baseline -0.004 -7"><span class='ocrx_word' id='word_1_471' title='bbox 1012 2743 1092 2772; x_wconf 83' lang='lat' dir='ltr'>item</span> <span class='ocrx_word' id='word_1_472' title='bbox 1111 2742 1269 2771; x_wconf 74' lang='lat' dir='ltr'>Graevius.</span> <span class='ocrx_word' id='word_1_473' title='bbox 1293 2741 1402 2779; x_wconf 80' lang='lat' dir='ltr'>itaque</span> <span class='ocrx_word' id='word_1_474' title='bbox 1425 2740 1498 2770; x_wconf 83' lang='lat' dir='ltr'>feci.</span> <span class='ocrx_word' id='word_1_475' title='bbox 1521 2749 1566 2769; x_wconf 86' lang='grc' dir='ltr'>αη</span> <span class='ocrx_word' id='word_1_476' title='bbox 1590 2741 1706 2770; x_wconf 77' lang='lat' dir='ltr'>malim</span> 
     </span>
     <span class='ocr_line' id='line_1_75' title="bbox 1012 2781 1703 2822; baseline -0.003 -9"><span class='ocrx_word' id='word_1_477' title='bbox 1012 2784 1150 2814; x_wconf 74' lang='lat' dir='ltr'>refertur</span> <span class='ocrx_word' id='word_1_478' title='bbox 1179 2783 1218 2812; x_wconf 84' lang='lat' dir='ltr'>ad</span> <span class='ocrx_word' id='word_1_479' title='bbox 1242 2792 1339 2822; x_wconf 76' lang='lat' dir='ltr'>quam</span> <span class='ocrx_word' id='word_1_480' title='bbox 1367 2785 1427 2811; x_wconf 76' lang='lat' dir='ltr'>aut</span> <span class='ocrx_word' id='word_1_481' title='bbox 1456 2786 1486 2811; x_wconf 79' lang='lat' dir='ltr'>te</span> <span class='ocrx_word' id='word_1_482' title='bbox 1511 2781 1614 2811; x_wconf 79' lang='lat' dir='ltr'>videri</span> <span class='ocrx_word' id='word_1_483' title='bbox 1642 2782 1703 2812; x_wconf 73' lang='grc' dir='ltr'>διο.</span> 
     </span>
     <span class='ocr_line' id='line_1_76' title="bbox 1012 2823 1701 2859; baseline -0.006 -3"><span class='ocrx_word' id='word_1_484' title='bbox 1012 2826 1102 2856; x_wconf 74' lang='lat' dir='ltr'>haud</span> <span class='ocrx_word' id='word_1_485' title='bbox 1123 2826 1185 2856; x_wconf 79' lang='lat' dir='ltr'>scio</span> <span class='ocrx_word' id='word_1_486' title='bbox 1208 2835 1253 2854; x_wconf 78' lang='lat' dir='ltr'>(tn</span> <span class='ocrx_word' id='word_1_487' title='bbox 1279 2823 1422 2854; x_wconf 70' lang='lat' dir='ltr'>modeste</span> <span class='ocrx_word' id='word_1_488' title='bbox 1447 2824 1610 2859; x_wconf 79' lang='lat' dir='ltr'>adfirmat,</span> <span class='ocrx_word' id='word_1_489' title='bbox 1635 2832 1701 2852; x_wconf 84' lang='lat' dir='ltr'>non</span> 
     </span>
     <span class='ocr_line' id='line_1_77' title="bbox 1012 2865 1703 2910; baseline -0.006 -12"><span class='ocrx_word' id='word_1_490' title='bbox 1012 2874 1085 2910; x_wconf 83' lang='lat' dir='ltr'>post</span> <span class='ocrx_word' id='word_1_491' title='bbox 1114 2878 1147 2898; x_wconf 79' lang='lat' dir='ltr'>se</span> <span class='ocrx_word' id='word_1_492' title='bbox 1177 2867 1275 2898; x_wconf 73' lang='lat' dir='ltr'>habet</span> <span class='ocrx_word' id='word_1_493' title='bbox 1307 2866 1395 2896; x_wconf 62' lang='lat' dir='ltr'>aliud</span> <span class='ocrx_word' id='word_1_494' title='bbox 1424 2875 1480 2897; x_wconf 80' lang='lat' dir='ltr'>an.</span> <span class='ocrx_word' id='word_1_495' title='bbox 1508 2872 1543 2897; x_wconf 86' lang='lat' dir='ltr'>et</span> <span class='ocrx_word' id='word_1_496' title='bbox 1571 2865 1703 2896; x_wconf 80' lang='lat' dir='ltr'>deberet.</span> 
     </span>
    </p>
   </div>
   <div class='ocr_carea' id='block_1_5' title="bbox 1783 1932 1817 3169">
    <p class='ocr_par' dir='ltr' id='par_1_10' title="bbox 1783 1932 1817 3169">
     <span class='ocr_line' id='line_1_78' title="bbox 1783 1932 1817 3169; baseline 0 0"><span class='ocrx_word' id='word_1_497' title='bbox 1783 1932 1817 3169; x_wconf 95' lang='lat' dir='ltr'> </span> 
     </span>
    </p>
   </div>
  </div>
 </body>
</html>
