1769 3174
260 108 334 144 992
835 107 1094 146 ORATIO

261 208 435 249 nomine
464 208 746 261 laborantem,
766 226 852 252 non
876 212 1004 253 modo
1030 219 1211 252 stantem
1243 212 1382 249 98110n
1405 207 1697 272 defenderant,

264 266 336 306 sed
358 280 412 306 ne
427 266 645 321 jacentem
668 268 840 322 quidem
865 270 1169 324 protexerant?
1202 266 1437 329 Cesseram,
1460 266 1493 306 si
1515 265 1696 329 alienam

266 337 291 363 a
312 337 380 363 me
404 324 569 378 plebem
600 323 729 364 fuisse
753 325 895 376 vultis,
916 341 1012 381 qua:
1045 340 1127 365 non
1160 323 1256 372 fuit,
1279 323 1452 363 invidiae
1475 338 1483 363 :
1516 336 1550 362 st
1580 335 1698 384 coin-

267 381 429 420 moveri
461 381 606 421 omnia
634 380 902 431 videbantur,
932 382 1141 436 tempori:
1175 381 1208 421 si
1240 380 1300 421 vis
1329 380 1515 429 suberat,
1539 392 1694 442 armis:

269 436 303 476 si
335 436 531 488 societas,
561 438 890 492 magistratuum
929 438 1148 494 pactioni:
1189 437 1222 477 si
1259 435 1492 500 perieulum
1523 448 1698 484 Civium,

207 497 256 531 65
271 493 532 549 reipublicae.
594 494 696 543 Cur,
728 510 826 535 cum
859 495 911 535 de
949 496 1089 550 eapite
1124 494 1230 535 civis
1262 498 1366 545 (non
1404 493 1591 548 disputo,
1624 504 1698 531 cu·
1759 529 1761 538 ⁴

262 550 455 604 jusmodi
490 551 630 600 civis‚)
663 559 706 590 et
742 552 794 592 de
832 551 953 592 bonis
990 551 1246 606 proscriptio
1288 550 1481 600 ferretur,
1519 562 1615 589 cum
1657 557 1701 587 et
1760 598 1764 612 .

270 608 445 648 sacratis
479 607 644 662 legibus
682 615 725 647 et
756 622 830 648 xu
873 608 1027 648 tabulis
1067 608 1276 648 sancitum
1315 616 1439 656 esset,
1477 614 1523 646 ut
1564 618 1701 668 neque
1760 620 1764 641 s

271 663 542 719 privilegium
575 664 752 718 irrogari
785 665 942 715 liceret,
968 679 1103 719 neque
1133 665 1185 705 de
1215 665 1370 719 capite,
1401 663 1480 704 nisi
1513 671 1700 704 comitiis
1760 672 1764 679 ·

267 721 532 770 centuriatis,
570 721 726 775 rogari,
761 721 875 762 nulla
912 736 994 762 vox
1034 732 1098 762 est
1136 721 1282 762 audita
1311 720 1562 782 consulum?
1600 732 1703 782 con-
1760 732 1764 779 ζ

268 778 552 831 stitutumque
569 787 633 817 est
652 776 723 817 illo
746 793 872 828 anno,
890 788 1098 833 qnantum
1120 778 1162 819 in
1187 778 1266 819 illis
1288 778 1452 818 duabus
1475 777 1602 831 hujus
1626 789 1703 815 im·
1760 780 1763 829 J

271 834 374 889 perii
398 835 589 889 pestibus
612 833 708 884 fuit,
732 835 830 889 jure
855 850 991 890 posse,
1015 850 1087 891 per
1111 850 1260 891 operas
1283 835 1534 883 concitatas,
1555 846 1705 896 quem-
1760 847 1765 872 2

273 891 334 931 vis
357 892 495 931 civem
519 891 789 941 nominatim,
820 896 860 926 99
875 893 1035 932 tribuni
1067 892 1202 948 plebis
1233 892 1430 942 coneilio,
1451 905 1505 931 ex
1527 899 1703 931 civitate
1762 929 1763 937 ἶ

207 951 258 985 66
271 947 519 989 exturbari?
553 948 663 993 Quae
697 962 795 988 vero
828 949 1096 1005 promulgata
1128 950 1198 990 illo
1229 964 1340 990 anno
1371 948 1575 988 fuerunt?
1606 960 1703 1000 quae

274 1005 481 1060 promissa
514 1004 685 1045 multis?
724 1008 890 1060 100quae
930 1007 1200 1062 conscripta?
1238 1021 1333 1061 quae
1376 1006 1569 1061 sperata?
1608 1017 1705 1057 quae
1762 1055 1763 1060 ¹

272 1061 491 1117 cogitata?
522 1061 623 1115 quid
656 1061 829 1104 dicam?
859 1063 932 1118 qui
964 1063 1081 1104 loeus
1109 1063 1223 1104 orbis
1247 1074 1369 1104 terrae
1394 1063 1484 1117 jam
1511 1075 1594 1101 non
1617 1068 1708 1123 erat

215 1140 223 1147 ·
273 1118 400 1158 alicui
444 1118 707 1160 destinatus?
741 1119 864 1174 cujus
907 1121 1068 1176 negotii
1112 1120 1272 1176 publici
1314 1119 1511 1175 cogitari,
1549 1127 1704 1180 optari,
1760 1131 1764 1166 ς

161 1182 193 1212 P·
213 1174 376 1230 ¹8·fingi
402 1175 566 1215 curatio
590 1175 746 1230 potuit,
767 1191 865 1230 quae
897 1192 982 1218 non
1013 1189 1124 1219 esset
1153 1178 1360 1218 attributa
1390 1186 1517 1231 atque
1547 1175 1706 1238 descri—
1761 1185 1766 1226 ζ

225 1224 379 1286 a‘pta?
421 1232 536 1286 quod
569 1246 703 1287 genus
737 1233 920 1288 imperii,
956 1244 1030 1275 aut
1062 1250 1157 1290 quae
1194 1235 1427 1290 provincia,
1460 1247 1557 1288 quae
1595 1241 1704 1273 ratio
1761 1233 1766 1281 ξ

278 1291 289 1317 l
325 1287 568 1329 auferenda>
613 1298 687 1329 aut
728 1291 967 1333 conflandae
1011 1291 1204 1347 pecuniae
1256 1306 1341 1332 non
1394 1290 1710 1346 reperiebatur?
1761 1290 1767 1359 l

272 1359 368 1399 quae
401 1345 534 1401 regio,
556 1360 683 1385 orave
715 1356 919 1389 terrarum
951 1359 1041 1389 erat
1071 1349 1208 1398 latior,
1235 1349 1276 1389 in
1299 1363 1383 1403 qua
1413 1362 1498 1388 non
1529 1360 1710 1402 regnum
1761 1361 1765 1426 ἱ

273 1401 444 1456 aliquod
477 1406 760 1445 statueretur?
790 1405 884 1459 quis
907 1415 1050 1446 autem
1074 1421 1163 1456 rex,
1185 1406 1258 1460 qui
1282 1406 1351 1446 illo
1376 1419 1488 1445 anno
1519 1419 1604 1444 non
1635 1412 1710 1444 aut
1762 1431 1764 1435 -

274 1459 502 1499 emendum
531 1459 628 1509 sibi,
649 1461 764 1514 quod
794 1476 879 1503 non
910 1462 1111 1513 habebat,
1138 1473 1211 1504 aut
1233 1462 1574 1512 2redimendum,
1596 1461 1710 1515 quod
1761 1450 1766 1563 t

1762 1577 1765 1602 ι

1761 1632 1765 1653 l

1761 1690 1765 1720 l

1761 1745 1765 1768 l

1762 1789 1765 1812 l

276 1515 479 1565 habebat,
520 1516 829 1559 arbitraretur?
873 1520 967 1574 quis
1012 1520 1291 1575 provinciam,
1333 1520 1427 1574 quis
1471 1519 1712 1582 pecuniam,
1762 1529 1769 1579 xj

277 1572 372 1626 quis
397 1572 656 1628 legationem
687 1575 741 1615 ab
774 1586 921 1617 senatu
955 1578 1155 1632 petebat?
1188 1577 1417 1617 Damnatis
1438 1576 1490 1616 de
1515 1576 1569 1627 vi,
1592 1586 1713 1616 resti·
1763 1609 1765 1620 .

280 1629 416 1679 tuti03
447 1629 692 1670 consulatus
723 1631 877 1686 petitio
910 1634 989 1689 ipsi
1012 1634 1068 1674 illi
1094 1634 1286 1690 populari
1309 1633 1517 1674 sacerdoti
1539 1647 1715 1687 compa·
1762 1668 1769 1678 ,,

279 1686 466 1726 rabatur.
530 1685 640 1728 Haec
671 1690 903 1743 gemebant
937 1691 1051 1741 boni,
1076 1692 1304 1747 sperabant
1336 1690 1537 1746 improbi,
1559 1691 1716 1746 agebat
1763 1691 1769 1735 ᾖ

283 1743 478 1783 tribunus
502 1743 652 1798 plebis,
674 1746 869 1786 eonsules
890 1748 1168 1802 adjuvabant.
1768 1749 1769 1799 ζ

196 1780 262 1827 31
341 1799 443 1850 Hie,
475 1800 694 1855 aliquanto
726 1803 873 1853 serius,
905 1819 1033 1859 qnam
1066 1806 1156 1860 ipse
1188 1804 1328 1855 vellet,
1360 1803 1441 1844 Cn.
1469 1803 1714 1867 Pompeius,
1762 1821 1769 1868 ξ,

217 1855 549 1896 67invitissi1nis
598 1857 663 1908 iis,
705 1859 778 1913 qui
827 1871 1010 1902 mentem
1059 1862 1211 1918 optimi
1254 1877 1305 1902 ac
1354 1860 1575 1901 fortissimi
1619 1861 1715 1924 viri,
1762 1888 1769 1925 -5

281 1913 365 1953 suis
398 1913 602 1965 consiliis,
626 1914 824 1971 fictisque
857 1919 1087 1959 terroribus
1109 1934 1133 1959 a
1154 1918 1402 1959 defensione
1432 1932 1540 1958 meae
1571 1917 1718 1958 salutis
1762 1929 1769 1964 η

278 1978 535 2021 averterant,
568 1972 778 2014 excitavit
816 1974 927 2015 illam
965 1990 1083 2016 suam
1118 1991 1204 2016 non
1243 1976 1441 2030 sopitam,
1474 1976 1546 2016 sed
1582 1974 1719 2030 suspi-

278 2026 404 2067 cione
426 2027 569 2081 aliqua
592 2029 847 2071 retardatam
870 2033 1223 2074 consuetudinem
1247 2032 1493 2088 reipublicae
1518 2033 1625 2073 bene
1647 2045 1719 2087 ge·
1762 2038 1765 2083 ξ

278 2084 435 2124 rendae.
499 2085 599 2125 Non
631 2096 695 2126 est
726 2102 872 2142 passus
904 2088 972 2130 ille
1001 2090 1077 2140 vir,
1107 2090 1179 2144 qui
1213 2089 1558 2130 sceleratissimos
1589 2089 1720 2151 cives?
1762 2090 1766 2133 'i

277 2140 350 2193 qui
382 2141 611 2182 acerrimos
645 2142 803 2191 hostes,
826 2145 899 2199 qui
922 2147 1133 2187 maximas
1157 2147 1366 2196 nationes,
1391 2147 1463 2201 qui
1487 2160 1621 2202 reges,
1644 2159 1717 2200 qui
1764 2179 1765 2182 ,

278 2207 428 2252 gentes
452 2197 560 2239 feras
589 2209 717 2254 atque
749 2201 976 2254 inauditas,
998 2204 1069 2258 qni
1105 2204 1355 2259 praedonum
1387 2203 1600 2244 infinitam
1631 2217 1721 2265 maj

277 2268 396 2304 num,
419 2254 490 2308 qui
515 2256 643 2296 etiam
668 2258 841 2298 servitia
875 2260 1031 2301 virtute
1063 2260 1324 2315 victoriaque
1354 2259 1614 2301 domuisset:
1646 2272 1717 2315 qui

319 2383 358 2414 98
386 2391 448 2411 non
477 2381 976 2427 defenderant—prote.t·er‹1nt]
1069 2391 1125 2419 100
1147 2399 1216 2428 quae
1241 2390 1435 2430 conscripta]
1466 2390 1526 2420 int.
1553 2389 1593 2420 de
1618 2388 1720 2429 pacti·
1761 2400 1765 2417 ι

278 2422 330 2453 Sic
355 2425 534 2453 necessario
556 2426 667 2465 scripsi
692 2438 750 2466 pro
766 2428 981 2467 defenderunt
1021 2431 1162 2470 scriptis,
1186 2432 1377 2472 syngraphis
1399 2438 1433 2462 et
1455 2432 1627 2469 similibus,
1643 2439 1720 2471 quat
1761 2445 1766 2471 1

277 2469 543 2504 ——prote.t·ercmt‚
571 2467 737 2500 latinitate
767 2481 841 2501 vera
869 2477 980 2512 postu·
1023 2482 1096 2502 cum
1114 2474 1299 2504 consulibus
1313 2474 1432 2504 fecerat
1446 2474 1590 2506 Clodius.

279 2506 382 2537 lante.
1069 2517 1079 2543 l
1118 2515 1304 2554 auferenda?
1333 2520 1393 2546 aue
1421 2515 1515 2556 confl.
1540 2516 1593 2556 μ]
1630 2514 1720 2547 Libri

322 2552 364 2582 99
393 2549 516 2579 tribum·
540 2551 642 2588 plebis
668 2553 811 2592 consilio]
849 2553 982 2585 Consilio
1024 2556 1102 2586 editi
1126 2558 1255 2588 variant
1279 2559 1365 2589 inter
1386 2563 1445 2588 aut
1458 2558 1587 2599 flamia>
1607 2563 1641 2588 et
1662 2566 1722 2588 au-

280 2591 435 2620 vitiosum
452 2601 519 2621 esse
543 2594 644 2623 sensit
666 2594 910 2633 Hotomannus,
926 2598 980 2635 qui
1011 2598 1164 2637 ferendce
1175 2612 1184 2627 :
1201 2601 1276 2639 quia
1292 2600 1372 2631 illud
1388 2600 1457 2630 loco
1475 2610 1541 2630 non
1555 2600 1720 2635 convenit,

279 2633 398 2671 corrigi
428 2633 558 2663 volebat
585 2637 738 2666 concilio:
774 2637 828 2667 sed
858 2647 916 2668 nec
949 2639 981 2669 id
1025 2639 1086 2671 boc
1113 2646 1242 2672 St-eutus
1270 2652 1353 2677 suni,
1381 2642 1466 2681 quod
1496 2643 1618 2672 habent
1646 2641 1719 2672 edd.

281 2674 360 2704 mihi
376 2675 548 2712 satisfacit,
565 2678 624 2707 etsi
649 2684 698 2708 est
721 2679 859 2708 melius:
886 2687 981 2720 puto-
1024 2682 1074 2711 w.
1102 2683 1174 2713 ΑΜ.
1198 2685 1335 2715 Victorii
1360 2685 1420 2716 διο.
1443 2685 1488 2714 sic
1512 2690 1549 2715 iet
1575 2684 1721 2717 Graeviun

277 2725 337 2754 que
352 2716 471 2755 aliquid
487 2718 614 2755 gravius
629 2719 681 2749 hic
697 2720 809 2750 latere.
834 2721 977 2759 Interea,
1022 2725 1111 2754 fecit.

277 2757 353 2795 quia
374 2760 506 2789 concilio
529 2762 630 2799 reperi
656 2762 689 2791 in
713 2762 784 2792 edd.
807 2773 854 2802 pr.
872 2766 978 2795 omni-
1064 2770 1082 2796 2
1107 2767 1346 2806 redimendum,
1361 2769 1443 2808 quod
1454 2769 1604 2810 habebat]
1623 2769 1722 2799 Pecu-

276 2799 348 2838 bus,
366 2801 481 2842 recepi,
525 2802 660 2833 Οοηείίἰο
674 2803 774 2834 Aldus
791 2805 925 2837 invexit.
1022 2809 1110 2839 niam
1127 2809 1281 2848 dandam,
1299 2820 1338 2841 ne
1357 2811 1550 2843 auferretur.
