1785 3185
448 85 797 128 PHILIPPICA
839 87 1131 127 SECUNDA.

1410 91 1510 127 128⁹

79 206 133 237 ne
147 190 277 234 etiam
293 189 476 232 facilius,
508 192 546 223 ⁵7
562 203 637 230 nos
654 189 768 230 enim
788 190 1101 231 nuntiationem
1120 190 1255 232 solum
1276 191 1505 237 habemus:

80 246 274 293 consules
297 256 339 287 et
361 245 510 301 reliqui
534 246 810 301 magistratus
833 248 872 276 58
885 247 1014 286 etiam
1040 248 1319 301 spectionem.
1375 250 1505 293 Esto:

77 305 162 348 hoc
195 303 412 359 imperite:
455 313 535 343 nec
566 303 681 343 enim
710 311 774 342 est

83 360 335 419 postulanda
377 359 628 414 prudentia:
681 359 753 400 sed
788 359 929 399 videte
963 359 1288 414 impudentiam.

78 426 176 462 ante
206 416 424 457 mensibus
455 416 499 456 in
530 424 679 456 senatu
710 415 837 466 dixit,
868 429 912 456 se
949 415 1185 458 Dolabellae
1223 419 1401 460 comitia
1431 430 1548 470 autp.
1568 432 1639 467 176.

807 302 860 342 ab
892 302 1065 343 homine
1097 317 1328 359 numquam
1363 309 1507 349 sobrio

1351 363 1506 405 Multis

76 473 395 533 prohibiturum
428 473 645 528 auspiciiS,
668 475 708 507 59
720 481 794 513 aut
814 473 854 513 id
877 472 1090 514 facturum
1120 487 1225 525 esse,
1256 476 1371 530 quod
1387 477 1548 519 fecitss

81 531 377 585 Quisquamne
399 529 591 570 divinare
609 537 765 585 potest,
789 530 890 585 quid
917 530 1008 570 vitii
1031 530 1074 570 in
1090 531 1292 586 auspiciis
1315 532 1508 575 futurum

80 588 152 639 sit,
182 587 262 628 nisi
292 587 365 642 qui
395 586 448 627 (le
478 586 592 628 coelo
624 600 789 627 servare
818 586 1072 629 constituit?
1102 588 1216 642 quod
1243 603 1380 643 neque
1410 590 1511 633 licet

78 644 266 689 comitiis
299 646 339 674 6⁰
353 657 428 700 per
459 643 590 699 leges,
619 653 677 693 et,
708 644 743 683 si
774 644 869 698 quis
901 644 1099 695 servavit,
1130 659 1216 685 non
1247 645 1406 687 habitis
1437 662 1512 689 co-

79 701 228 753 mitiis,
262 701 332 742 sed
366 701 612 757 priusquam
645 699 897 751 habeantur,
918 693 1049 742 debe'f
1078 702 1288 743 nuntiare.
1349 703 1513 747 Verum

80 758 116 798 6¹
137 758 356 814 implicata
377 758 547 799 inscitia
569 757 836 812 impudentia
857 766 934 808 est,
954 772 1032 798 nec
1054 758 1134 799 scit
1155 759 1270 813 quod
1289 775 1510 816 augurem,

79 830 159 857 nec
181 815 285 856 facit
306 814 421 870 quod
445 814 675 869 pudentem
694 814 830 854 decet.

80 872 188 913 mini
216 872 308 928 ejus
338 885 469 925 usque
497 871 550 911 ad
583 869 684 911 Idus
717 869 900 911 Martias
931 871 1216 913 consulatum.

891 814 1036 869 Atque
1056 829 1110 855 ex
1134 815 1205 856 illo
1227 817 1320 920 dit}Q
1316 819 1510 882 recorda-
1521 830 1572 874 82

1327 890 1387 915 uis
1417 891 1512 917 uin-

79 944 208 986 quam
249 929 468 985 apparitor
507 937 596 968 tam
638 927 826 978 humilis,
869 938 955 968 tam
996 929 1221 984 abjectus?
1270 931 1378 973 nihil
1419 933 1511 989 ipse

78 994 271 1042 poterat:
303 985 448 1025 omnia
480 985 682 1040 rogabat:
704 985 745 1016 62
758 995 889 1040 caput
918 986 963 1026 in
994 1000 1184 1028 aversam
1215 987 1414 1031 lecticam
1444 992 1510 1031 in-

77 1042 234 1092 serenS‚
268 1041 490 1092 beneficia,
519 1056 616 1097 quae
645 1041 860 1091 venderet,
896 1057 921 1082 a
952 1043 1118 1098 collega
1144 1046 1333 1100 petebat.
1394 1046 1508 1089 Ecce

82 1098 318 1142 Dolabellae
336 1099 611 1139 comitiorum
625 1099 739 1140 dies:
765 1099 933 1140 sortitio
956 1102 1277 1156 praerogativae:
1309 1103 1507 1159 quiescit.

77 1156 366 1200 renuntiatur:
419 1164 546 1196 tacet.
588 1156 727 1212 prima
767 1155 913 1197 classis
956 1166 1157 1199 vocatur:
1212 1162 1507 1205 renuntiatur:

77 1213 118 1244 63
132 1213 299 1264 deinde,
329 1221 376 1253 ut
404 1213 573 1264 assolet,
610 1212 827 1268 suffragia.
869 1223 960 1254 tum
990 1214 1176 1255 secunda
1205 1215 1375 1260 classis:
1410 1234 1507 1274 quae

79 1270 226 1313 omnia
245 1269 372 1310 citius
394 1280 493 1310 sunt
514 1269 643 1321 facta,
673 1285 802 1325 quam
823 1269 932 1311 dixi.

77 1342 158 1370 nus
188 1341 325 1384 augur
353 1326 556 1379 (Laelium
587 1327 768 1377 diceres)
792 1326 919 1368 Amo
956 1341 1058 1378 D1E,
1089 1328 1245 1384 inquit.

79 1384 269 1426 dentiam
291 1383 574 1440 singularem!
610 1384 727 1430 Quid
751 1383 945 1425 videras?
976 1386 1017 1416 6⁴
1035 1385 1138 1440 quid
1157 1400 1345 1429 senseras
1365 1392 1378 1431 ἓ

994 1270 1209 1312 Confecto
1231 1276 1407 1330 negotio
1433 1278 1509 1318 bo·
1520 1285 1571 1320 83

1306 1331 1347 1373 O
1369 1333 1511 1390 impu-

1407 1392 1512 1446 quid
1569 1386 1573 1390 ⁴

80 1441 301 1483 audieras?
324 1455 401 1481 nec
423 1441 537 1481 enim
556 1450 599 1481 te
616 1441 670 1482 de
690 1441 804 1483 coelo
827 1455 1015 1483 servasse
1037 1442 1203 1492 dixisti,
1226 1459 1363 1501 neque
1383 1448 1511 1490 hodie

78 1498 200 1540 dicis.

261 1497 313 1538 Id
346 1498 479 1553 igitur
519 1498 698 1539 obvenit
729 1498 900 1548 vitium,
941 1498 1058 1554 quod
1098 1509 1144 1540 tu
1175 1501 1270 1555 jam
1304 1503 1510 1547 Kalendis

76 1554 294 1597 Januariis
315 1553 508 1595 futurum
525 1569 616 1596 esse
636 1555 896 1611 provideraS,
916 1566 960 1604 et
978 1565 1098 1597 tanto
1115 1567 1214 1598 ante
1235 1561 1510 1614 praedixeras.

78 1608 211 1669 Ergo,
230 1611 414 1664 hercule,
437 1626 609 1669 magna,
632 1622 679 1653 ut
700 1626 839 1669 spero,
856 1621 930 1654 tua
947 1614 1107 1670 potius,
1118 1629 1247 1669 quam
1262 1618 1379 1674 reipu
1389 1620 1527 1662 blica).

120 1762 159 1793 57
194 1768 251 1789 nos
280 1760 367 1790 enim
400 1759 773 1790 nunciationem——con-

79 1804 164 1832 sales
181 1803 280 1832 etiam
300 1801 363 1840 sp.]
391 1800 468 1839 Hic,
491 1808 530 1831 ut
552 1802 586 1831 in
611 1806 686 1831 toto
710 1802 774 1832 hoc

79 1843 165 1880 loco,
191 1849 242 1877 est
266 1843 452 1879 difficultas,
475 1853 550 1882 quae
578 1844 774 1884 interpretes

81 1885 220 1916 vexavit.
254 1885 398 1924 Scaliger
413 1886 563 1925 putabat,
577 1886 675 1916 verba
690 1896 774 1916 nun-

81 1929 252 1960 ciationem
275 1933 309 1957 et
333 1928 525 1968 spectionem
553 1937 620 1958 esse
645 1937 776 1967 permu-

80 1975 164 2000 tata.
209 1969 357 2009 Augures
380 1969 468 1999 enim
491 1970 695 2009 spectionem
719 1970 776 2000 ha-

82 2012 202 2048 buisse,
228 2011 369 2042 dubitari
389 2010 442 2041 vix
465 2021 567 2051 posse.
612 2012 776 2042 Gruchius

82 2059 195 2084 autem
217 2053 254 2084 de
272 2053 435 2089 Confidis,
460 2064 499 2083 ex
525 2054 558 2084 h.
583 2052 606 2083 l.
633 2054 774 2093 colligit,

79 2105 219 2135 augures
236 2105 314 2132 non,
330 2095 390 2124 nisi
400 2095 494 2133 jussu
509 2095 775 2134 magistratuum,

77 2147 207 2169 servare
222 2137 260 2168 de
277 2137 358 2168 coelo
378 2138 531 2177 potuisse.
574 2137 619 2168 At
637 2147 776 2176 augures

82 2180 331 2211 nunciationem
365 2178 528 2215 habuisse,
564 2189 631 2209 non
668 2185 776 2220 potest

80 2222 206 2262 negari,
243 2232 319 2260 cum
348 2222 419 2260 ejus
447 2221 492 2252 rei
519 2220 668 2260 exempla
695 2222 774 2253 sint.

81 2264 185 2296 Mitto
210 2264 350 2294 aliorum
380 2263 561 2303 opiniones.
611 2263 774 2295 Feri-atius

79 2307 115 2337 in
130 2306 213 2346 Epp.
226 2306 265 2337 L.
281 2305 404 2346 111.ep.
421 2308 451 2336 ‘L
469 2305 590 2335 nodum
602 2305 774 2337 dissolvere

81 2349 239 2386 instituit,
255 2348 407 2378 refutatis
425 2348 565 2377 aliorum
580 2349 772 2378 sententiis:

81 2401 179 2430 quem
193 2390 316 2430 legant,
332 2391 386 2430 qui
402 2390 524 2420 volent.
571 2389 641 2429 Ego
656 2400 708 2421 me
722 2391 775 2421 hic

78 2433 132 2466 vix
145 2433 291 2472 expedio.

122 2477 161 2505 58
207 2476 307 2505 etiam
345 2474 584 2514 inspectionem]
630 2473 775 2505 Faernus

78 2517 282 2555 spectionem,
309 2527 328 2547 e
355 2517 419 2548 Ms.
457 2518 531 2547 Vat.
561 2517 647 2555 quod
683 2517 774 2548 Mur.

80 2556 198 2591 Lamb.
237 2558 330 2589 Mau.
385 2560 532 2589 Graevius
570 2564 775 2598 receperunt.

81 2605 181 2631 tecte.
207 2607 258 2630 est
280 2601 369 2631 enim
392 2602 526 2633 verbum
550 2602 719 2641 proprium
743 2602 779 2631 in

81 2641 144 2672 hac
159 2652 203 2672 re.

125 2686 166 2717 59
187 2688 248 2719 aut
264 2683 478 2726 idfucturum
493 2696 568 2723 esse,
585 2684 775 2724 quodfecit]

85 2724 132 2755 Ut
145 2726 373 2762 obnunciaret,
383 2736 458 2757 cum
465 2729 537 2768 Jain
549 2729 679 2764 fierent,
693 2728 780 2767 quod

87 2766 198 2810 paullo
213 2773 287 2808 post
302 2774 426 2799 narrat.

126 2809 167 2840 60
195 2819 259 2848 per
289 2810 388 2850 leges]
425 2811 588 2851 Intelligit
621 2811 783 2848 Clodiam,

86 2859 159 2891 que
187 2851 297 2883 diebus
328 2853 549 2885 comitialibus
581 2862 721 2885 servare·
744 2853 783 2884 de

814 1759 900 1790 coelo
917 1759 1122 1800 prohibebat.

858 1803 895 1832 61
918 1801 1087 1842 implicata
1099 1805 1228 1835 inscitia
1237 1806 1440 1845 impudentia
1450 1810 1510 1848 est]

815 1844 942 1875 Durius
965 1845 1025 1875 hoc
1041 1850 1102 1880 est,
1119 1847 1180 1876 etsi
1198 1847 1278 1878 bene
1294 1848 1447 1881 latinum.
1484 1851 1512 1881 E

817 1885 908 1916 libris
927 1886 1070 1926 antiquis
1087 1888 1232 1919 Graevius
1248 1891 1391 1922 malebat
1407 1894 1513 1932 impu·

817 1928 946 1966 denliae,
968 1929 1054 1968 quod
1078 1935 1129 1960 est
1157 1931 1271 1962 lenius.
1330 1933 1457 1966 Deinde
1484 1936 1513 1965 si

817 1969 936 2001 delevit
959 1971 1042 2001 idem
1071 1978 1144 2012 post
1169 1973 1331 2005 faernum
1351 1981 1385 2006 et
1400 1976 1514 2008 Mure·

819 2018 890 2042 tum
906 2023 923 2042 e
939 2013 1018 2043 Mss.
1034 2014 1128 2044 bene.

860 2055 902 2085 62
925 2059 1023 2094 caput
1048 2058 1082 2085 in
1103 2057 1275 2088 adversam
1298 2060 1446 2092 lecticam
1462 2063 1513 2092 in-

807 2094 940 2136 ferens]
967 2097 1112 2128 Primum
1135 2109 1285 2131 aversam
1311 2111 1329 2131 e
1352 2102 1415 2133 Ms.
1434 2104 1512 2137 vat.

819 2137 1005 2177 legendum.
1027 2149 1144 2181 nempe
1166 2143 1363 2180 sequebatur
1376 2146 1514 2178 Caesarin

818 2179 981 2211 lecticam.
1038 2184 1131 2223 Soepe
1159 2182 1229 2214 haec
1255 2186 1352 2216 verba
1378 2188 1514 2220 confusa

818 2228 906 2252 sunt.
949 2223 1035 2254 Tum
1051 2234 1109 2264 pro
1124 2225 1266 2264 inserens
1277 2227 1362 2258 idem
1381 2228 1463 2261 liber
1479 2237 1514 2261 et

817 2263 855 2293 1..
870 2265 1025 2302 inserens,
1040 2267 1126 2304 quod
1146 2267 1257 2308 paullo
1278 2270 1406 2301 melius.
1449 2272 1513 2305 Sed

817 2314 878 2336 nec
894 2307 1064 2346 vulgatum
1079 2310 1267 2349 spreverim.

860 2348 899 2378 63
934 2350 1058 2386 deinde,
1089 2356 1127 2381 uc
1160 2354 1289 2390 assolet,
1325 2353 1510 2396 suffugia]

820 2389 900 2420 Haee
915 2396 1039 2422 torsere
1055 2393 1268 2434 interpretes:
1293 2397 1348 2435 qui
1371 2399 1456 2428 varie
1476 2410 1514 2430 ea

815 2436 1001 2465 tentarunt.
1061 2435 1096 2465 P.
1139 2436 1311 2468 Manutius
1343 2442 1514 2480 transponi

817 2473 960 2512 volebat,
976 2481 1049 2516 post
1064 2482 1137 2508 tum
1150 2480 1292 2509 secunda
1307 2482 1428 2511 classis.
1461 2483 1514 2513 lta

818 2526 930 2547 sensus
957 2524 1020 2556 est,
1057 2525 1167 2552 cetera
1207 2521 1323 2552 deinde
1361 2523 1513 2554 classium

818 2559 973 2600 suffragia
986 2560 1025 2591 de
1041 2571 1131 2592 more
1147 2563 1244 2593 fiunt.
1261 2564 1316 2594 alii
1331 2565 1428 2596 verba
1445 2566 1515 2606 ipsa

821 2602 1001 2642 corrigunt.
1046 2603 1139 2634 Nihil
1162 2605 1267 2636 adhuc
1292 2607 1407 2645 reperi,
1429 2609 1515 2646 quod

823 2642 903 2673 mihi
919 2644 1073 2684 placeret.
1119 2647 1182 2677 Sed
1206 2647 1350 2678 Manutii
1367 2649 1451 2679 ratio
1465 2657 1515 2680 est

823 2687 964 2718 maxime
978 2687 1168 2718 tolerabilis.

864 2728 905 2760 64
927 2730 1006 2768 quid
1027 2739 1173 2760 senseras
1185 2730 1215 2770 2⁰]
1253 2730 1455 2771 Interpretes
1475 2733 1516 2764 ad

824 2773 923 2800 terrae
954 2775 1081 2802 motum
1119 2772 1274 2803 referunt.
1329 2773 1390 2805 Sed
1419 2775 1445 2804 is
1476 2775 1517 2805 ad

825 2820 913 2848 eum,
928 2812 983 2852 qui
1001 2818 1106 2845 servat
1129 2814 1167 2844 de
1183 2814 1277 2850 coelo,
1295 2815 1342 2846 nil
1360 2817 1516 2857 pertinet,

826 2862 889 2893 quo
905 2859 1016 2886 tamen
1033 2854 1102 2887 haec
1118 2856 1314 2887 referuntur.

1519 1057 1592 1117 33.
