1785 3185
487 101 831 141 PHILIPPICA
858 102 1149 142 SECUNDA.
1437 102 1536 143 1263

109 204 236 248 hodie
265 204 497 260 perficiam,
519 213 567 246 ut
595 204 822 261 intelligat,
849 207 1105 260 ¹5quantum
1135 220 1160 245 a
1181 218 1248 245 me
1278 202 1536 245 beneficium

108 275 199 303 tum
221 262 450 318 acceperit.
507 261 569 302 At
599 262 727 302 etiam
761 261 937 312 litteras,
959 276 1064 316 quas
1093 275 1161 301 mc
1184 261 1264 301 sibi
1286 262 1450 302 misisse
1471 259 1537 300 di-

106 327 234 369 ceret,
256 318 466 370 recitavit,
498 317 627 360 homo
649 327 694 359 et
724 317 1004 359 humanitatis
1031 331 1199 373 experS,
1220 325 1264 358 et
1285 317 1385 358 vitae
1416 330 1535 358 com-

105 376 244 417 munis
275 375 462 431 ignarus.
533 375 642 422 Quis
675 375 790 416 enim
821 389 1041 430 umquam,
1075 374 1147 429 qui
1182 372 1370 429 paullum
1401 373 1532 414 modo

108 433 319 474 bonorum
356 432 711 474 consuetudinem
750 442 909 483 nosset,
948 431 1108 472 litteras
1139 430 1191 471 ad
1229 443 1273 470 se
1305 430 1359 470 ab
1390 430 1662 476 a1nicops1e2.

101 490 265 546 missas,
297 489 533 531 offensione
564 488 707 545 aliqua
741 489 1007 545 interposita,
1036 489 1079 529 in
1113 486 1303 528 medium
1336 486 1570 541 protulit,³·

101 547 326 604 palamque
369 546 594 588 recitavit?
639 546 744 601 quid
781 555 847 588 est
888 546 1017 597 aliud,
1059 544 1206 586 tollere
1237 557 1261 584 e
1298 543 1388 585 vita
1428 542 1530 583 vitae

100 604 364 655 societatem,
397 618 524 659 quam
567 603 712 644 tollere
740 603 976 644 amicorum
1014 601 1229 656 colloquia
1259 599 1530 641 absentium?

104 661 280 716 ¹6quam
312 661 450 706 multa
473 661 578 716 joca
598 660 737 701 solent
767 674 857 701 esse
885 661 928 701 in
950 659 1156 715 epistoli5‚
1175 672 1287 712 quae,
1309 655 1476 712 prolata
1496 656 1529 696 si

100 717 199 769 sint,
226 718 421 774 ¹7inepta
452 718 702 759 videantur?
742 730 871 772 quam
903 717 1040 758 multa
1070 715 1191 766 seria,
1213 728 1351 769 neque
1383 722 1528 754 tamen

99 774 184 815 ullo
218 775 346 816 modo
380 774 668 830 divulganda?
727 774 794 815 Sit
815 773 898 815 hoc
931 771 1256 814 inhumanitatis
1277 781 1390 812 tuae:
1423 769 1561 823 stul-3

101 832 239 873 titiam
273 831 564 873 incredibilem
598 830 755 871 videte.
832 831 950 877 Quid
984 830 1130 881 habes,
1160 828 1275 884 quod
1309 827 1417 868 mihi
1448 842 1527 883 op—

98 903 247 944 ponas,‚
269 888 399 930 horno
421 888 590 938 diserte,
615 898 661 928 ut
684 887 900 929 Mustellae
921 887 1112 928 Tamisio
1141 894 1184 927 et
1203 884 1352 926 Tironi
1371 884 1528 925 Numi-

99 946 162 987 sio
185 946 364 987 videris?
395 945 468 1000 qui
504 959 601 985 cum
627 944 760 986 lsshoc
782 945 876 1000 ipso
897 954 1090 1001 tempore
1111 952 1225 984 stent
1253 956 1351 983 cum
1373 940 1530 996 gladiis

99 1002 142 1042 in
176 1011 410 1058 conspectu
443 1011 627 1053 senatus,
646 1016 728 1058 ego
760 1016 932 1058 quoque
965 1010 1007 1043 te
1038 1001 1242 1042 disertum
1276 1000 1455 1055 putabo,
1492 997 1527 1038 si

97 1060 345 1109 ostenderis,
367 1059 585 1114 quomodo
607 1060 663 1099 sis
694 1073 768 1100 eos
791 1060 900 1100 inter
920 1058 1095 1100 sicarios
1116 1057 1382 1099 defensurus.
1442 1055 1528 1096 Sed

101 1116 204 1171 quid
227 1131 420 1173 opponas
454 1116 642 1166 tandem,
671 1117 705 1156 si
729 1130 898 1171 negem,
920 1130 989 1156 me
1011 1129 1214 1170 umquam
1239 1114 1340 1154 istas
1362 1113 1525 1154 litteras

94 1173 148 1214 ad
187 1182 228 1214 te
260 1174 452 1215 misisse?
495 1177 530 1207 ¹9
546 1188 633 1228 quo
670 1187 738 1213 me
771 1183 878 1214 teste
911 1173 1170 1214 convincas?
1213 1186 1263 1212 an
1304 1170 1525 1225 chirogra-

95 1230 211 1285 pho?
251 1234 291 1263 ‘20
306 1231 348 1271 in
369 1245 455 1285 quo
476 1230 608 1271 habes
630 1230 853 1271 scientiam
874 1239 1178 1285 quaestuosam.
1249 1227 1338 1274 Qui
1360 1227 1526 1284 possis?

95 1299 194 1328 sunt
223 1288 339 1329 enim
371 1287 531 1328 librarii
565 1302 708 1328 manu.
766 1287 865 1330 Jam
900 1287 1071 1328 invideo
1101 1285 1308 1342 magistro
1337 1292 1430 1335 tuo,
1451 1284 1527 1339 qui

96 1355 137 1385 te
160 1355 280 1386 tanta
299 1345 507 1395 mercede,
525 1355 728 1400 quantam
739 1344 830 1400 jam
852 1344 1080 1400 proferam,
1101 1346 1138 1375 ⁶21
1155 1342 1263 1384 nihil
1279 1355 1426 1397 sapere
1446 1341 1524 1382 do-

91 1403 196 1444 cuit.
258 1402 376 1449 Quid
397 1402 510 1442 enim
533 1413 596 1442 est
619 1402 758 1442 minus
781 1417 866 1443 non
888 1402 986 1443 dico
1008 1400 1203 1450 oratoris,
1225 1400 1298 1440 sed
1318 1398 1563 1448 llomissis,9

93 1474 218 1514 quam
242 1459 283 1500 id
309 1459 499 1514 objicere
520 1459 775 1510 adversario,
793 1459 906 1515 quod
932 1459 1001 1500 ille
1022 1459 1055 1500 si
1077 1459 1207 1499 verbo
1230 1457 1411 1512 negarit,
1430 1456 1538 1511 lon-V

93 1517 190 1572 gius
213 1517 410 1573 progredi
436 1531 519 1557 non
539 1517 687 1572 possit,
710 1517 782 1571 qui
801 1516 1037 1571 objecerit?
1095 1514 1157 1556 At
1174 1529 1257 1571 ego
1274 1529 1360 1555 non
1384 1528 1520 1569 nego:

92 1585 220 1629 teque
246 1574 288 1615 in
314 1574 396 1614 isto
425 1573 518 1629 ipso
542 1575 769 1625 convinco,
797 1588 885 1615 non
919 1573 1245 1614 inhumanitatis
1273 1572 1424 1621 solum,
1448 1572 1523 1611 sed

87 1631 219 1671 etiam
240 1631 454 1672 amentiae.
507 1631 635 1678 Quod
658 1631 773 1671 enim
796 1631 970 1672 verbum
995 1631 1037 1671 in
1063 1631 1155 1671 istis
1176 1630 1329 1671 litteris
1348 1638 1412 1668 est
1433 1642 1522 1669 non

88 1686 263 1743 plenum
305 1688 598 1738 humanitatis,
641 1688 788 1739 officii,
831 1687 1162 1730 benivolentiae?
1207 1700 1334 1727 omne
1375 1694 1519 1725 autem

87 1745 250 1785 crimen
273 1754 395 1786 tuum
425 1756 502 1794 est,
525 1745 639 1800 quod
662 1745 713 1785 de
741 1754 782 1786 te
805 1745 846 1786 in
867 1745 935 1786 his
958 1745 1109 1786 litteris
1129 1759 1214 1785 non
1239 1743 1349 1784 male
1368 1743 1519 1783 existi-

88 1815 227 1843 mem:
259 1803 374 1857 quod
395 1803 577 1844 scribam
603 1812 819 1858 tamquam
850 1803 901 1843 ad
925 1803 1083 1853 civem,
1113 1812 1331 1856 tamquam
1355 1799 1407 1839 ad
1444 1800 1521 1840 bo-

86 1872 192 1899 num
218 1859 380 1911 virum3
433 1875 518 1900 non
553 1870 773 1914 tamquam
809 1860 863 1901 ad
904 1861 1171 1910 sceleratum,
1210 1868 1255 1900 et
1294 1857 1519 1898 latronem.

86 1914 148 1956 At
168 1930 251 1973 ego
273 1925 365 1957 tuas
387 1916 563 1967 litteras,
584 1918 663 1957 etsi
678 1917 778 1972 jure
799 1926 993 1973 poteram
1014 1933 1040 1958 a
1057 1927 1100 1958 te
1117 1915 1351 1966 lacessitus,
1375 1922 1519 1954 tamen

86 1986 174 2014 non
195 1973 409 2029 proferam
428 1991 436 2015 :
469 1975 624 2029 quibus
647 1974 772 2030 petis,
794 1984 843 2015 ut
866 1974 946 2016 tibi
971 1989 1046 2031 per
1068 1988 1135 2015 me
1155 1973 1283 2014 liceat
1304 1972 1519 2027 quendam

130 2104 167 2133 15
188 2107 348 2141 quantum
371 2115 392 2136 a
414 2115 465 2136 me
485 2104 588 2144 benef.
604 2110 676 2136 tum
689 2105 773 2145 aea]

86 2142 160 2186 Hoc
187 2144 260 2175 loco
284 2147 364 2177 Mss.
391 2148 508 2188 optimi
536 2149 637 2178 etiam
664 2148 775 2179 Guelf-

84 2186 209 2217 habent
233 2192 317 2226 tum,
343 2199 411 2220 non
439 2194 513 2230 post
537 2194 710 2230 quantum,
735 2196 776 2221 ut

82 2229 155 2260 edd.
182 2228 357 2270 pleraeque.
401 2232 521 2263 Melius
548 2239 661 2264 tamen
689 2238 776 2264 esset

83 2276 162 2302 aute
177 2272 375 2312 beneficium.

129 2314 167 2344 16
188 2324 288 2354 quam
310 2318 416 2346 multa
429 2315 526 2356 joca]
550 2313 630 2347 Mss.
647 2321 681 2347 et
703 2315 776 2348 edd.

83 2363 133 2395 pr.
150 2355 274 2405 habent
288 2359 368 2395 loca,
384 2364 423 2389 ut
436 2363 470 2389 et
484 2359 549 2390 Gu.
590 2358 675 2390 ‹Joca
695 2364 746 2390 est
760 2369 778 2390 e

85 2404 287 2429 correctione
301 2410 387 2431 vera.
624 2407 627 2410 '

129 2442 165 2474 17
180 2440 291 2480 inepta
303 2453 368 2473 esse
381 2442 569 2483 videantur]
586 2442 701 2474 Delevi
714 2453 779 2474 esse

84 2490 161 2512 eum
177 2482 317 2521 Graevio,
332 2485 416 2524 qnod
437 2490 472 2516 et
494 2486 566 2516 aliis
589 2485 669 2517 Mss.
687 2486 778 2516 Leid.

82 2528 119 2554 et
133 2524 196 2554 Gn.
210 2525 311 2557 abest.

132 2568 168 2597 18
192 2567 248 2597 hoc
261 2569 328 2608 ipso
346 2568 500 2609 tempore]
527 2569 607 2600 Mss.
623 2570 690 2601 fere
703 2572 776 2607 isto,

82 2607 172 2646 quod
205 2610 307 2640 miror
338 2611 529 2649 quibusdam
564 2613 639 2642 viris
672 2612 776 2643 doctis

83 2647 255 2697 placuisse,
285 2661 375 2682 secus
407 2658 458 2683 est
487 2663 564 2684 mox
594 2659 625 2685 te
653 2656 689 2686 in
718 2657 776 2686 isto

81 2701 161 2731 npso.

129 2735 166 2768 19
187 2743 247 2773 quo
261 2744 313 2765 me
328 2740 406 2767 teste
426 2738 609 2778 convincas]
640 2738 774 2770 Com-in-

80 2784 137 2806 cas
149 2775 309 2807 desiderat
324 2779 507 2818 praecedens
520 2790 674 2820 omanus:
688 2781 775 2819 quod

77 2822 116 2847 et
130 2817 164 2847 in
179 2817 268 2848 libris
282 2821 450 2851 nonnullis
466 2828 631 2862 repertum
646 2823 774 2853 edidere

81 2857 246 2898 Muretus,
283 2861 440 2900 Faernus,
477 2863 594 2896 Lamb.
626 2865 773 2896 Granius

817 2116 876 2148 pro
893 2115 1036 2147 oppones.

860 2151 902 2181 ΞΟ
924 2151 959 2180 in
977 2146 1309 2189 quo—quaestuosam]
1335 2146 1517 2187 Falsarium

817 2191 897 2222 facit
910 2190 1106 2227 Antonium,
1120 2190 1176 2229 qui
1190 2190 1329 2220 aliorum
1349 2189 1517 2229 ehirogra-

817 2232 883 2274 pha
895 2234 1045 2264 imitatus
1060 2233 1115 2269 sit,
1129 2237 1273 2272 quaesrus
1287 2240 1411 2262 caussa.
1434 2231 1514 2262 Mox

820 2285 880 2315 pro
895 2276 1024 2306 librar-ii
1039 2275 1199 2305 Gruterus
1221 2279 1256 2304 et
1277 2273 1424 2304 Graevius
1446 2284 1516 2304 ma-

820 2317 885 2349 lint
899 2319 1018 2355 liberst,
1032 2318 1108 2357 quia
1121 2317 1157 2347 in
1179 2315 1347 2347 nonnullis
1370 2316 1451 2347 Mss.
1465 2321 1517 2347 est

821 2361 935 2398 libera,
957 2366 996 2391 ut
1018 2367 1053 2391 et
1074 2360 1109 2390 in
1131 2360 1194 2391 Gu.
1223 2359 1275 2389 vel
1301 2360 1408 2389 libere.
1455 2358 1516 2388 Li-

821 2403 925 2433 brarii
950 2413 1063 2433 verum
1091 2407 1152 2432 est.
1199 2401 1339 2432 LibrarIi
1367 2404 1447 2431 sunt
1475 2399 1516 2430 li-

819 2444 925 2475 berti:
949 2452 983 2476 et
1007 2445 1146 2476 librariis
1171 2444 1212 2475 ad
1234 2444 1418 2474 scribendas
1446 2443 1516 2483 epi-

819 2487 920 2518 stolas
935 2492 1013 2518 sunt
1028 2489 1090 2518 usi.
1420 2504 1425 2507 ⁴

862 2533 899 2560 21
925 2532 1010 2561 nihil
1029 2539 1142 2571 sapere
1169 2528 1291 2568 docuit]
1320 2528 1443 2559 Docuit
1465 2532 1515 2557 et-

818 2571 884 2602 iam
912 2572 977 2603 ΜΞ.
1006 2573 1046 2603 G.
1078 2572 1121 2602 H.
1148 2572 1258 2603 habet.
1304 2571 1409 2602 Miror
1437 2570 1514 2600 viris

818 2614 922 2645 doctis
940 2615 1133 2654 quibusdam
1154 2614 1314 2654 placuisse
1336 2614 1514 2643 lectionem

823 2657 936 2697 (etiarn
961 2662 1123 2697 receptam
1141 2668 1160 2688 a
1175 2656 1318 2692 Graexio)
1337 2655 1417 2685 Mss.
1433 2664 1514 2694 quo-

818 2699 957 2729 rundam
994 2700 1116 2736 docent,
1150 2709 1224 2729 eum
1260 2699 1304 2727 sit
1338 2707 1444 2727 sermo
1474 2697 1514 2727 de

816 2743 994 2780 praeterito.
1011 2751 1088 2771 nam
1111 2743 1175 2777 iam
1195 2740 1310 2770 doctus
1324 2745 1394 2772 erat
1409 2750 1428 2770 a
1444 2749 1513 2769 ma-

816 2782 932 2854 gistro,
947 2793 1022 2815 cum
1036 2783 1117 2814 illud
1132 2783 1226 2818 dixit,
1240 2782 1326 2823 quod
1341 2782 1514 2822 reprehen-

840 2830 916 2855 itur.

737 2914 873 2951 ‘ise
