<?xml version="1.0" encoding="UTF-8"?>
<!DOCTYPE html PUBLIC "-//W3C//DTD XHTML 1.0 Transitional//EN"
    "http://www.w3.org/TR/xhtml1/DTD/xhtml1-transitional.dtd">
<html xmlns="http://www.w3.org/1999/xhtml" xml:lang="en" lang="en">
 <head>
  <title>
</title>
<meta http-equiv="Content-Type" content="text/html;charset=utf-8" />
  <meta name='ocr-system' content='tesseract 3.04.00' />
  <meta name='ocr-capabilities' content='ocr_page ocr_carea ocr_par ocr_line ocrx_word'/>
</head>
<body>
  <div class='ocr_page' id='page_1' title='image "./p2operaomnia02ciceuoft_0379.png"; bbox 0 0 1817 3169; ppageno 0'>
   <div class='ocr_carea' id='block_1_1' title="bbox 411 110 1518 155">
    <p class='ocr_par' dir='ltr' id='par_1_1' title="bbox 411 110 1518 155">
     <span class='ocr_line' id='line_1_1' title="bbox 411 110 1518 155; baseline 0.001 -6"><span class='ocrx_word' id='word_1_1' title='bbox 411 111 530 150; x_wconf 85' lang='lat' dir='ltr'>PRO</span> <span class='ocrx_word' id='word_1_2' title='bbox 562 111 607 150; x_wconf 93' lang='lat' dir='ltr'>L.</span> <span class='ocrx_word' id='word_1_3' title='bbox 636 110 950 149; x_wconf 84' lang='lat' dir='ltr'>CORNELIO</span> <span class='ocrx_word' id='word_1_4' title='bbox 977 110 1189 150; x_wconf 83' lang='lat' dir='ltr'><strong>BALBO.</strong></span> <span class='ocrx_word' id='word_1_5' title='bbox 1420 115 1518 155; x_wconf 80' lang='lat'>1095</span> 
     </span>
    </p>
   </div>
   <div class='ocr_carea' id='block_1_2' title="bbox 82 213 1637 1586">
    <p class='ocr_par' dir='ltr' id='par_1_2' title="bbox 82 213 1637 1586">
     <span class='ocr_line' id='line_1_2' title="bbox 82 213 1522 278; baseline 0 -20"><span class='ocrx_word' id='word_1_6' title='bbox 82 213 354 278; x_wconf 78' lang='lat' dir='ltr'>populorum,</span> <span class='ocrx_word' id='word_1_7' title='bbox 376 229 541 272; x_wconf 86' lang='lat' dir='ltr'>regum,</span> <span class='ocrx_word' id='word_1_8' title='bbox 563 223 807 256; x_wconf 87' lang='lat' dir='ltr'>exterarum</span> <span class='ocrx_word' id='word_1_9' title='bbox 837 214 1077 265; x_wconf 86' lang='lat' dir='ltr'>nationum,</span> <span class='ocrx_word' id='word_1_10' title='bbox 1101 215 1144 255; x_wconf 90' lang='lat' dir='ltr'>in</span> <span class='ocrx_word' id='word_1_11' title='bbox 1176 215 1376 266; x_wconf 84' lang='lat' dir='ltr'>universo</span> <span class='ocrx_word' id='word_1_12' title='bbox 1399 215 1522 258; x_wconf 84' lang='lat' dir='ltr'>deni-</span> 
     </span>
     <span class='ocr_line' id='line_1_3' title="bbox 83 271 1522 328; baseline 0.001 -14"><span class='ocrx_word' id='word_1_13' title='bbox 83 286 166 327; x_wconf 90' lang='lat' dir='ltr'>que</span> <span class='ocrx_word' id='word_1_14' title='bbox 191 271 286 312; x_wconf 89' lang='lat' dir='ltr'>belli</span> <span class='ocrx_word' id='word_1_15' title='bbox 314 287 413 327; x_wconf 86' lang='lat' dir='ltr'>Jure</span> <span class='ocrx_word' id='word_1_16' title='bbox 435 287 484 314; x_wconf 81' lang='lat' dir='ltr'>ac</span> <span class='ocrx_word' id='word_1_17' title='bbox 507 273 639 328; x_wconf 83' lang='lat' dir='ltr'>pacis.</span> <span class='ocrx_word' id='word_1_18' title='bbox 670 272 751 313; x_wconf 91' lang='lat' dir='ltr'>nisi</span> <span class='ocrx_word' id='word_1_19' title='bbox 783 271 909 321; x_wconf 89' lang='lat' dir='ltr'>forte,</span> <span class='ocrx_word' id='word_1_20' title='bbox 931 285 1028 326; x_wconf 89' lang='lat' dir='ltr'>quae</span> <span class='ocrx_word' id='word_1_21' title='bbox 1062 285 1138 312; x_wconf 89' lang='lat' dir='ltr'>nos</span> <span class='ocrx_word' id='word_1_22' title='bbox 1166 271 1262 312; x_wconf 83' lang='lat' dir='ltr'>libii</span> <span class='ocrx_word' id='word_1_23' title='bbox 1286 272 1444 313; x_wconf 87' lang='lat' dir='ltr'>docent</span> <span class='ocrx_word' id='word_1_24' title='bbox 1476 274 1522 315; x_wconf 90' lang='lat' dir='ltr'>in</span> 
     </span>
     <span class='ocr_line' id='line_1_4' title="bbox 84 328 1521 385; baseline 0.001 -16"><span class='ocrx_word' id='word_1_25' title='bbox 84 329 236 370; x_wconf 83' lang='lat' dir='ltr'>umbra</span> <span class='ocrx_word' id='word_1_26' title='bbox 257 339 299 370; x_wconf 90' lang='lat' dir='ltr'>et</span> <span class='ocrx_word' id='word_1_27' title='bbox 321 330 446 381; x_wconf 92' lang='lat' dir='ltr'>otio,</span> <span class='ocrx_word' id='word_1_28' title='bbox 447 344 498 371; x_wconf 82' lang='lat' dir='ltr'>ea</span> <span class='ocrx_word' id='word_1_29' title='bbox 520 329 602 371; x_wconf 90' lang='lat' dir='ltr'>Cn.</span> <span class='ocrx_word' id='word_1_30' title='bbox 628 328 899 385; x_wconf 89' lang='lat' dir='ltr'>Pompeium,</span> <span class='ocrx_word' id='word_1_31' title='bbox 921 342 1059 383; x_wconf 90' lang='lat' dir='ltr'>neque</span> <span class='ocrx_word' id='word_1_32' title='bbox 1090 342 1189 369; x_wconf 91' lang='lat' dir='ltr'>cum</span> <span class='ocrx_word' id='word_1_33' title='bbox 1222 330 1521 383; x_wconf 78' lang='lat' dir='ltr'>lequiesceret‚</span> 
     </span>
     <span class='ocr_line' id='line_1_5' title="bbox 84 385 1521 442; baseline 0.001 -16"><span class='ocrx_word' id='word_1_34' title='bbox 84 385 255 436; x_wconf 84' lang='lat' dir='ltr'>litterae,</span> <span class='ocrx_word' id='word_1_35' title='bbox 278 401 429 441; x_wconf 91' lang='lat' dir='ltr'>neque,</span> <span class='ocrx_word' id='word_1_36' title='bbox 451 401 548 428; x_wconf 88' lang='lat' dir='ltr'>cum</span> <span class='ocrx_word' id='word_1_37' title='bbox 573 401 660 427; x_wconf 90' lang='lat' dir='ltr'>rem</span> <span class='ocrx_word' id='word_1_38' title='bbox 683 394 863 442; x_wconf 84' lang='lat' dir='ltr'>gereret</span> <span class='ocrx_word' id='word_1_39' title='bbox 881 400 946 426; x_wconf 88' lang='lat' dir='ltr'>res</span> <span class='ocrx_word' id='word_1_40' title='bbox 968 385 1072 440; x_wconf 84' lang='lat' dir='ltr'>ipsae</span> <span class='ocrx_word' id='word_1_41' title='bbox 1096 385 1249 426; x_wconf 87' lang='lat' dir='ltr'>docere</span> <span class='ocrx_word' id='word_1_42' title='bbox 1273 396 1521 441; x_wconf 87' lang='lat' dir='ltr'>potuerunt.</span> 
     </span>
     <span class='ocr_line' id='line_1_6' title="bbox 84 442 1521 507; baseline 0.001 -24"><span class='ocrx_word' id='word_1_43' title='bbox 84 445 125 473; x_wconf 76' lang='lat'>34</span> <span class='ocrx_word' id='word_1_44' title='bbox 139 442 300 498; x_wconf 86' lang='lat' dir='ltr'>Atque,</span> <span class='ocrx_word' id='word_1_45' title='bbox 333 455 378 484; x_wconf 88' lang='lat' dir='ltr'>ut</span> <span class='ocrx_word' id='word_1_46' title='bbox 405 458 487 500; x_wconf 87' lang='lat' dir='ltr'>ego</span> <span class='ocrx_word' id='word_1_47' title='bbox 525 444 678 507; x_wconf 84' lang='lat' dir='ltr'>sentio,</span> <span class='ocrx_word' id='word_1_48' title='bbox 704 443 889 497; x_wconf 85' lang='lat' dir='ltr'>judices,</span> <span class='ocrx_word' id='word_1_49' title='bbox 912 457 1040 483; x_wconf 81' lang='lat' dir='ltr'>causa</span> <span class='ocrx_word' id='word_1_50' title='bbox 1069 443 1186 483; x_wconf 88' lang='lat' dir='ltr'>dicta</span> <span class='ocrx_word' id='word_1_51' title='bbox 1215 453 1280 483; x_wconf 87' lang='lat' dir='ltr'>est</span> <span class='ocrx_word' id='word_1_52' title='bbox 1316 444 1521 498; x_wconf 85' lang='lat' dir='ltr'>temporis</span> 
     </span>
     <span class='ocr_line' id='line_1_7' title="bbox 82 498 1521 556; baseline 0.001 -18"><span class='ocrx_word' id='word_1_53' title='bbox 82 500 238 554; x_wconf 82' lang='lat' dir='ltr'>magis.</span> <span class='ocrx_word' id='word_1_54' title='bbox 257 514 340 556; x_wconf 85' lang='lat' dir='ltr'>ego</span> <span class='ocrx_word' id='word_1_55' title='bbox 363 515 447 542; x_wconf 90' lang='lat' dir='ltr'>non</span> <span class='ocrx_word' id='word_1_56' title='bbox 471 501 647 556; x_wconf 84' lang='lat' dir='ltr'>hujus,</span> <span class='ocrx_word' id='word_1_57' title='bbox 639 515 830 556; x_wconf 85' lang='lat' dir='ltr'>inquam,</span> <span class='ocrx_word' id='word_1_58' title='bbox 862 513 1016 556; x_wconf 83' lang='lat' dir='ltr'>genere</span> <span class='ocrx_word' id='word_1_59' title='bbox 1040 498 1198 554; x_wconf 85' lang='lat' dir='ltr'>judicii</span> <span class='ocrx_word' id='word_1_60' title='bbox 1222 499 1344 555; x_wconf 85' lang='lat' dir='ltr'>plura</span> <span class='ocrx_word' id='word_1_61' title='bbox 1365 500 1521 541; x_wconf 81' lang='lat' dir='ltr'>dicam.</span> 
     </span>
     <span class='ocr_line' id='line_1_8' title="bbox 83 555 1523 612; baseline -0.001 -15"><span class='ocrx_word' id='word_1_62' title='bbox 83 558 124 587; x_wconf 82' lang='lat'>35</span> <span class='ocrx_word' id='word_1_63' title='bbox 140 555 218 597; x_wconf 83' lang='lat' dir='ltr'>Est</span> <span class='ocrx_word' id='word_1_64' title='bbox 239 558 353 598; x_wconf 86' lang='lat' dir='ltr'>enim</span> <span class='ocrx_word' id='word_1_65' title='bbox 372 558 468 599; x_wconf 87' lang='lat' dir='ltr'>haec</span> <span class='ocrx_word' id='word_1_66' title='bbox 490 558 618 600; x_wconf 87' lang='lat' dir='ltr'>seculi</span> <span class='ocrx_word' id='word_1_67' title='bbox 651 557 765 599; x_wconf 86' lang='lat' dir='ltr'>labes</span> <span class='ocrx_word' id='word_1_68' title='bbox 786 557 984 612; x_wconf 86' lang='lat' dir='ltr'>quaedam</span> <span class='ocrx_word' id='word_1_69' title='bbox 1007 567 1050 597; x_wconf 91' lang='lat' dir='ltr'>et</span> <span class='ocrx_word' id='word_1_70' title='bbox 1072 556 1252 606; x_wconf 85' lang='lat' dir='ltr'>macula,</span> <span class='ocrx_word' id='word_1_71' title='bbox 1276 556 1423 596; x_wconf 88' lang='lat' dir='ltr'>virtuti</span> <span class='ocrx_word' id='word_1_72' title='bbox 1458 556 1523 597; x_wconf 90' lang='lat' dir='ltr'>in-</span> 
     </span>
     <span class='ocr_line' id='line_1_9' title="bbox 84 612 1586 672; baseline 0.002 -19"><span class='ocrx_word' id='word_1_73' title='bbox 84 613 244 665; x_wconf 87' lang='lat' dir='ltr'>videre,</span> <span class='ocrx_word' id='word_1_74' title='bbox 266 614 402 655; x_wconf 89' lang='lat' dir='ltr'>velle</span> <span class='ocrx_word' id='word_1_75' title='bbox 394 630 533 672; x_wconf 84' lang='lat' dir='ltr'>ipsum</span> <span class='ocrx_word' id='word_1_76' title='bbox 556 618 597 647; x_wconf 79' lang='grc'>36</span> <span class='ocrx_word' id='word_1_77' title='bbox 611 615 759 656; x_wconf 88' lang='lat' dir='ltr'>florem</span> <span class='ocrx_word' id='word_1_78' title='bbox 778 614 1004 671; x_wconf 83' lang='lat' dir='ltr'>dignitatis</span> <span class='ocrx_word' id='word_1_79' title='bbox 1024 613 1272 670; x_wconf 85' lang='lat' dir='ltr'>infringere.</span> <span class='ocrx_word' id='word_1_80' title='bbox 1334 612 1521 664; x_wconf 81' lang='lat' dir='ltr'>Etenim,</span> <span class='ocrx_word' id='word_1_81' title='bbox 1540 622 1586 656; x_wconf 87' lang='lat'>16</span> 
     </span>
     <span class='ocr_line' id='line_1_10' title="bbox 85 669 1524 735; baseline 0.001 -25"><span class='ocrx_word' id='word_1_82' title='bbox 85 670 118 710; x_wconf 83' lang='lat' dir='ltr'>si</span> <span class='ocrx_word' id='word_1_83' title='bbox 145 669 227 713; x_wconf 90' lang='lat' dir='ltr'>Cn.</span> <span class='ocrx_word' id='word_1_84' title='bbox 252 671 484 727; x_wconf 86' lang='lat' dir='ltr'>Pompeius</span> <span class='ocrx_word' id='word_1_85' title='bbox 517 672 675 713; x_wconf 82' lang='lat' dir='ltr'>abhinc</span> <span class='ocrx_word' id='word_1_86' title='bbox 697 687 830 713; x_wconf 81' lang='lat' dir='ltr'>annos</span> <span class='ocrx_word' id='word_1_87' title='bbox 861 672 1122 735; x_wconf 76' lang='lat' dir='ltr'>quingentos</span> <span class='ocrx_word' id='word_1_88' title='bbox 1153 671 1318 721; x_wconf 80' lang='lat' dir='ltr'>fuisset,</span> <span class='ocrx_word' id='word_1_89' title='bbox 1341 671 1374 711; x_wconf 88' lang='lat' dir='ltr'>is</span> <span class='ocrx_word' id='word_1_90' title='bbox 1398 671 1477 721; x_wconf 87' lang='lat' dir='ltr'>vir,</span> <span class='ocrx_word' id='word_1_91' title='bbox 1498 686 1524 712; x_wconf 87' lang='lat' dir='ltr'>a</span> 
     </span>
     <span class='ocr_line' id='line_1_11' title="bbox 84 727 1523 792; baseline 0 -24"><span class='ocrx_word' id='word_1_92' title='bbox 84 742 170 782; x_wconf 91' lang='lat' dir='ltr'>quo</span> <span class='ocrx_word' id='word_1_93' title='bbox 201 739 371 769; x_wconf 84' lang='lat' dir='ltr'>senatus</span> <span class='ocrx_word' id='word_1_94' title='bbox 401 729 718 770; x_wconf 82' lang='lat' dir='ltr'>adolescentulo</span> <span class='ocrx_word' id='word_1_95' title='bbox 745 732 781 764; x_wconf 81' lang='lat'>37</span> <span class='ocrx_word' id='word_1_96' title='bbox 799 741 927 792; x_wconf 84' lang='lat' dir='ltr'>atque</span> <span class='ocrx_word' id='word_1_97' title='bbox 957 728 1107 791; x_wconf 37' lang='lat' dir='ltr'>equite·</span> <span class='ocrx_word' id='word_1_98' title='bbox 1132 727 1279 782; x_wconf 91' lang='lat' dir='ltr'>[Rom</span> <span class='ocrx_word' id='word_1_99' title='bbox 1272 728 1374 781; x_wconf 70' lang='lat' dir='ltr'>ino]</span> <span class='ocrx_word' id='word_1_100' title='bbox 1407 742 1523 784; x_wconf 86' lang='lat' dir='ltr'>saepe</span> 
     </span>
     <span class='ocr_line' id='line_1_12' title="bbox 85 785 1525 850; baseline 0 -24"><span class='ocrx_word' id='word_1_101' title='bbox 85 787 326 826; x_wconf 88' lang='lat' dir='ltr'>communis</span> <span class='ocrx_word' id='word_1_102' title='bbox 349 786 495 827; x_wconf 83' lang='lat' dir='ltr'>salutis</span> <span class='ocrx_word' id='word_1_103' title='bbox 518 786 649 828; x_wconf 81' lang='lat' dir='ltr'>auxili</span> <span class='ocrx_word' id='word_1_104' title='bbox 642 801 725 826; x_wconf 86' lang='lat' dir='ltr'>·um</span> <span class='ocrx_word' id='word_1_105' title='bbox 749 785 1008 850; x_wconf 81' lang='lat' dir='ltr'>expetisset:</span> <span class='ocrx_word' id='word_1_106' title='bbox 1040 800 1164 841; x_wconf 87' lang='lat' dir='ltr'>euJus</span> <span class='ocrx_word' id='word_1_107' title='bbox 1187 799 1251 826; x_wconf 87' lang='lat' dir='ltr'>res</span> <span class='ocrx_word' id='word_1_108' title='bbox 1273 795 1406 841; x_wconf 86' lang='lat' dir='ltr'>gestae</span> <span class='ocrx_word' id='word_1_109' title='bbox 1430 799 1525 826; x_wconf 89' lang='lat' dir='ltr'>om-</span> 
     </span>
     <span class='ocr_line' id='line_1_13' title="bbox 84 843 1527 906; baseline 0.001 -25"><span class='ocrx_word' id='word_1_110' title='bbox 84 856 158 882; x_wconf 85' lang='lat' dir='ltr'>nes</span> <span class='ocrx_word' id='word_1_111' title='bbox 182 854 345 906; x_wconf 82' lang='lat' dir='ltr'>gentes,</span> <span class='ocrx_word' id='word_1_112' title='bbox 368 858 465 884; x_wconf 88' lang='lat' dir='ltr'>cum</span> <span class='ocrx_word' id='word_1_113' title='bbox 490 843 723 884; x_wconf 83' lang='lat' dir='ltr'>clarissima</span> <span class='ocrx_word' id='word_1_114' title='bbox 741 843 937 894; x_wconf 87' lang='lat' dir='ltr'>victoria,</span> <span class='ocrx_word' id='word_1_115' title='bbox 957 852 1069 884; x_wconf 86' lang='lat' dir='ltr'>terra</span> <span class='ocrx_word' id='word_1_116' title='bbox 1086 843 1280 897; x_wconf 84' lang='lat' dir='ltr'>marique</span> <span class='ocrx_word' id='word_1_117' title='bbox 1302 856 1527 898; x_wconf 83' lang='lat' dir='ltr'>peragras-</span> 
     </span>
     <span class='ocr_line' id='line_1_14' title="bbox 87 899 1526 964; baseline 0.001 -25"><span class='ocrx_word' id='word_1_118' title='bbox 87 909 205 940; x_wconf 79' lang='lat' dir='ltr'>sent:</span> <span class='ocrx_word' id='word_1_119' title='bbox 237 899 362 954; x_wconf 83' lang='lat' dir='ltr'>eujus</span> <span class='ocrx_word' id='word_1_120' title='bbox 385 910 467 941; x_wconf 83' lang='lat' dir='ltr'>tres</span> <span class='ocrx_word' id='word_1_121' title='bbox 495 900 703 964; x_wconf 87' lang='lat' dir='ltr'>triumphi</span> <span class='ocrx_word' id='word_1_122' title='bbox 727 910 854 940; x_wconf 85' lang='lat' dir='ltr'>testes</span> <span class='ocrx_word' id='word_1_123' title='bbox 877 909 1032 951; x_wconf 81' lang='lat' dir='ltr'>essent,</span> <span class='ocrx_word' id='word_1_124' title='bbox 1055 909 1196 941; x_wconf 88' lang='lat' dir='ltr'>totum</span> <span class='ocrx_word' id='word_1_125' title='bbox 1220 900 1367 940; x_wconf 90' lang='lat' dir='ltr'>orbem</span> <span class='ocrx_word' id='word_1_126' title='bbox 1393 908 1526 940; x_wconf 82' lang='lat' dir='ltr'>terra·</span> 
     </span>
     <span class='ocr_line' id='line_1_15' title="bbox 86 956 1527 1013; baseline 0.001 -18"><span class='ocrx_word' id='word_1_127' title='bbox 86 970 177 996; x_wconf 87' lang='lat' dir='ltr'>rum</span> <span class='ocrx_word' id='word_1_128' title='bbox 203 968 348 997; x_wconf 85' lang='lat' dir='ltr'>nostro</span> <span class='ocrx_word' id='word_1_129' title='bbox 370 957 550 1013; x_wconf 86' lang='lat' dir='ltr'>imperio</span> <span class='ocrx_word' id='word_1_130' title='bbox 575 957 732 999; x_wconf 88' lang='lat' dir='ltr'>teneri·</span> <span class='ocrx_word' id='word_1_131' title='bbox 765 972 893 1012; x_wconf 88' lang='lat' dir='ltr'>quem</span> <span class='ocrx_word' id='word_1_132' title='bbox 915 957 1099 1013; x_wconf 87' lang='lat' dir='ltr'>populus</span> <span class='ocrx_word' id='word_1_133' title='bbox 1123 956 1345 998; x_wconf 81' lang='lat' dir='ltr'>Romanus</span> <span class='ocrx_word' id='word_1_134' title='bbox 1378 956 1527 1012; x_wconf 87' lang='lat' dir='ltr'>singu·</span> 
     </span>
     <span class='ocr_line' id='line_1_16' title="bbox 85 1011 1526 1070; baseline 0.001 -17"><span class='ocrx_word' id='word_1_135' title='bbox 85 1011 244 1054; x_wconf 84' lang='lat' dir='ltr'>laribus</span> <span class='ocrx_word' id='word_1_136' title='bbox 267 1013 501 1056; x_wconf 88' lang='lat' dir='ltr'>honoribus</span> <span class='ocrx_word' id='word_1_137' title='bbox 524 1015 790 1056; x_wconf 73' lang='lat' dir='ltr'>decorasset:</span> <span class='ocrx_word' id='word_1_138' title='bbox 825 1014 858 1055; x_wconf 90' lang='lat' dir='ltr'>si</span> <span class='ocrx_word' id='word_1_139' title='bbox 881 1029 996 1055; x_wconf 89' lang='lat' dir='ltr'>nunc</span> <span class='ocrx_word' id='word_1_140' title='bbox 1017 1015 1131 1070; x_wconf 86' lang='lat' dir='ltr'>apud</span> <span class='ocrx_word' id='word_1_141' title='bbox 1155 1029 1246 1064; x_wconf 88' lang='lat' dir='ltr'>vos,</span> <span class='ocrx_word' id='word_1_142' title='bbox 1267 1013 1325 1064; x_wconf 87' lang='lat' dir='ltr'>id,</span> <span class='ocrx_word' id='word_1_143' title='bbox 1346 1014 1462 1068; x_wconf 91' lang='lat' dir='ltr'>quod</span> <span class='ocrx_word' id='word_1_144' title='bbox 1491 1013 1526 1054; x_wconf 91' lang='lat' dir='ltr'>is</span> 
     </span>
     <span class='ocr_line' id='line_1_17' title="bbox 86 1068 1527 1126; baseline 0.001 -16"><span class='ocrx_word' id='word_1_145' title='bbox 86 1068 272 1121; x_wconf 79' lang='lat' dir='ltr'>fecisset,</span> <span class='ocrx_word' id='word_1_146' title='bbox 294 1080 442 1112; x_wconf 87' lang='lat' dir='ltr'>contra</span> <span class='ocrx_word' id='word_1_147' title='bbox 465 1071 608 1112; x_wconf 90' lang='lat' dir='ltr'>foedus</span> <span class='ocrx_word' id='word_1_148' title='bbox 632 1072 795 1113; x_wconf 71' lang='lat' dir='ltr'>fictum</span> <span class='ocrx_word' id='word_1_149' title='bbox 818 1072 1044 1122; x_wconf 88' lang='lat' dir='ltr'>diceretur,</span> <span class='ocrx_word' id='word_1_150' title='bbox 1063 1073 1157 1126; x_wconf 90' lang='lat' dir='ltr'>quis</span> <span class='ocrx_word' id='word_1_151' title='bbox 1181 1071 1375 1113; x_wconf 83' lang='lat' dir='ltr'>audiret?</span> <span class='ocrx_word' id='word_1_152' title='bbox 1398 1085 1527 1112; x_wconf 87' lang='lat' dir='ltr'>nemo</span> 
     </span>
     <span class='ocr_line' id='line_1_18' title="bbox 86 1127 1527 1193; baseline 0.001 -26"><span class='ocrx_word' id='word_1_153' title='bbox 86 1127 298 1182; x_wconf 84' lang='lat' dir='ltr'>profecto.</span> <span class='ocrx_word' id='word_1_154' title='bbox 320 1143 434 1169; x_wconf 87' lang='lat' dir='ltr'>mors</span> <span class='ocrx_word' id='word_1_155' title='bbox 455 1130 567 1170; x_wconf 88' lang='lat' dir='ltr'>enim</span> <span class='ocrx_word' id='word_1_156' title='bbox 593 1144 690 1170; x_wconf 89' lang='lat' dir='ltr'>cum</span> <span class='ocrx_word' id='word_1_157' title='bbox 710 1129 990 1170; x_wconf 77' lang='lat' dir='ltr'>exstinxisset</span> <span class='ocrx_word' id='word_1_158' title='bbox 1008 1129 1230 1179; x_wconf 85' lang='lat' dir='ltr'>invidiam,</span> <span class='ocrx_word' id='word_1_159' title='bbox 1250 1142 1314 1169; x_wconf 88' lang='lat' dir='ltr'>res</span> <span class='ocrx_word' id='word_1_160' title='bbox 1336 1128 1478 1193; x_wconf 66' lang='lat' dir='ltr'>ejuse&gt;</span> <span class='ocrx_word' id='word_1_161' title='bbox 1454 1142 1527 1169; x_wconf 72' lang='lat' dir='ltr'>ore-</span> 
     </span>
     <span class='ocr_line' id='line_1_19' title="bbox 87 1185 1637 1242; baseline 0.001 -18"><span class='ocrx_word' id='word_1_162' title='bbox 87 1194 164 1225; x_wconf 81' lang='lat' dir='ltr'>stae</span> <span class='ocrx_word' id='word_1_163' title='bbox 195 1188 234 1215; x_wconf 78' lang='lat'>33</span> <span class='ocrx_word' id='word_1_164' title='bbox 250 1187 496 1241; x_wconf 83' lang='lat' dir='ltr'>sempiterni</span> <span class='ocrx_word' id='word_1_165' title='bbox 528 1187 714 1227; x_wconf 85' lang='lat' dir='ltr'>nominis</span> <span class='ocrx_word' id='word_1_166' title='bbox 748 1185 885 1242; x_wconf 82' lang='lat' dir='ltr'>gloria</span> <span class='ocrx_word' id='word_1_167' title='bbox 908 1187 1161 1227; x_wconf 72' lang='lat' dir='ltr'>niterentur.</span> <span class='ocrx_word' id='word_1_168' title='bbox 1225 1185 1362 1241; x_wconf 86' lang='lat' dir='ltr'>Cujus</span> <span class='ocrx_word' id='word_1_169' title='bbox 1393 1186 1570 1241; x_wconf 77' lang='lat' dir='ltr'>igiturp</span> <span class='ocrx_word' id='word_1_170' title='bbox 1586 1193 1637 1222; x_wconf 76' lang='lat'>58·</span> 
     </span>
     <span class='ocr_line' id='line_1_20' title="bbox 88 1241 1570 1298; baseline 0.002 -17"><span class='ocrx_word' id='word_1_171' title='bbox 88 1241 235 1282; x_wconf 80' lang='lat' dir='ltr'>audita</span> <span class='ocrx_word' id='word_1_172' title='bbox 256 1242 389 1283; x_wconf 71' lang='lat' dir='ltr'>xirtus</span> <span class='ocrx_word' id='word_1_173' title='bbox 411 1243 673 1285; x_wconf 88' lang='lat' dir='ltr'>dubitationi</span> <span class='ocrx_word' id='word_1_174' title='bbox 705 1243 847 1284; x_wconf 86' lang='lat' dir='ltr'>locum</span> <span class='ocrx_word' id='word_1_175' title='bbox 878 1258 966 1284; x_wconf 90' lang='lat' dir='ltr'>non</span> <span class='ocrx_word' id='word_1_176' title='bbox 987 1243 1131 1284; x_wconf 86' lang='lat' dir='ltr'>daret:</span> <span class='ocrx_word' id='word_1_177' title='bbox 1163 1243 1292 1298; x_wconf 88' lang='lat' dir='ltr'>hujus</span> <span class='ocrx_word' id='word_1_178' title='bbox 1321 1242 1570 1298; x_wconf 83' lang='lat' dir='ltr'>praesens,²·</span> 
     </span>
     <span class='ocr_line' id='line_1_21' title="bbox 85 1300 1391 1365; baseline 0.002 -27"><span class='ocrx_word' id='word_1_179' title='bbox 85 1308 267 1354; x_wconf 79' lang='lat' dir='ltr'>experta</span> <span class='ocrx_word' id='word_1_180' title='bbox 287 1309 414 1365; x_wconf 80' lang='lat' dir='ltr'>atque</span> <span class='ocrx_word' id='word_1_181' title='bbox 437 1311 721 1365; x_wconf 69' lang='lat' dir='ltr'>perspecta,o</span> <span class='ocrx_word' id='word_1_182' title='bbox 696 1301 1034 1341; x_wconf 81' lang='lat' dir='ltr'>obtrectatorum</span> <span class='ocrx_word' id='word_1_183' title='bbox 1059 1313 1165 1342; x_wconf 88' lang='lat' dir='ltr'>voce</span> <span class='ocrx_word' id='word_1_184' title='bbox 1184 1300 1391 1342; x_wconf 84' lang='lat' dir='ltr'>laedetur?</span> 
     </span>
     <span class='ocr_line' id='line_1_22' title="bbox 148 1352 1573 1423; baseline 0.002 -28"><span class='ocrx_word' id='word_1_185' title='bbox 148 1354 359 1397; x_wconf 78' lang='lat' dir='ltr'>omittam</span> <span class='ocrx_word' id='word_1_186' title='bbox 393 1358 526 1413; x_wconf 81' lang='lat' dir='ltr'>igitur</span> <span class='ocrx_word' id='word_1_187' title='bbox 557 1358 818 1423; x_wconf 81' lang='lat' dir='ltr'>Pompeium</span> <span class='ocrx_word' id='word_1_188' title='bbox 851 1357 945 1422; x_wconf 80' lang='lat' dir='ltr'>jam</span> <span class='ocrx_word' id='word_1_189' title='bbox 979 1358 1172 1398; x_wconf 85' lang='lat' dir='ltr'>oratione</span> <span class='ocrx_word' id='word_1_190' title='bbox 1205 1371 1300 1398; x_wconf 83' lang='lat' dir='ltr'>mea</span> <span class='ocrx_word' id='word_1_191' title='bbox 1337 1357 1522 1412; x_wconf 87' lang='lat' dir='ltr'>reliqua:</span> <span class='ocrx_word' id='word_1_192' title='bbox 1538 1352 1573 1406; x_wconf 79' lang='grc'>’7</span> 
     </span>
     <span class='ocr_line' id='line_1_23' title="bbox 88 1392 1592 1470; baseline 0.004 -19.004"><span class='ocrx_word' id='word_1_193' title='bbox 88 1412 158 1453; x_wconf 85' lang='lat' dir='ltr'>secl</span> <span class='ocrx_word' id='word_1_194' title='bbox 186 1427 274 1463; x_wconf 91' lang='lat' dir='ltr'>vos,</span> <span class='ocrx_word' id='word_1_195' title='bbox 290 1392 475 1468; x_wconf 87' lang='lat' dir='ltr'>judices,</span> <span class='ocrx_word' id='word_1_196' title='bbox 497 1416 651 1456; x_wconf 83' lang='lat' dir='ltr'>animis</span> <span class='ocrx_word' id='word_1_197' title='bbox 677 1430 726 1456; x_wconf 85' lang='lat' dir='ltr'>ac</span> <span class='ocrx_word' id='word_1_198' title='bbox 758 1415 964 1456; x_wconf 86' lang='lat' dir='ltr'>memoria</span> <span class='ocrx_word' id='word_1_199' title='bbox 985 1423 1189 1456; x_wconf 86' lang='lat' dir='ltr'>tenetote.</span> <span class='ocrx_word' id='word_1_200' title='bbox 1252 1414 1320 1455; x_wconf 93' lang='lat' dir='ltr'>De</span> <span class='ocrx_word' id='word_1_201' title='bbox 1342 1414 1450 1470; x_wconf 84' lang='lat' dir='ltr'>lege,</span> <span class='ocrx_word' id='word_1_202' title='bbox 1472 1414 1524 1455; x_wconf 89' lang='lat' dir='ltr'>de</span> <span class='ocrx_word' id='word_1_203' title='bbox 1541 1426 1592 1464; x_wconf 80' lang='grc'>17</span> 
     </span>
     <span class='ocr_line' id='line_1_24' title="bbox 87 1468 1526 1528; baseline 0.002 -19"><span class='ocrx_word' id='word_1_204' title='bbox 87 1468 268 1520; x_wconf 78' lang='lat' dir='ltr'>foeclere,</span> <span class='ocrx_word' id='word_1_205' title='bbox 289 1470 342 1511; x_wconf 89' lang='lat' dir='ltr'>de</span> <span class='ocrx_word' id='word_1_206' title='bbox 362 1472 586 1528; x_wconf 76' lang='lat' dir='ltr'>exemplis,</span> <span class='ocrx_word' id='word_1_207' title='bbox 608 1473 661 1514; x_wconf 89' lang='lat' dir='ltr'>de</span> <span class='ocrx_word' id='word_1_208' title='bbox 683 1486 757 1528; x_wconf 88' lang='lat' dir='ltr'>pei</span> <span class='ocrx_word' id='word_1_209' title='bbox 760 1482 889 1528; x_wconf 67' lang='lat' dir='ltr'>petua</span> <span class='ocrx_word' id='word_1_210' title='bbox 909 1471 1219 1514; x_wconf 87' lang='lat' dir='ltr'>consuetudine</span> <span class='ocrx_word' id='word_1_211' title='bbox 1238 1472 1427 1513; x_wconf 82' lang='lat' dir='ltr'>civitatis</span> <span class='ocrx_word' id='word_1_212' title='bbox 1448 1487 1526 1512; x_wconf 86' lang='lat' dir='ltr'>no-</span> 
     </span>
     <span class='ocr_line' id='line_1_25' title="bbox 87 1529 1527 1586; baseline 0.001 -19"><span class='ocrx_word' id='word_1_213' title='bbox 87 1535 204 1578; x_wconf 84' lang='lat' dir='ltr'>strae,</span> <span class='ocrx_word' id='word_1_214' title='bbox 227 1530 442 1570; x_wconf 80' lang='lat' dir='ltr'>ienovabo</span> <span class='ocrx_word' id='word_1_215' title='bbox 466 1544 502 1570; x_wconf 89' lang='lat' dir='ltr'>e·</span> <span class='ocrx_word' id='word_1_216' title='bbox 491 1545 529 1580; x_wconf 79' lang='grc' dir='ltr'>ι,</span> <span class='ocrx_word' id='word_1_217' title='bbox 551 1545 647 1586; x_wconf 83' lang='lat' dir='ltr'>quae</span> <span class='ocrx_word' id='word_1_218' title='bbox 670 1529 788 1571; x_wconf 77' lang='lat' dir='ltr'>dicta</span> <span class='ocrx_word' id='word_1_219' title='bbox 808 1539 921 1570; x_wconf 82' lang='lat' dir='ltr'>sunt.</span> <span class='ocrx_word' id='word_1_220' title='bbox 943 1533 982 1565; x_wconf 84' lang='lat'>39</span> <span class='ocrx_word' id='word_1_221' title='bbox 997 1529 1104 1570; x_wconf 85' lang='lat' dir='ltr'>nihil</span> <span class='ocrx_word' id='word_1_222' title='bbox 1125 1530 1240 1570; x_wconf 88' lang='lat' dir='ltr'>enim</span> <span class='ocrx_word' id='word_1_223' title='bbox 1272 1529 1377 1570; x_wconf 91' lang='lat' dir='ltr'>mihi</span> <span class='ocrx_word' id='word_1_224' title='bbox 1408 1529 1527 1580; x_wconf 87' lang='lat' dir='ltr'>novi,</span> 
     </span>
    </p>
   </div>
   <div class='ocr_carea' id='block_1_3' title="bbox 128 1642 1449 1685">
    <p class='ocr_par' dir='ltr' id='par_1_3' title="bbox 128 1642 1449 1685">
     <span class='ocr_line' id='line_1_26' title="bbox 128 1642 1449 1685; baseline 0.001 -12"><span class='ocrx_word' id='word_1_225' title='bbox 128 1644 171 1673; x_wconf 77' lang='lat'>34</span> <span class='ocrx_word' id='word_1_226' title='bbox 191 1643 297 1683; x_wconf 75' lang='lat' dir='ltr'>Atque</span> <span class='ocrx_word' id='word_1_227' title='bbox 317 1647 355 1673; x_wconf 83' lang='lat' dir='ltr'>ut</span> <span class='ocrx_word' id='word_1_228' title='bbox 381 1653 438 1681; x_wconf 79' lang='lat' dir='ltr'>ego</span> <span class='ocrx_word' id='word_1_229' title='bbox 465 1645 524 1674; x_wconf 67' lang='grc' dir='ltr'>ἀς.</span> <span class='ocrx_word' id='word_1_230' title='bbox 527 1643 693 1683; x_wconf 71' lang='grc' dir='ltr'>-ᾱὶι-αηι]</span> <span class='ocrx_word' id='word_1_231' title='bbox 724 1643 787 1674; x_wconf 89' lang='lat' dir='ltr'>Hic</span> <span class='ocrx_word' id='word_1_232' title='bbox 820 1643 888 1685; x_wconf 81' lang='lat' dir='ltr'>flos·</span> <span class='ocrx_word' id='word_1_233' title='bbox 900 1644 1074 1683; x_wconf 66' lang='lat' dir='ltr'>dignitatis</span> <span class='ocrx_word' id='word_1_234' title='bbox 1088 1648 1137 1674; x_wconf 86' lang='lat' dir='ltr'>cst</span> <span class='ocrx_word' id='word_1_235' title='bbox 1152 1653 1279 1675; x_wconf 77' lang='lat' dir='ltr'>summa</span> <span class='ocrx_word' id='word_1_236' title='bbox 1292 1642 1449 1683; x_wconf 84' lang='lat' dir='ltr'>dignitas.</span> 
     </span>
    </p>
   </div>
   <div class='ocr_carea' id='block_1_4' title="bbox 50 1683 795 2905">
    <p class='ocr_par' dir='ltr' id='par_1_4' title="bbox 85 1683 788 1716">
     <span class='ocr_line' id='line_1_27' title="bbox 85 1683 788 1716; baseline 0.003 -3"><span class='ocrx_word' id='word_1_237' title='bbox 85 1683 178 1714; x_wconf 84' lang='lat' dir='ltr'>loeus</span> <span class='ocrx_word' id='word_1_238' title='bbox 192 1685 260 1715; x_wconf 87' lang='lat' dir='ltr'>sine</span> <span class='ocrx_word' id='word_1_239' title='bbox 275 1685 373 1716; x_wconf 90' lang='lat' dir='ltr'>dubio</span> <span class='ocrx_word' id='word_1_240' title='bbox 389 1687 523 1716; x_wconf 81' lang='lat' dir='ltr'>vitiosus</span> <span class='ocrx_word' id='word_1_241' title='bbox 537 1691 586 1716; x_wconf 84' lang='lat' dir='ltr'>est</span> <span class='ocrx_word' id='word_1_242' title='bbox 605 1693 639 1716; x_wconf 86' lang='lat' dir='ltr'>et</span> <span class='ocrx_word' id='word_1_243' title='bbox 654 1687 788 1716; x_wconf 82' lang='lat' dir='ltr'>lacuno-</span> 
     </span>
    </p>

    <p class='ocr_par' dir='ltr' id='par_1_5' title="bbox 87 1727 787 1766">
     <span class='ocr_line' id='line_1_28' title="bbox 87 1727 787 1766; baseline 0.004 -11"><span class='ocrx_word' id='word_1_244' title='bbox 87 1735 154 1763; x_wconf 76' lang='grc' dir='ltr'>ειι5,</span> <span class='ocrx_word' id='word_1_245' title='bbox 169 1727 204 1756; x_wconf 90' lang='lat' dir='ltr'>in</span> <span class='ocrx_word' id='word_1_246' title='bbox 219 1737 282 1766; x_wconf 90' lang='lat' dir='ltr'>quo</span> <span class='ocrx_word' id='word_1_247' title='bbox 297 1732 332 1758; x_wconf 84' lang='lat' dir='ltr'>et</span> <span class='ocrx_word' id='word_1_248' title='bbox 344 1727 418 1757; x_wconf 81' lang='lat' dir='ltr'>libri</span> <span class='ocrx_word' id='word_1_249' title='bbox 435 1727 525 1758; x_wconf 75' lang='lat' dir='ltr'>valde</span> <span class='ocrx_word' id='word_1_250' title='bbox 540 1738 558 1756; x_wconf 89' lang='lat' dir='ltr'>v</span> <span class='ocrx_word' id='word_1_251' title='bbox 560 1729 678 1758; x_wconf 84' lang='lat' dir='ltr'>ariant.</span> <span class='ocrx_word' id='word_1_252' title='bbox 722 1728 787 1758; x_wconf 86' lang='lat' dir='ltr'>Ms.</span> 
     </span>
    </p>

    <p class='ocr_par' dir='ltr' id='par_1_6' title="bbox 87 1769 790 2356">
     <span class='ocr_line' id='line_1_29' title="bbox 88 1769 787 1809; baseline 0.003 -11"><span class='ocrx_word' id='word_1_253' title='bbox 88 1769 152 1798; x_wconf 88' lang='lat' dir='ltr'>Gu.</span> <span class='ocrx_word' id='word_1_254' title='bbox 167 1770 303 1799; x_wconf 88' lang='lat' dir='ltr'>omnino</span> <span class='ocrx_word' id='word_1_255' title='bbox 319 1779 385 1800; x_wconf 86' lang='lat' dir='ltr'>non</span> <span class='ocrx_word' id='word_1_256' title='bbox 411 1770 519 1800; x_wconf 82' lang='lat' dir='ltr'>habet.</span> <span class='ocrx_word' id='word_1_257' title='bbox 563 1770 671 1809; x_wconf 82' lang='lat' dir='ltr'>Atque</span> <span class='ocrx_word' id='word_1_258' title='bbox 685 1770 787 1800; x_wconf 85' lang='lat' dir='ltr'>etiam</span> 
     </span>
     <span class='ocr_line' id='line_1_30' title="bbox 89 1810 788 1847; baseline 0.003 -7"><span class='ocrx_word' id='word_1_259' title='bbox 89 1810 124 1840; x_wconf 91' lang='lat' dir='ltr'>in</span> <span class='ocrx_word' id='word_1_260' title='bbox 147 1810 218 1841; x_wconf 81' lang='lat' dir='ltr'>aliis</span> <span class='ocrx_word' id='word_1_261' title='bbox 241 1821 362 1847; x_wconf 65' lang='lat' dir='ltr'>magna</span> <span class='ocrx_word' id='word_1_262' title='bbox 375 1817 423 1841; x_wconf 82' lang='lat' dir='ltr'>est</span> <span class='ocrx_word' id='word_1_263' title='bbox 447 1813 670 1842; x_wconf 75' lang='lat' dir='ltr'>inconstantia</span> <span class='ocrx_word' id='word_1_264' title='bbox 684 1817 719 1842; x_wconf 79' lang='lat' dir='ltr'>et</span> <span class='ocrx_word' id='word_1_265' title='bbox 734 1822 788 1842; x_wconf 86' lang='lat' dir='ltr'>va-</span> 
     </span>
     <span class='ocr_line' id='line_1_31' title="bbox 87 1852 790 1895; baseline 0.003 -13"><span class='ocrx_word' id='word_1_266' title='bbox 87 1852 185 1883; x_wconf 79' lang='lat' dir='ltr'>rietas</span> <span class='ocrx_word' id='word_1_267' title='bbox 201 1864 210 1890; x_wconf 71' lang='grc' dir='ltr'><strong>ς</strong></span> <span class='ocrx_word' id='word_1_268' title='bbox 234 1861 272 1883; x_wconf 85' lang='lat' dir='ltr'>ut</span> <span class='ocrx_word' id='word_1_269' title='bbox 286 1854 466 1885; x_wconf 80' lang='lat' dir='ltr'>Gruterum</span> <span class='ocrx_word' id='word_1_270' title='bbox 480 1855 635 1895; x_wconf 67' lang='lat' dir='ltr'>piguerit,</span> <span class='ocrx_word' id='word_1_271' title='bbox 651 1855 790 1884; x_wconf 76' lang='lat' dir='ltr'>varieta-</span> 
     </span>
     <span class='ocr_line' id='line_1_32' title="bbox 87 1897 787 1927; baseline 0.003 -3"><span class='ocrx_word' id='word_1_272' title='bbox 87 1901 158 1924; x_wconf 80' lang='lat' dir='ltr'>tem</span> <span class='ocrx_word' id='word_1_273' title='bbox 181 1905 451 1927; x_wconf 79' lang='lat' dir='ltr'>commemorare.</span> <span class='ocrx_word' id='word_1_274' title='bbox 497 1897 593 1927; x_wconf 84' lang='lat' dir='ltr'>Certe</span> <span class='ocrx_word' id='word_1_275' title='bbox 610 1902 643 1927; x_wconf 86' lang='lat' dir='ltr'>et</span> <span class='ocrx_word' id='word_1_276' title='bbox 666 1897 701 1926; x_wconf 91' lang='lat' dir='ltr'>in</span> <span class='ocrx_word' id='word_1_277' title='bbox 716 1897 787 1926; x_wconf 79' lang='lat' dir='ltr'>vul-</span> 
     </span>
     <span class='ocr_line' id='line_1_33' title="bbox 89 1937 788 1978; baseline 0.003 -12"><span class='ocrx_word' id='word_1_278' title='bbox 89 1943 169 1976; x_wconf 81' lang='lat' dir='ltr'>gata</span> <span class='ocrx_word' id='word_1_279' title='bbox 182 1937 325 1968; x_wconf 81' lang='lat' dir='ltr'>multum</span> <span class='ocrx_word' id='word_1_280' title='bbox 340 1938 471 1969; x_wconf 75' lang='lat' dir='ltr'>excidit.</span> <span class='ocrx_word' id='word_1_281' title='bbox 509 1938 596 1978; x_wconf 72' lang='lat' dir='ltr'>Quid</span> <span class='ocrx_word' id='word_1_282' title='bbox 612 1939 725 1970; x_wconf 84' lang='lat' dir='ltr'>Cicero</span> <span class='ocrx_word' id='word_1_283' title='bbox 740 1939 788 1969; x_wconf 83' lang='lat' dir='ltr'>di-</span> 
     </span>
     <span class='ocr_line' id='line_1_34' title="bbox 89 1979 789 2021; baseline 0.004 -13"><span class='ocrx_word' id='word_1_284' title='bbox 89 1979 188 2015; x_wconf 61' lang='lat' dir='ltr'>xerit,</span> <span class='ocrx_word' id='word_1_285' title='bbox 209 1980 288 2010; x_wconf 81' lang='lat' dir='ltr'>satis</span> <span class='ocrx_word' id='word_1_286' title='bbox 309 1980 528 2021; x_wconf 78' lang='lat' dir='ltr'>intelligitur:</span> <span class='ocrx_word' id='word_1_287' title='bbox 552 1990 682 2011; x_wconf 82' lang='lat' dir='ltr'>causam</span> <span class='ocrx_word' id='word_1_288' title='bbox 703 1981 789 2011; x_wconf 79' lang='lat' dir='ltr'>hane</span> 
     </span>
     <span class='ocr_line' id='line_1_35' title="bbox 89 2022 790 2063; baseline 0.004 -13"><span class='ocrx_word' id='word_1_289' title='bbox 89 2025 124 2051; x_wconf 86' lang='lat' dir='ltr'>et</span> <span class='ocrx_word' id='word_1_290' title='bbox 146 2022 310 2052; x_wconf 83' lang='lat' dir='ltr'>actionem</span> <span class='ocrx_word' id='word_1_291' title='bbox 334 2027 556 2063; x_wconf 74' lang='lat' dir='ltr'>comparatam</span> <span class='ocrx_word' id='word_1_292' title='bbox 572 2032 640 2053; x_wconf 83' lang='lat' dir='ltr'>esse</span> <span class='ocrx_word' id='word_1_293' title='bbox 661 2028 790 2062; x_wconf 83' lang='lat' dir='ltr'>tempo-</span> 
     </span>
     <span class='ocr_line' id='line_1_36' title="bbox 90 2063 789 2103; baseline 0.003 -11"><span class='ocrx_word' id='word_1_294' title='bbox 90 2063 134 2092; x_wconf 87' lang='lat' dir='ltr'>ris</span> <span class='ocrx_word' id='word_1_295' title='bbox 171 2065 286 2103; x_wconf 77' lang='lat' dir='ltr'>magis,</span> <span class='ocrx_word' id='word_1_296' title='bbox 315 2074 413 2103; x_wconf 86' lang='lat' dir='ltr'>quam</span> <span class='ocrx_word' id='word_1_297' title='bbox 448 2064 604 2101; x_wconf 75' lang='lat' dir='ltr'>hominis,</span> <span class='ocrx_word' id='word_1_298' title='bbox 633 2065 789 2101; x_wconf 85' lang='lat' dir='ltr'>Cornelii,</span> 
     </span>
     <span class='ocr_line' id='line_1_37' title="bbox 91 2106 790 2146; baseline 0.001 -11"><span class='ocrx_word' id='word_1_299' title='bbox 91 2114 216 2141; x_wconf 79' lang='lat' dir='ltr'>caussa,</span> <span class='ocrx_word' id='word_1_300' title='bbox 247 2116 364 2146; x_wconf 85' lang='lat' dir='ltr'>nempe</span> <span class='ocrx_word' id='word_1_301' title='bbox 400 2106 441 2136; x_wconf 86' lang='lat' dir='ltr'>ad</span> <span class='ocrx_word' id='word_1_302' title='bbox 470 2107 616 2146; x_wconf 83' lang='lat' dir='ltr'>Pompeii</span> <span class='ocrx_word' id='word_1_303' title='bbox 652 2107 790 2145; x_wconf 81' lang='lat' dir='ltr'>gloriani</span> 
     </span>
     <span class='ocr_line' id='line_1_38' title="bbox 92 2147 790 2188; baseline 0.001 -11"><span class='ocrx_word' id='word_1_304' title='bbox 92 2147 304 2178; x_wconf 86' lang='lat' dir='ltr'>minuendam</span> <span class='ocrx_word' id='word_1_305' title='bbox 317 2159 326 2177; x_wconf 88' lang='lat'>:</span> <span class='ocrx_word' id='word_1_306' title='bbox 344 2149 452 2188; x_wconf 89' lang='lat' dir='ltr'>itaque</span> <span class='ocrx_word' id='word_1_307' title='bbox 467 2158 500 2178; x_wconf 88' lang='lat' dir='ltr'>se</span> <span class='ocrx_word' id='word_1_308' title='bbox 516 2158 582 2178; x_wconf 86' lang='lat' dir='ltr'>non</span> <span class='ocrx_word' id='word_1_309' title='bbox 596 2149 702 2178; x_wconf 83' lang='lat' dir='ltr'>inulta</span> <span class='ocrx_word' id='word_1_310' title='bbox 713 2158 790 2178; x_wconf 87' lang='lat' dir='ltr'>con-</span> 
     </span>
     <span class='ocr_line' id='line_1_39' title="bbox 89 2190 790 2228; baseline 0.001 -9"><span class='ocrx_word' id='word_1_311' title='bbox 89 2194 144 2219; x_wconf 84' lang='lat' dir='ltr'>tra</span> <span class='ocrx_word' id='word_1_312' title='bbox 164 2199 233 2220; x_wconf 87' lang='lat' dir='ltr'>esse</span> <span class='ocrx_word' id='word_1_313' title='bbox 256 2190 433 2220; x_wconf 86' lang='lat' dir='ltr'>dicturum.</span> <span class='ocrx_word' id='word_1_314' title='bbox 457 2190 790 2228; x_wconf 48' lang='lat' dir='ltr'>deindesrationibus</span> 
     </span>
     <span class='ocr_line' id='line_1_40' title="bbox 89 2231 790 2271; baseline 0.001 -10"><span class='ocrx_word' id='word_1_315' title='bbox 89 2231 163 2261; x_wconf 85' lang='lat' dir='ltr'>aliis</span> <span class='ocrx_word' id='word_1_316' title='bbox 177 2233 462 2263; x_wconf 67' lang='lat' dir='ltr'>commemoratis:</span> <span class='ocrx_word' id='word_1_317' title='bbox 485 2242 560 2270; x_wconf 61' lang='lat' dir='ltr'>ego,</span> <span class='ocrx_word' id='word_1_318' title='bbox 583 2233 730 2271; x_wconf 79' lang='lat' dir='ltr'>inquam,</span> <span class='ocrx_word' id='word_1_319' title='bbox 752 2232 790 2263; x_wconf 84' lang='lat' dir='ltr'>de</span> 
     </span>
     <span class='ocr_line' id='line_1_41' title="bbox 91 2274 788 2315; baseline 0.003 -12"><span class='ocrx_word' id='word_1_320' title='bbox 91 2282 210 2312; x_wconf 83' lang='lat' dir='ltr'>genere</span> <span class='ocrx_word' id='word_1_321' title='bbox 229 2274 345 2312; x_wconf 65' lang='lat' dir='ltr'>judit-ii</span> <span class='ocrx_word' id='word_1_322' title='bbox 369 2275 464 2315; x_wconf 86' lang='lat' dir='ltr'>plura</span> <span class='ocrx_word' id='word_1_323' title='bbox 479 2284 546 2304; x_wconf 90' lang='lat' dir='ltr'>non</span> <span class='ocrx_word' id='word_1_324' title='bbox 563 2275 682 2312; x_wconf 86' lang='lat' dir='ltr'>dicam,</span> <span class='ocrx_word' id='word_1_325' title='bbox 696 2281 788 2305; x_wconf 77' lang='lat' dir='ltr'>tran-</span> 
     </span>
     <span class='ocr_line' id='line_1_42' title="bbox 91 2315 788 2356; baseline 0.003 -11"><span class='ocrx_word' id='word_1_326' title='bbox 91 2316 135 2345; x_wconf 87' lang='lat' dir='ltr'>sit</span> <span class='ocrx_word' id='word_1_327' title='bbox 150 2315 265 2346; x_wconf 82' lang='lat' dir='ltr'>deinde</span> <span class='ocrx_word' id='word_1_328' title='bbox 286 2316 326 2347; x_wconf 86' lang='lat' dir='ltr'>ad</span> <span class='ocrx_word' id='word_1_329' title='bbox 343 2316 450 2346; x_wconf 84' lang='lat' dir='ltr'>locum</span> <span class='ocrx_word' id='word_1_330' title='bbox 466 2317 505 2347; x_wconf 90' lang='lat' dir='ltr'>de</span> <span class='ocrx_word' id='word_1_331' title='bbox 527 2317 649 2347; x_wconf 83' lang='lat' dir='ltr'>invidia</span> <span class='ocrx_word' id='word_1_332' title='bbox 660 2323 788 2356; x_wconf 83' lang='lat' dir='ltr'>tempo-</span> 
     </span>
    </p>

    <p class='ocr_par' dir='ltr' id='par_1_7' title="bbox 91 2357 790 2397">
     <span class='ocr_line' id='line_1_43' title="bbox 91 2357 790 2397; baseline 0.004 -10"><span class='ocrx_word' id='word_1_333' title='bbox 91 2358 146 2387; x_wconf 86' lang='lat' dir='ltr'>ris.</span> <span class='ocrx_word' id='word_1_334' title='bbox 190 2357 306 2397; x_wconf 84' lang='lat' dir='ltr'>Itaque</span> <span class='ocrx_word' id='word_1_335' title='bbox 319 2358 374 2388; x_wconf 88' lang='lat' dir='ltr'>hic</span> <span class='ocrx_word' id='word_1_336' title='bbox 385 2360 474 2389; x_wconf 85' lang='lat' dir='ltr'>locus</span> <span class='ocrx_word' id='word_1_337' title='bbox 489 2361 558 2389; x_wconf 89' lang='lat' dir='ltr'>sine</span> <span class='ocrx_word' id='word_1_338' title='bbox 572 2360 661 2389; x_wconf 87' lang='lat' dir='ltr'>libris</span> <span class='ocrx_word' id='word_1_339' title='bbox 677 2359 790 2390; x_wconf 82' lang='lat' dir='ltr'>melio-</span> 
     </span>
    </p>

    <p class='ocr_par' dir='ltr' id='par_1_8' title="bbox 91 2399 533 2441">
     <span class='ocr_line' id='line_1_44' title="bbox 91 2399 533 2441; baseline 0 -10"><span class='ocrx_word' id='word_1_340' title='bbox 91 2399 181 2431; x_wconf 84' lang='lat' dir='ltr'>ribus</span> <span class='ocrx_word' id='word_1_341' title='bbox 195 2401 312 2440; x_wconf 88' lang='lat' dir='ltr'>corrigi</span> <span class='ocrx_word' id='word_1_342' title='bbox 331 2410 398 2431; x_wconf 88' lang='lat' dir='ltr'>non</span> <span class='ocrx_word' id='word_1_343' title='bbox 414 2407 533 2441; x_wconf 88' lang='lat' dir='ltr'>potest.</span> 
     </span>
    </p>

    <p class='ocr_par' dir='ltr' id='par_1_9' title="bbox 50 2442 791 2778">
     <span class='ocr_line' id='line_1_45' title="bbox 134 2442 789 2485; baseline 0.002 -13"><span class='ocrx_word' id='word_1_344' title='bbox 134 2444 174 2472; x_wconf 80' lang='lat'>35</span> <span class='ocrx_word' id='word_1_345' title='bbox 189 2442 255 2473; x_wconf 78' lang='lat' dir='ltr'>Est</span> <span class='ocrx_word' id='word_1_346' title='bbox 277 2444 364 2473; x_wconf 80' lang='lat' dir='ltr'>enim</span> <span class='ocrx_word' id='word_1_347' title='bbox 386 2445 452 2474; x_wconf 77' lang='lat' dir='ltr'>koec</span> <span class='ocrx_word' id='word_1_348' title='bbox 472 2444 584 2483; x_wconf 74' lang='lat' dir='ltr'>seculi]</span> <span class='ocrx_word' id='word_1_349' title='bbox 613 2444 676 2473; x_wconf 92' lang='lat' dir='ltr'>Pro</span> <span class='ocrx_word' id='word_1_350' title='bbox 691 2443 789 2485; x_wconf 64' lang='lat' dir='ltr'>hujus</span> 
     </span>
     <span class='ocr_line' id='line_1_46' title="bbox 92 2483 790 2525; baseline 0.004 -12"><span class='ocrx_word' id='word_1_351' title='bbox 92 2483 165 2514; x_wconf 86' lang='lat' dir='ltr'>dedi</span> <span class='ocrx_word' id='word_1_352' title='bbox 191 2495 267 2514; x_wconf 90' lang='lat' dir='ltr'>cum</span> <span class='ocrx_word' id='word_1_353' title='bbox 290 2486 394 2515; x_wconf 66' lang='lat' dir='ltr'>Graex</span> <span class='ocrx_word' id='word_1_354' title='bbox 388 2496 419 2515; x_wconf 86' lang='grc' dir='ltr'>ιο</span> <span class='ocrx_word' id='word_1_355' title='bbox 440 2487 518 2522; x_wconf 61' lang='lat' dir='ltr'>laec,</span> <span class='ocrx_word' id='word_1_356' title='bbox 547 2485 632 2525; x_wconf 86' lang='lat' dir='ltr'>quod</span> <span class='ocrx_word' id='word_1_357' title='bbox 658 2492 728 2516; x_wconf 80' lang='lat' dir='ltr'>erat</span> <span class='ocrx_word' id='word_1_358' title='bbox 755 2487 790 2516; x_wconf 88' lang='lat' dir='ltr'>in</span> 
     </span>
     <span class='ocr_line' id='line_1_47' title="bbox 93 2525 789 2560; baseline 0.003 -4"><span class='ocrx_word' id='word_1_359' title='bbox 93 2525 176 2556; x_wconf 85' lang='lat' dir='ltr'>Mss.</span> <span class='ocrx_word' id='word_1_360' title='bbox 190 2527 259 2557; x_wconf 91' lang='lat' dir='ltr'>Pal.</span> <span class='ocrx_word' id='word_1_361' title='bbox 283 2537 370 2557; x_wconf 88' lang='lat' dir='ltr'>nono</span> <span class='ocrx_word' id='word_1_362' title='bbox 387 2532 421 2557; x_wconf 86' lang='lat' dir='ltr'>et</span> <span class='ocrx_word' id='word_1_363' title='bbox 444 2528 513 2559; x_wconf 81' lang='lat' dir='ltr'>Erf.</span> <span class='ocrx_word' id='word_1_364' title='bbox 557 2529 610 2558; x_wconf 78' lang='lat' dir='ltr'>Sic</span> <span class='ocrx_word' id='word_1_365' title='bbox 631 2534 666 2558; x_wconf 88' lang='lat' dir='ltr'>et</span> <span class='ocrx_word' id='word_1_366' title='bbox 681 2528 789 2560; x_wconf 83' lang='lat' dir='ltr'>Guelf</span> 
     </span>
     <span class='ocr_line' id='line_1_48' title="bbox 92 2567 790 2610; baseline 0.003 -13"><span class='ocrx_word' id='word_1_367' title='bbox 92 2567 158 2598; x_wconf 89' lang='lat' dir='ltr'>Alii</span> <span class='ocrx_word' id='word_1_368' title='bbox 174 2570 240 2599; x_wconf 72' lang='lat' dir='ltr'>Izaec</span> <span class='ocrx_word' id='word_1_369' title='bbox 255 2568 364 2610; x_wconf 72' lang='lat' dir='ltr'>hujus.</span> <span class='ocrx_word' id='word_1_370' title='bbox 390 2579 449 2600; x_wconf 87' lang='lat' dir='ltr'>nec</span> <span class='ocrx_word' id='word_1_371' title='bbox 472 2570 532 2600; x_wconf 85' lang='lat' dir='ltr'>hoc</span> <span class='ocrx_word' id='word_1_372' title='bbox 555 2570 650 2600; x_wconf 73' lang='lat' dir='ltr'>male.</span> <span class='ocrx_word' id='word_1_373' title='bbox 695 2572 790 2601; x_wconf 58' lang='lat' dir='ltr'>Cet«-</span> 
     </span>
     <span class='ocr_line' id='line_1_49' title="bbox 64 2611 791 2651; baseline 0.003 -11"><span class='ocrx_word' id='word_1_374' title='bbox 64 2614 69 2617; x_wconf 64' lang='grc'>“</span> <span class='ocrx_word' id='word_1_375' title='bbox 94 2619 169 2640; x_wconf 86' lang='lat' dir='ltr'>rum</span> <span class='ocrx_word' id='word_1_376' title='bbox 183 2611 239 2642; x_wconf 81' lang='lat' dir='ltr'>alii</span> <span class='ocrx_word' id='word_1_377' title='bbox 252 2612 316 2642; x_wconf 89' lang='lat' dir='ltr'>sie:</span> <span class='ocrx_word' id='word_1_378' title='bbox 342 2613 490 2651; x_wconf 70' lang='lat' dir='ltr'>quaeclam</span> <span class='ocrx_word' id='word_1_379' title='bbox 505 2614 635 2642; x_wconf 79' lang='lat' dir='ltr'>macula</span> <span class='ocrx_word' id='word_1_380' title='bbox 651 2617 681 2642; x_wconf 82' lang='lat' dir='ltr'>et</span> <span class='ocrx_word' id='word_1_381' title='bbox 695 2614 791 2643; x_wconf 68' lang='lat' dir='ltr'>labes.</span> 
     </span>
     <span class='ocr_line' id='line_1_50' title="bbox 91 2652 790 2694; baseline 0.004 -11"><span class='ocrx_word' id='word_1_382' title='bbox 91 2652 149 2683; x_wconf 84' lang='lat' dir='ltr'>ille</span> <span class='ocrx_word' id='word_1_383' title='bbox 163 2653 242 2684; x_wconf 89' lang='lat' dir='ltr'>ordo</span> <span class='ocrx_word' id='word_1_384' title='bbox 257 2654 424 2684; x_wconf 81' lang='lat' dir='ltr'>venustior</span> <span class='ocrx_word' id='word_1_385' title='bbox 438 2660 471 2684; x_wconf 85' lang='lat' dir='ltr'>et</span> <span class='ocrx_word' id='word_1_386' title='bbox 486 2655 589 2694; x_wconf 82' lang='lat' dir='ltr'>magis</span> <span class='ocrx_word' id='word_1_387' title='bbox 605 2655 790 2686; x_wconf 80' lang='lat' dir='ltr'>Ciceronia-</span> 
     </span>
     <span class='ocr_line' id='line_1_51' title="bbox 93 2704 242 2725; baseline -0.013 0"><span class='ocrx_word' id='word_1_388' title='bbox 93 2704 165 2725; x_wconf 83' lang='lat' dir='ltr'>nus.</span> <span class='ocrx_word' id='word_1_389' title='bbox 239 2722 242 2723; x_wconf 41' lang='lat'>.</span> 
     </span>
     <span class='ocr_line' id='line_1_52' title="bbox 50 2735 790 2786; baseline 0.003 -20"><span class='ocrx_word' id='word_1_390' title='bbox 50 2771 53 2773; x_wconf 28' lang='lat'><strong>¹</strong></span> <span class='ocrx_word' id='word_1_391' title='bbox 136 2736 178 2767; x_wconf 84' lang='lat'>36</span> <span class='ocrx_word' id='word_1_392' title='bbox 193 2735 556 2777; x_wconf 74' lang='lat' dir='ltr'>florent—inliingere]</span> <span class='ocrx_word' id='word_1_393' title='bbox 582 2738 635 2768; x_wconf 82' lang='lat' dir='ltr'>Sic</span> <span class='ocrx_word' id='word_1_394' title='bbox 652 2738 724 2768; x_wconf 82' lang='lat' dir='ltr'>edd.</span> <span class='ocrx_word' id='word_1_395' title='bbox 741 2749 790 2786; x_wconf 76' lang='lat' dir='ltr'>pr.</span> 
     </span>
    </p>

    <p class='ocr_par' dir='ltr' id='par_1_10' title="bbox 89 2778 795 2905">
     <span class='ocr_line' id='line_1_53' title="bbox 92 2778 792 2821; baseline 0.004 -14"><span class='ocrx_word' id='word_1_396' title='bbox 92 2778 139 2808; x_wconf 84' lang='lat' dir='ltr'>sic</span> <span class='ocrx_word' id='word_1_397' title='bbox 153 2778 250 2808; x_wconf 90' lang='lat' dir='ltr'>Grut.</span> <span class='ocrx_word' id='word_1_398' title='bbox 266 2779 412 2810; x_wconf 68' lang='lat' dir='ltr'>Graexius</span> <span class='ocrx_word' id='word_1_399' title='bbox 434 2781 535 2810; x_wconf 82' lang='lat' dir='ltr'>tacite</span> <span class='ocrx_word' id='word_1_400' title='bbox 549 2780 651 2810; x_wconf 81' lang='lat' dir='ltr'>edidit</span> <span class='ocrx_word' id='word_1_401' title='bbox 672 2780 792 2821; x_wconf 59' lang='lat' dir='ltr'>restin-</span> 
     </span>
     <span class='ocr_line' id='line_1_54' title="bbox 89 2820 794 2862; baseline 0.004 -12"><span class='ocrx_word' id='word_1_402' title='bbox 89 2830 181 2858; x_wconf 26' lang='lat' dir='ltr'>gffere</span> <span class='ocrx_word' id='word_1_403' title='bbox 203 2820 289 2859; x_wconf 88' lang='lat' dir='ltr'>quod</span> <span class='ocrx_word' id='word_1_404' title='bbox 311 2822 408 2852; x_wconf 82' lang='lat' dir='ltr'>verbo</span> <span class='ocrx_word' id='word_1_405' title='bbox 424 2821 547 2862; x_wconf 85' lang='lat' dir='ltr'>florem</span> <span class='ocrx_word' id='word_1_406' title='bbox 572 2822 681 2862; x_wconf 70' lang='lat' dir='ltr'>aptius</span> <span class='ocrx_word' id='word_1_407' title='bbox 706 2823 794 2853; x_wconf 80' lang='lat' dir='ltr'>vide-</span> 
     </span>
     <span class='ocr_line' id='line_1_55' title="bbox 91 2862 795 2905; baseline 0.006 -13"><span class='ocrx_word' id='word_1_408' title='bbox 91 2866 167 2893; x_wconf 80' lang='lat' dir='ltr'>tur:</span> <span class='ocrx_word' id='word_1_409' title='bbox 185 2862 233 2894; x_wconf 56' lang='lat' dir='ltr'>ini</span> <span class='ocrx_word' id='word_1_410' title='bbox 224 2863 271 2894; x_wconf 83' lang='lat' dir='ltr'>ra</span> <span class='ocrx_word' id='word_1_411' title='bbox 286 2867 337 2895; x_wconf 88' lang='lat' dir='ltr'>est</span> <span class='ocrx_word' id='word_1_412' title='bbox 350 2865 495 2904; x_wconf 71' lang='lat' dir='ltr'>gloriam</span> <span class='ocrx_word' id='word_1_413' title='bbox 510 2862 705 2905; x_wconf 75' lang='lat' dir='ltr'>insring.ere</span> <span class='ocrx_word' id='word_1_414' title='bbox 723 2865 795 2905; x_wconf 76' lang='lat' dir='ltr'>Ipse</span> 
     </span>
    </p>
   </div>
   <div class='ocr_carea' id='block_1_5' title="bbox 826 1686 1566 2906">
    <p class='ocr_par' dir='ltr' id='par_1_11' title="bbox 826 1686 1566 2391">
     <span class='ocr_line' id='line_1_56' title="bbox 873 1686 1532 1726; baseline 0 -9"><span class='ocrx_word' id='word_1_415' title='bbox 873 1690 911 1720; x_wconf 75' lang='lat'>37</span> <span class='ocrx_word' id='word_1_416' title='bbox 925 1692 1023 1726; x_wconf 76' lang='lat' dir='ltr'>atque</span> <span class='ocrx_word' id='word_1_417' title='bbox 1037 1687 1141 1726; x_wconf 79' lang='lat' dir='ltr'>equite</span> <span class='ocrx_word' id='word_1_418' title='bbox 1156 1686 1251 1716; x_wconf 79' lang='lat' dir='ltr'>Rom.</span> <span class='ocrx_word' id='word_1_419' title='bbox 1254 1686 1267 1725; x_wconf 92' lang='lat'>]</span> <span class='ocrx_word' id='word_1_420' title='bbox 1285 1686 1370 1716; x_wconf 89' lang='lat' dir='ltr'>Puto</span> <span class='ocrx_word' id='word_1_421' title='bbox 1383 1687 1532 1718; x_wconf 79' lang='lat' dir='ltr'><strong><em>Romano</em></strong></span> 
     </span>
     <span class='ocr_line' id='line_1_57' title="bbox 831 1728 1532 1761; baseline 0 -2"><span class='ocrx_word' id='word_1_422' title='bbox 831 1738 899 1759; x_wconf 77' lang='lat' dir='ltr'>esse</span> <span class='ocrx_word' id='word_1_423' title='bbox 922 1729 1109 1759; x_wconf 82' lang='lat' dir='ltr'>delendum.</span> <span class='ocrx_word' id='word_1_424' title='bbox 1154 1728 1240 1758; x_wconf 83' lang='lat' dir='ltr'>Nam</span> <span class='ocrx_word' id='word_1_425' title='bbox 1261 1729 1374 1759; x_wconf 88' lang='lat' dir='ltr'>Cicero</span> <span class='ocrx_word' id='word_1_426' title='bbox 1391 1729 1462 1759; x_wconf 78' lang='lat' dir='ltr'>vult</span> <span class='ocrx_word' id='word_1_427' title='bbox 1484 1730 1532 1761; x_wconf 91' lang='lat' dir='ltr'>di-</span> 
     </span>
     <span class='ocr_line' id='line_1_58' title="bbox 831 1770 1531 1808; baseline 0 -7"><span class='ocrx_word' id='word_1_428' title='bbox 831 1781 915 1807; x_wconf 85' lang='lat' dir='ltr'>cere,</span> <span class='ocrx_word' id='word_1_429' title='bbox 932 1771 964 1801; x_wconf 84' lang='lat' dir='ltr'>id</span> <span class='ocrx_word' id='word_1_430' title='bbox 980 1771 1118 1808; x_wconf 80' lang='lat' dir='ltr'>factum,</span> <span class='ocrx_word' id='word_1_431' title='bbox 1132 1781 1208 1800; x_wconf 86' lang='lat' dir='ltr'>curn</span> <span class='ocrx_word' id='word_1_432' title='bbox 1223 1770 1330 1801; x_wconf 82' lang='lat' dir='ltr'>adhuc</span> <span class='ocrx_word' id='word_1_433' title='bbox 1344 1771 1531 1802; x_wconf 79' lang='lat' dir='ltr'>adolescens</span> 
     </span>
     <span class='ocr_line' id='line_1_59' title="bbox 831 1813 1531 1852; baseline 0 -9"><span class='ocrx_word' id='word_1_434' title='bbox 831 1818 865 1843; x_wconf 86' lang='lat' dir='ltr'>et</span> <span class='ocrx_word' id='word_1_435' title='bbox 881 1818 1013 1844; x_wconf 85' lang='lat' dir='ltr'>tantum</span> <span class='ocrx_word' id='word_1_436' title='bbox 1029 1823 1138 1852; x_wconf 86' lang='lat' dir='ltr'>eques,</span> <span class='ocrx_word' id='word_1_437' title='bbox 1155 1813 1299 1843; x_wconf 86' lang='lat' dir='ltr'>nondum</span> <span class='ocrx_word' id='word_1_438' title='bbox 1319 1815 1531 1852; x_wconf 71' lang='lat' dir='ltr'>magistratus</span> 
     </span>
     <span class='ocr_line' id='line_1_60' title="bbox 833 1855 1531 1894; baseline 0.001 -9"><span class='ocrx_word' id='word_1_439' title='bbox 833 1860 927 1885; x_wconf 85' lang='lat' dir='ltr'>esset.</span> <span class='ocrx_word' id='word_1_440' title='bbox 942 1855 976 1885; x_wconf 88' lang='lat' dir='ltr'>in</span> <span class='ocrx_word' id='word_1_441' title='bbox 991 1865 1054 1894; x_wconf 84' lang='lat' dir='ltr'>quo</span> <span class='ocrx_word' id='word_1_442' title='bbox 1071 1855 1241 1886; x_wconf 70' lang='lat' dir='ltr'>Romanus</span> <span class='ocrx_word' id='word_1_443' title='bbox 1255 1865 1320 1885; x_wconf 86' lang='lat' dir='ltr'>non</span> <span class='ocrx_word' id='word_1_444' title='bbox 1339 1856 1424 1886; x_wconf 83' lang='lat' dir='ltr'>solet</span> <span class='ocrx_word' id='word_1_445' title='bbox 1446 1855 1531 1886; x_wconf 80' lang='lat' dir='ltr'>addi.</span> 
     </span>
     <span class='ocr_line' id='line_1_61' title="bbox 828 1897 1532 1937; baseline 0 -9"><span class='ocrx_word' id='word_1_446' title='bbox 828 1898 936 1937; x_wconf 83' lang='lat' dir='ltr'>Atque</span> <span class='ocrx_word' id='word_1_447' title='bbox 951 1908 989 1928; x_wconf 91' lang='lat' dir='ltr'>eo</span> <span class='ocrx_word' id='word_1_448' title='bbox 1003 1903 1166 1937; x_wconf 81' lang='lat' dir='ltr'>tempore,</span> <span class='ocrx_word' id='word_1_449' title='bbox 1182 1907 1256 1927; x_wconf 87' lang='lat' dir='ltr'>cum</span> <span class='ocrx_word' id='word_1_450' title='bbox 1271 1897 1400 1936; x_wconf 76' lang='lat' dir='ltr'>quidam</span> <span class='ocrx_word' id='word_1_451' title='bbox 1417 1907 1532 1928; x_wconf 89' lang='lat' dir='ltr'>censu-</span> 
     </span>
     <span class='ocr_line' id='line_1_62' title="bbox 830 1939 1566 1980; baseline 0.003 -12"><span class='ocrx_word' id='word_1_452' title='bbox 830 1940 944 1976; x_wconf 85' lang='lat' dir='ltr'>issent,</span> <span class='ocrx_word' id='word_1_453' title='bbox 962 1940 1155 1980; x_wconf 84' lang='lat' dir='ltr'>Pompeium</span> <span class='ocrx_word' id='word_1_454' title='bbox 1180 1940 1214 1969; x_wconf 88' lang='lat' dir='ltr'>in</span> <span class='ocrx_word' id='word_1_455' title='bbox 1240 1939 1433 1979; x_wconf 81' lang='lat' dir='ltr'>Hispaniam</span> <span class='ocrx_word' id='word_1_456' title='bbox 1452 1940 1533 1970; x_wconf 84' lang='lat' dir='ltr'>mit·</span> <span class='ocrx_word' id='word_1_457' title='bbox 1554 1963 1566 1977; x_wconf 59' lang='lat'>,</span> 
     </span>
     <span class='ocr_line' id='line_1_63' title="bbox 831 1981 1533 2022; baseline 0.001 -11"><span class='ocrx_word' id='word_1_458' title='bbox 831 1982 982 2018; x_wconf 83' lang='lat' dir='ltr'>tendum,</span> <span class='ocrx_word' id='word_1_459' title='bbox 1006 1982 1089 2012; x_wconf 85' lang='lat' dir='ltr'>dixit</span> <span class='ocrx_word' id='word_1_460' title='bbox 1110 1981 1255 2020; x_wconf 81' lang='lat' dir='ltr'>quidam,</span> <span class='ocrx_word' id='word_1_461' title='bbox 1277 1983 1415 2022; x_wconf 80' lang='lat' dir='ltr'>equitem</span> <span class='ocrx_word' id='word_1_462' title='bbox 1435 1981 1475 2013; x_wconf 89' lang='lat' dir='ltr'>ad</span> <span class='ocrx_word' id='word_1_463' title='bbox 1500 1982 1533 2012; x_wconf 90' lang='lat' dir='ltr'>id</span> 
     </span>
     <span class='ocr_line' id='line_1_64' title="bbox 833 2023 1531 2063; baseline 0.001 -10"><span class='ocrx_word' id='word_1_464' title='bbox 833 2024 957 2054; x_wconf 84' lang='lat' dir='ltr'>bellum</span> <span class='ocrx_word' id='word_1_465' title='bbox 973 2024 1062 2054; x_wconf 87' lang='lat' dir='ltr'>mitti</span> <span class='ocrx_word' id='word_1_466' title='bbox 1078 2033 1145 2054; x_wconf 89' lang='lat' dir='ltr'>non</span> <span class='ocrx_word' id='word_1_467' title='bbox 1159 2023 1287 2054; x_wconf 82' lang='lat' dir='ltr'>debere.</span> <span class='ocrx_word' id='word_1_468' title='bbox 1323 2024 1531 2063; x_wconf 71' lang='lat' dir='ltr'>Quamquam</span> 
     </span>
     <span class='ocr_line' id='line_1_65' title="bbox 833 2065 1533 2097; baseline 0.001 -2"><span class='ocrx_word' id='word_1_469' title='bbox 833 2073 866 2095; x_wconf 79' lang='lat' dir='ltr'>ct</span> <span class='ocrx_word' id='word_1_470' title='bbox 882 2066 1000 2096; x_wconf 83' lang='lat' dir='ltr'>Manil.</span> <span class='ocrx_word' id='word_1_471' title='bbox 1015 2068 1066 2096; x_wconf 73' lang='lat'>21.</span> <span class='ocrx_word' id='word_1_472' title='bbox 1090 2070 1140 2095; x_wconf 85' lang='lat' dir='ltr'>est</span> <span class='ocrx_word' id='word_1_473' title='bbox 1159 2065 1221 2095; x_wconf 82' lang='lat' dir='ltr'>hac</span> <span class='ocrx_word' id='word_1_474' title='bbox 1243 2066 1277 2095; x_wconf 90' lang='lat' dir='ltr'>in</span> <span class='ocrx_word' id='word_1_475' title='bbox 1301 2075 1357 2097; x_wconf 82' lang='lat' dir='ltr'>re:</span> <span class='ocrx_word' id='word_1_476' title='bbox 1381 2077 1455 2096; x_wconf 84' lang='lat' dir='ltr'>cum</span> <span class='ocrx_word' id='word_1_477' title='bbox 1470 2067 1533 2096; x_wconf 83' lang='lat' dir='ltr'>cluo</span> 
     </span>
     <span class='ocr_line' id='line_1_66' title="bbox 840 2107 1531 2148; baseline -0.001 -10"><span class='ocrx_word' id='word_1_478' title='bbox 840 2109 988 2138; x_wconf 77' lang='lat' dir='ltr'>Consules</span> <span class='ocrx_word' id='word_1_479' title='bbox 997 2109 1155 2138; x_wconf 72' lang='lat' dir='ltr'>clarissim</span> <span class='ocrx_word' id='word_1_480' title='bbox 1161 2107 1300 2148; x_wconf 58' lang='lat' dir='ltr'>{fortis-si</span> <span class='ocrx_word' id='word_1_481' title='bbox 1304 2109 1409 2146; x_wconf 77' lang='lat' dir='ltr'>mique</span> <span class='ocrx_word' id='word_1_482' title='bbox 1417 2113 1531 2145; x_wconf 79' lang='lat' dir='ltr'>essent,</span> 
     </span>
     <span class='ocr_line' id='line_1_67' title="bbox 832 2150 1534 2189; baseline 0.003 -10"><span class='ocrx_word' id='word_1_483' title='bbox 832 2160 923 2189; x_wconf 79' lang='lat' dir='ltr'>eques</span> <span class='ocrx_word' id='word_1_484' title='bbox 936 2150 1106 2181; x_wconf 78' lang='lat' dir='ltr'>Romanus</span> <span class='ocrx_word' id='word_1_485' title='bbox 1117 2150 1162 2179; x_wconf 79' lang='lat' dir='ltr'>ad</span> <span class='ocrx_word' id='word_1_486' title='bbox 1175 2151 1293 2180; x_wconf 78' lang='lat' dir='ltr'>bellum</span> <span class='ocrx_word' id='word_1_487' title='bbox 1306 2152 1534 2181; x_wconf 64' lang='lat' dir='ltr'>maximum—-</span> 
     </span>
     <span class='ocr_line' id='line_1_68' title="bbox 826 2193 1533 2232; baseline 0.001 -10"><span class='ocrx_word' id='word_1_488' title='bbox 826 2202 889 2232; x_wconf 79' lang='lat' dir='ltr'>pro</span> <span class='ocrx_word' id='word_1_489' title='bbox 903 2194 1031 2222; x_wconf 72' lang='lat' dir='ltr'>consule</span> <span class='ocrx_word' id='word_1_490' title='bbox 1052 2193 1238 2222; x_wconf 70' lang='lat' dir='ltr'>mitteretur</span> <span class='ocrx_word' id='word_1_491' title='bbox 1249 2206 1257 2221; x_wconf 94' lang='lat'>.·</span> <span class='ocrx_word' id='word_1_492' title='bbox 1282 2193 1343 2222; x_wconf 76' lang='lat' dir='ltr'>nisi</span> <span class='ocrx_word' id='word_1_493' title='bbox 1358 2199 1392 2223; x_wconf 84' lang='lat' dir='ltr'>et</span> <span class='ocrx_word' id='word_1_494' title='bbox 1408 2193 1452 2223; x_wconf 88' lang='lat' dir='ltr'>ibi</span> <span class='ocrx_word' id='word_1_495' title='bbox 1469 2194 1533 2223; x_wconf 63' lang='lat' dir='ltr'>Ro:</span> 
     </span>
     <span class='ocr_line' id='line_1_69' title="bbox 834 2234 1534 2271; baseline 0.001 -6"><span class='ocrx_word' id='word_1_496' title='bbox 834 2244 952 2265; x_wconf 78' lang='lat' dir='ltr'>manus</span> <span class='ocrx_word' id='word_1_497' title='bbox 967 2234 1153 2264; x_wconf 79' lang='lat' dir='ltr'>delendum.</span> <span class='ocrx_word' id='word_1_498' title='bbox 1180 2244 1256 2264; x_wconf 81' lang='lat' dir='ltr'>nam</span> <span class='ocrx_word' id='word_1_499' title='bbox 1279 2239 1314 2264; x_wconf 87' lang='lat' dir='ltr'>et</span> <span class='ocrx_word' id='word_1_500' title='bbox 1335 2235 1425 2271; x_wconf 80' lang='lat' dir='ltr'>alibi,</span> <span class='ocrx_word' id='word_1_501' title='bbox 1448 2237 1534 2266; x_wconf 77' lang='lat' dir='ltr'>sicut</span> 
     </span>
     <span class='ocr_line' id='line_1_70' title="bbox 827 2275 1533 2316; baseline 0.003 -10"><span class='ocrx_word' id='word_1_502' title='bbox 827 2278 955 2316; x_wconf 83' lang='lat' dir='ltr'>populo,</span> <span class='ocrx_word' id='word_1_503' title='bbox 980 2277 1025 2306; x_wconf 71' lang='lat' dir='ltr'>siv</span> <span class='ocrx_word' id='word_1_504' title='bbox 1040 2277 1138 2316; x_wconf 76' lang='lat' dir='ltr'>equiti</span> <span class='ocrx_word' id='word_1_505' title='bbox 1160 2275 1223 2306; x_wconf 87' lang='lat' dir='ltr'>hoc</span> <span class='ocrx_word' id='word_1_506' title='bbox 1247 2287 1266 2306; x_wconf 83' lang='lat' dir='ltr'>a</span> <span class='ocrx_word' id='word_1_507' title='bbox 1285 2277 1425 2308; x_wconf 76' lang='lat' dir='ltr'>librariis</span> <span class='ocrx_word' id='word_1_508' title='bbox 1443 2278 1533 2308; x_wconf 86' lang='lat' dir='ltr'>addi-</span> 
     </span>
     <span class='ocr_line' id='line_1_71' title="bbox 830 2318 1532 2358; baseline 0.003 -10"><span class='ocrx_word' id='word_1_509' title='bbox 830 2327 915 2349; x_wconf 86' lang='lat' dir='ltr'>tum.</span> <span class='ocrx_word' id='word_1_510' title='bbox 971 2319 1034 2349; x_wconf 89' lang='lat' dir='ltr'>Sed</span> <span class='ocrx_word' id='word_1_511' title='bbox 1070 2318 1123 2349; x_wconf 83' lang='lat' dir='ltr'>hic</span> <span class='ocrx_word' id='word_1_512' title='bbox 1158 2328 1286 2358; x_wconf 83' lang='lat' dir='ltr'>quoque</span> <span class='ocrx_word' id='word_1_513' title='bbox 1322 2319 1432 2350; x_wconf 88' lang='lat' dir='ltr'>durius</span> <span class='ocrx_word' id='word_1_514' title='bbox 1469 2326 1532 2358; x_wconf 80' lang='lat' dir='ltr'>est,</span> 
     </span>
     <span class='ocr_line' id='line_1_72' title="bbox 832 2361 1000 2400; baseline 0 -10"><span class='ocrx_word' id='word_1_515' title='bbox 832 2371 929 2400; x_wconf 80' lang='lat' dir='ltr'>quani</span> <span class='ocrx_word' id='word_1_516' title='bbox 946 2361 1000 2391; x_wconf 91' lang='lat' dir='ltr'>ibi.</span> 
     </span>
    </p>

    <p class='ocr_par' dir='ltr' id='par_1_12' title="bbox 832 2403 1534 2644">
     <span class='ocr_line' id='line_1_73' title="bbox 873 2403 1531 2443; baseline 0.002 -10.012"><span class='ocrx_word' id='word_1_517' title='bbox 873 2406 912 2434; x_wconf 67' lang='lat'>:38</span> <span class='ocrx_word' id='word_1_518' title='bbox 927 2404 1052 2442; x_wconf 73' lang='lat' dir='ltr'>sempit.</span> <span class='ocrx_word' id='word_1_519' title='bbox 1069 2412 1101 2432; x_wconf 76' lang='grc' dir='ltr'>η.</span> <span class='ocrx_word' id='word_1_520' title='bbox 1114 2403 1170 2439; x_wconf 57' lang='lat' dir='ltr'>ala.</span> <span class='ocrx_word' id='word_1_521' title='bbox 1173 2403 1225 2432; x_wconf 78' lang='lat' dir='ltr'>ria</span> <span class='ocrx_word' id='word_1_522' title='bbox 1240 2404 1354 2433; x_wconf 71' lang='lat' dir='ltr'>nitere,</span> <span class='ocrx_word' id='word_1_523' title='bbox 1355 2404 1437 2443; x_wconf 79' lang='lat' dir='ltr'>ztur]</span> <span class='ocrx_word' id='word_1_524' title='bbox 1453 2404 1531 2434; x_wconf 78' lang='lat' dir='ltr'>Non</span> 
     </span>
     <span class='ocr_line' id='line_1_74' title="bbox 833 2445 1534 2485; baseline 0.003 -10"><span class='ocrx_word' id='word_1_525' title='bbox 833 2455 881 2475; x_wconf 87' lang='lat' dir='ltr'>res</span> <span class='ocrx_word' id='word_1_526' title='bbox 908 2452 1009 2484; x_wconf 74' lang='lat' dir='ltr'>gestae</span> <span class='ocrx_word' id='word_1_527' title='bbox 1034 2446 1188 2475; x_wconf 82' lang='lat' dir='ltr'>nituntur</span> <span class='ocrx_word' id='word_1_528' title='bbox 1210 2445 1326 2484; x_wconf 81' lang='lat' dir='ltr'>gloria,</span> <span class='ocrx_word' id='word_1_529' title='bbox 1350 2446 1406 2475; x_wconf 85' lang='lat' dir='ltr'>sed</span> <span class='ocrx_word' id='word_1_530' title='bbox 1428 2446 1534 2485; x_wconf 77' lang='lat' dir='ltr'>gloria</span> 
     </span>
     <span class='ocr_line' id='line_1_75' title="bbox 832 2487 1532 2527; baseline 0.003 -10"><span class='ocrx_word' id='word_1_531' title='bbox 832 2488 928 2517; x_wconf 69' lang='lat' dir='ltr'>rebus</span> <span class='ocrx_word' id='word_1_532' title='bbox 943 2488 1052 2527; x_wconf 79' lang='lat' dir='ltr'>gestis,</span> <span class='ocrx_word' id='word_1_533' title='bbox 1098 2487 1213 2526; x_wconf 79' lang='lat' dir='ltr'>Itaque</span> <span class='ocrx_word' id='word_1_534' title='bbox 1230 2487 1311 2517; x_wconf 86' lang='lat' dir='ltr'>mihi</span> <span class='ocrx_word' id='word_1_535' title='bbox 1324 2497 1410 2527; x_wconf 77' lang='lat' dir='ltr'>saepe</span> <span class='ocrx_word' id='word_1_536' title='bbox 1426 2489 1532 2519; x_wconf 77' lang='lat' dir='ltr'>visum</span> 
     </span>
     <span class='ocr_line' id='line_1_76' title="bbox 833 2529 1532 2567; baseline 0.001 -8"><span class='ocrx_word' id='word_1_537' title='bbox 833 2534 883 2559; x_wconf 83' lang='lat' dir='ltr'>cst</span> <span class='ocrx_word' id='word_1_538' title='bbox 897 2529 1071 2567; x_wconf 72' lang='lat' dir='ltr'>legendum</span> <span class='ocrx_word' id='word_1_539' title='bbox 1087 2533 1269 2559; x_wconf 74' lang='lat' dir='ltr'>uterentur.</span> <span class='ocrx_word' id='word_1_540' title='bbox 1308 2529 1352 2559; x_wconf 89' lang='lat' dir='ltr'>Et</span> <span class='ocrx_word' id='word_1_541' title='bbox 1367 2530 1445 2560; x_wconf 81' lang='lat' dir='ltr'>alibi</span> <span class='ocrx_word' id='word_1_542' title='bbox 1462 2531 1532 2560; x_wconf 79' lang='lat' dir='ltr'>haec</span> 
     </span>
     <span class='ocr_line' id='line_1_77' title="bbox 833 2571 1533 2611; baseline 0.003 -10"><span class='ocrx_word' id='word_1_543' title='bbox 833 2572 931 2602; x_wconf 84' lang='lat' dir='ltr'>verba</span> <span class='ocrx_word' id='word_1_544' title='bbox 946 2572 1082 2602; x_wconf 80' lang='lat' dir='ltr'>confusa</span> <span class='ocrx_word' id='word_1_545' title='bbox 1093 2577 1173 2601; x_wconf 85' lang='lat' dir='ltr'>suut</span> <span class='ocrx_word' id='word_1_546' title='bbox 1186 2571 1287 2601; x_wconf 79' lang='lat' dir='ltr'>etiam</span> <span class='ocrx_word' id='word_1_547' title='bbox 1303 2571 1389 2611; x_wconf 74' lang='lat' dir='ltr'>apud</span> <span class='ocrx_word' id='word_1_548' title='bbox 1403 2573 1533 2603; x_wconf 83' lang='lat' dir='ltr'>Cicero·-</span> 
     </span>
     <span class='ocr_line' id='line_1_78' title="bbox 835 2623 923 2644; baseline 0.011 -1"><span class='ocrx_word' id='word_1_549' title='bbox 835 2623 923 2644; x_wconf 87' lang='lat' dir='ltr'>nem.</span> 
     </span>
    </p>

    <p class='ocr_par' dir='ltr' id='par_1_13' title="bbox 833 2656 1537 2906">
     <span class='ocr_line' id='line_1_79' title="bbox 876 2656 1534 2693; baseline -0.003 -7"><span class='ocrx_word' id='word_1_550' title='bbox 876 2659 916 2690; x_wconf 78' lang='lat'>39</span> <span class='ocrx_word' id='word_1_551' title='bbox 931 2656 1014 2686; x_wconf 77' lang='lat' dir='ltr'>nihil</span> <span class='ocrx_word' id='word_1_552' title='bbox 1029 2656 1109 2685; x_wconf 68' lang='lat' dir='ltr'>mim</span> <span class='ocrx_word' id='word_1_553' title='bbox 1123 2656 1195 2685; x_wconf 67' lang='lat' dir='ltr'>nor-1·</span> <span class='ocrx_word' id='word_1_554' title='bbox 1200 2678 1207 2689; x_wconf 93' lang='lat'><strong>‚</strong></span> <span class='ocrx_word' id='word_1_555' title='bbox 1222 2656 1306 2686; x_wconf 78' lang='lat' dir='ltr'>m&#39;lzil</span> <span class='ocrx_word' id='word_1_556' title='bbox 1317 2656 1534 2693; x_wconf 69' lang='lat' dir='ltr'>integri—re—</span> 
     </span>
     <span class='ocr_line' id='line_1_80' title="bbox 835 2697 1534 2737; baseline -0.001 -9"><span class='ocrx_word' id='word_1_557' title='bbox 835 2697 944 2737; x_wconf 75' lang='lat' dir='ltr'>liquit]</span> <span class='ocrx_word' id='word_1_558' title='bbox 962 2698 1039 2727; x_wconf 84' lang='lat' dir='ltr'>Non</span> <span class='ocrx_word' id='word_1_559' title='bbox 1055 2698 1148 2728; x_wconf 87' lang='lat' dir='ltr'>credo</span> <span class='ocrx_word' id='word_1_560' title='bbox 1165 2703 1291 2727; x_wconf 78' lang='lat' dir='ltr'>rectum</span> <span class='ocrx_word' id='word_1_561' title='bbox 1305 2707 1373 2727; x_wconf 80' lang='lat' dir='ltr'>esse</span> <span class='ocrx_word' id='word_1_562' title='bbox 1389 2698 1473 2726; x_wconf 78' lang='lat' dir='ltr'>nihil</span> <span class='ocrx_word' id='word_1_563' title='bbox 1483 2698 1534 2727; x_wconf 76' lang='lat' dir='ltr'>in-</span> 
     </span>
     <span class='ocr_line' id='line_1_81' title="bbox 833 2739 1536 2779; baseline -0.001 -10"><span class='ocrx_word' id='word_1_564' title='bbox 833 2741 931 2778; x_wconf 71' lang='lat' dir='ltr'>tegri.</span> <span class='ocrx_word' id='word_1_565' title='bbox 955 2739 1120 2770; x_wconf 77' lang='lat' dir='ltr'>Latinitas</span> <span class='ocrx_word' id='word_1_566' title='bbox 1134 2739 1279 2779; x_wconf 78' lang='lat' dir='ltr'>postulat</span> <span class='ocrx_word' id='word_1_567' title='bbox 1294 2740 1471 2777; x_wconf 77' lang='lat' dir='ltr'>integrum.</span> <span class='ocrx_word' id='word_1_568' title='bbox 1486 2740 1536 2769; x_wconf 90' lang='lat' dir='ltr'>ni-</span> 
     </span>
     <span class='ocr_line' id='line_1_82' title="bbox 834 2780 1535 2821; baseline 0 -10"><span class='ocrx_word' id='word_1_569' title='bbox 834 2782 882 2812; x_wconf 86' lang='lat' dir='ltr'>hil</span> <span class='ocrx_word' id='word_1_570' title='bbox 897 2781 993 2812; x_wconf 83' lang='lat' dir='ltr'>alicui</span> <span class='ocrx_word' id='word_1_571' title='bbox 1010 2782 1176 2821; x_wconf 79' lang='lat' dir='ltr'>integrum</span> <span class='ocrx_word' id='word_1_572' title='bbox 1193 2781 1386 2819; x_wconf 87' lang='lat' dir='ltr'>relinquere,</span> <span class='ocrx_word' id='word_1_573' title='bbox 1402 2780 1535 2818; x_wconf 84' lang='lat' dir='ltr'>dicitur,</span> 
     </span>
     <span class='ocr_line' id='line_1_83' title="bbox 835 2823 1537 2862; baseline 0 -9"><span class='ocrx_word' id='word_1_574' title='bbox 835 2833 916 2860; x_wconf 89' lang='lat' dir='ltr'>non,</span> <span class='ocrx_word' id='word_1_575' title='bbox 947 2823 1031 2854; x_wconf 83' lang='lat' dir='ltr'>nihil</span> <span class='ocrx_word' id='word_1_576' title='bbox 1060 2824 1181 2862; x_wconf 80' lang='lat' dir='ltr'>integri</span> <span class='ocrx_word' id='word_1_577' title='bbox 1211 2823 1405 2861; x_wconf 86' lang='lat' dir='ltr'>relinquere.</span> <span class='ocrx_word' id='word_1_578' title='bbox 1450 2823 1537 2854; x_wconf 83' lang='lat' dir='ltr'>Puto</span> 
     </span>
     <span class='ocr_line' id='line_1_84' title="bbox 836 2865 1537 2906; baseline -0.001 -9"><span class='ocrx_word' id='word_1_579' title='bbox 836 2865 958 2906; x_wconf 84' lang='lat' dir='ltr'>aliquid</span> <span class='ocrx_word' id='word_1_580' title='bbox 985 2866 1139 2897; x_wconf 78' lang='lat' dir='ltr'>excidisse</span> <span class='ocrx_word' id='word_1_581' title='bbox 1171 2870 1245 2906; x_wconf 79' lang='lat' dir='ltr'>post</span> <span class='ocrx_word' id='word_1_582' title='bbox 1272 2865 1413 2897; x_wconf 79' lang='lat' dir='ltr'>alterum</span> <span class='ocrx_word' id='word_1_583' title='bbox 1434 2866 1537 2896; x_wconf 61' lang='lat' dir='ltr'>nihii.</span> 
     </span>
    </p>
   </div>
  </div>
 </body>
</html>
