1785 3185
410 78 760 117 PHILIPPICA
785 76 1030 118 QUINTA.
1371 76 1469 112 1323

318 207 386 255 M.
431 205 704 255 TULLII
745 204 1184 253 CICERONIS
1484 236 1518 268 ,ὴ

703 315 747 340 m

124 394 1382 468 M.ANTONIUM

270 517 793 575 PHILIPPICA
857 517 1236 581 QUINTA.

163 636 392 675 ORATio
433 635 695 675 SEPTIMA
733 635 808 672 ET
843 634 1344 675 QUADRAGESIMA.

551 815 954 853 ARGUMENTUM.

41 889 231 927 obsidente
257 887 442 924 Mutinam
472 886 646 927 Antonio,
667 896 738 920 non
758 886 861 920 modo
887 887 966 921 sine
990 890 1136 922 senatus
1163 888 1392 927 auctoritate,
1413 888 1477 924 sed

93 943 207 978 invito
235 942 345 976 etiam
374 943 511 978 senatu,
543 939 605 986 qui
628 937 789 973 Galliam
817 938 1018 974 citeriorem
1051 938 1103 975 D.
1124 939 1254 980 Bruto,
1265 938 1348 985 jam
1367 945 1477 975 antea

89 1006 114 1029 a
134 993 271 1029 Caesare
287 993 423 1030 datum,
441 995 525 1039 post
538 989 613 1036 ejus
630 1001 746 1025 necem
763 990 1048 1039 confirmaverat,
1067 993 1150 1026 novi
1163 992 1335 1034 consules,
1352 992 1478 1028 Pansa

89 1049 126 1081 et
152 1044 311 1085 Hirtius,
329 1043 506 1080 Kalendis
523 1042 610 1078 Jan.
626 1043 746 1091 primo
770 1042 975 1078 consulatus
1003 1043 1074 1085 die,
1097 1049 1289 1080 convocato
1309 1045 1352 1080 tle
1379 1056 1478 1084 more

90 1101 231 1139 senatu,
258 1108 330 1131 non
356 1096 472 1131 solum
500 1096 543 1131 de
572 1094 729 1130 Mutina>
756 1094 950 1136 obsidione,
979 1096 1042 1130 sed
1069 1097 1213 1132 omnino
1232 1097 1275 1132 de
1303 1101 1382 1132 tota
1400 1109 1475 1145 rep,

92 1149 204 1196 deque
221 1148 411 1184 honoribus
429 1153 463 1183 et
477 1149 639 1195 prcemiis
653 1147 737 1183 bene
754 1147 797 1182 de
814 1158 889 1194 rep.
905 1148 1113 1182 meritorum
1132 1160 1175 1183 ac
1192 1151 1418 1191 merentium,
1434 1151 1480 1185 de

92 1201 219 1248 quibus
233 1199 346 1237 XIII.
367 1199 455 1236 Kal.
476 1200 513 1236 S.
535 1198 729 1248 C.factum
748 1203 840 1242 erat,
859 1199 1071 1236 retulerunt.
1103 1199 1208 1241 Quod
1225 1202 1274 1236 ad
1292 1201 1480 1237 Mutinam

93 1255 262 1292 attinuit,
280 1253 416 1288 censuit
438 1253 481 1296 is,
501 1254 564 1300 qui
580 1253 795 1288 sententium
809 1252 951 1299 primus
967 1257 1117 1300 rogatus
1134 1257 1198 1293 est,
1218 1255 1412 1289 mittendos
1430 1254 1480 1290 ad

93 1306 294 1341 Antonium
323 1305 472 1352 legatos,
501 1306 563 1352 qui
590 1308 738 1352 agerent
766 1315 845 1339 cum
871 1314 924 1343 eo,
944 1308 985 1339 ut
1014 1305 1057 1340 ab
1085 1303 1159 1351 ejus
1178 1305 1274 1341 urbis
1298 1306 1482 1341 obsidione

94 1359 290 1394 desisteret.
354 1357 476 1393 Cicero
495 1361 628 1399 autem,
647 1368 711 1391 suo
730 1356 806 1392 loco
824 1360 984 1403 rogatus,
1007 1361 1110 1405 turpe
1128 1361 1162 1392 et
1181 1359 1369 1405 indignum
1390 1360 1481 1394 dicit

93 1421 167 1446 esse
178 1414 322 1446 senatus
339 1421 382 1445 ac
405 1409 535 1458 populi
562 1407 721 1444 Romani.
748 1407 948 1454 majestate,
977 1410 1026 1444 ad
1043 1421 1121 1444 eum
1152 1410 1289 1457 legatos
1318 1412 1361 1446 de
1389 1422 1482 1458 pace

93 1464 250 1504 mittere,
271 1462 315 1498 de
332 1473 403 1509 quo
429 1466 513 1497 ante
536 1473 672 1509 paucos
700 1461 786 1503 dies,
807 1466 993 1509 tamquam
1012 1462 1184 1504 ‹le-hoste,
1208 1464 1426 1509 grat-issima
1447 1467 1482 1498 et

94 1515 317 1550 severissima
337 1513 483 1561 judicia
512 1515 607 1550 idem
631 1518 775 1549 senatus
790 1512 938 1561 fecerit.
993 1513 1217 1550 Decreverat
1246 1517 1340 1550 enim
1367 1514 1484 1552 XIIL

95 1566 183 1603 Kal.
201 1565 290 1603 Jan.
308 1578 378 1614 quo
393 1567 451 1603 die
468 1566 593 1602 habita
611 1570 663 1601 est
682 1567 792 1601 tertia
805 1567 934 1605 oratio,
955 1570 997 1601 ut
1015 1567 1058 1602 de
1069 1566 1261 1603 honoribus
1282 1568 1433 1604 Caesaris
1449 1572 1485 1603 et

99 1619 222 1662 Bruti,
241 1620 304 1667 qui
330 1630 442 1667 remp.
467 1620 615 1667 privato
643 1618 791 1653 consilio
822 1617 1082 1666 defendendam
1105 1626 1345 1668 susceperant,
1373 1622 1491 1669 deque

92 1672 254 1720 prcemiis
273 1671 424 1708 Martia>
442 1677 477 1708 et
503 1671 651 1712 Quartoe
669 1671 861 1718 legionum,
882 1682 970 1718 qua’,
990 1672 1151 1707 Antonio
1178 1673 1317 1712 relicto,
1339 1675 1386 1708 acl
1410 1674 1485 1709 Ca>-

94 1735 213 1760 sarem
238 1735 276 1760 se
293 1724 532 1766 contulerant,
548 1725 668 1771 primo
687 1734 827 1770 quoque
842 1727 1000 1771 tempore
1016 1725 1099 1760 novi
1118 1725 1278 1760 consules
1296 1724 1484 1774 referrent.

97 1775 245 1812 Deinde
259 1776 482 1812 vehementer
498 1776 660 1812 incubuit
689 1775 824 1817 Cicero,
843 1780 884 1811 ut
912 1776 1024 1811 hostis
1031 1775 1264 1822 judicaretur
1289 1780 1487 1820 Antonius,

98 1833 133 1864 et
151 1840 194 1864 ea
211 1829 482 1866 decernerentur
500 1829 543 1864 de
560 1828 752 1865 honoribus
769 1832 805 1864 et
818 1829 990 1876 praemiis,
1011 1840 1089 1876 quae
1101 1834 1246 1865 senatus
1259 1841 1301 1865 esc
1315 1842 1487 1866 novorum

98 1881 283 1917 consulum
299 1881 476 1917 relatione
495 1882 635 1917 decerni
661 1880 729 1916 sibi
742 1880 889 1929 placere
915 1882 1131 1917 ostenderat.
1186 1881 1341 1918 Senatus
1369 1894 1409 1918 eo
1429 1884 1490 1919 die

97 1932 194 1969 nihil
221 1934 388 1973 decrevit,
414 1934 478 1969 sed
504 1935 624 1969 triduo
648 1937 732 1981 post
760 1934 952 1969 mittendos
980 1935 1126 1969 omnino
1149 1936 1298 1975 censuit,
1329 1937 1390 1982 qui
1408 1936 1487 1972 An-

101 1987 201 2021 tonio
236 1986 461 2027 nuntiarent,
486 1997 532 2021 ne
559 1985 738 2021 consulem
775 1986 1003 2033 designatum
1030 1991 1269 2034 oppugnaret,
1299 1999 1341 2022 ne
1369 1987 1489 2024 Muti-

99 2050 185 2073 nam
212 2037 400 2080 obsideret,
418 2049 463 2074 ne
484 2039 712 2085 provinciam
738 2038 1031 2086 depopularetur,
1065 2050 1108 2073 ne
1143 2039 1299 2075 delectus
1328 2040 1487 2083 haberet,

103 2094 193 2126 esset
212 2091 249 2125 in
274 2094 418 2125 senatus
440 2090 640 2138 populique
658 2089 816 2125 Romani
830 2094 1022 2138 potestate.

49 2152 285 2227 NIHIL
308 2193 508 2235 umquam
540 2179 710 2235 longius
747 2178 842 2219 lhis
867 2177 1073 2219 Kalendis
1094 2178 1195 2221 Jan.
1216 2179 1321 2220 mihi
1346 2179 1482 2221 visum
1502 2182 1529 2229 1

52 2246 130 2288 est,
153 2235 301 2277 Pais-es
322 2237 580 2292 conscripti:
613 2236 730 2302 quod
753 2236 865 2277 idem
885 2236 1179 2300 intelligebam
1203 2251 1276 2292 ρει
1299 2237 1376 2278 hos
1394 2238 1518 2287 dies1

55 2295 287 2348 unicuique
321 2294 507 2335 vestium
549 2290 709 2335 videini'
747 2293 821 2348 qui
863 2292 978 2334 enim
1017 2294 1173 2334 bellum
1215 2309 1314 2335 cum
1362 2309 1489 2350 repu-

56 2352 170 2393 blica
205 2360 375 2407 gerunt,
410 2351 524 2392 hunc
563 2351 676 2392 diem
713 2352 831 2391 2Ποιι
864 2352 1192 2406 exspectabant.
1232 2367 1310 2392 nos
1343 2364 1489 2393 autem

57 2417 164 2459 tum,
183 2423 282 2450 cum
299 2409 488 2450 maxime
510 2408 690 2450 consilio
712 2418 860 2449 nostro
879 2408 1106 2449 subvenire
1121 2410 1340 2450 communi
1364 2410 1491 2450 saluti

55 2474 286 2523 oporteret,
327 2467 372 2507 in
411 2476 606 2507 senatum
649 2480 734 2507 non
778 2466 1088 2507 3vocabamur.
1148 2467 1230 2508 Sed
1273 2467 1489 2522 querelam

99 2597 113 2627 l
138 2596 188 2625 his
201 2593 298 2634 Kal]
324 2594 440 2626 Addidi
456 2596 507 2626 his
529 2605 603 2625 cum
619 2595 749 2625 Graevio
792 2595 1009 2634 grammatica
1023 2596 1150 2626 ratione
1164 2600 1198 2626 et
1211 2606 1319 2626 sensu.
1344 2597 1490 2627 Praesens

56 2647 76 2669 e
88 2636 164 2668 Vat.
179 2642 251 2677 post
269 2637 431 2668 Faernum
445 2644 479 2669 et
493 2638 586 2669 alios.
791 2643 916 2676 gerunt
931 2638 1058 2678 decepit
1076 2638 1235 2669 librarios.

94 2681 116 2711 2
135 2688 198 2710 non
220 2680 461 2720 exspectabant]
494 2681 547 2711 Sic
571 2679 745 2719 legendum
827 2683 846 2710 3
861 2682 1130 2720 convocabantur]
1147 2681 1295 2711 Graevius
1308 2686 1381 2721 post
1394 2679 1491 2711 PaEr.

54 2730 122 2752 esse
128 2721 273 2761 judicavi
290 2727 378 2759 ante,
390 2732 486 2761 quam
500 2733 518 2753 e
530 2723 606 2753 Vat.
621 2723 662 2752 ab
675 2721 748 2753 aliis
790 2731 870 2752 num
895 2729 929 2752 et
944 2724 1026 2752 alios
1049 2723 1150 2753 edidit
1173 2724 1382 2760 vocabamur,
1402 2724 1490 2763 quod

57 2764 238 2803 repositum
256 2764 393 2794 scirem:
430 2770 463 2794 et
490 2765 560 2795 sine
586 2765 676 2795 libris
703 2765 749 2794 sic
791 2768 841 2794 est
864 2764 1018 2794 usitatius
1032 2776 1042 2795 ;
1070 2765 1126 2795 sed
1148 2772 1181 2795 et
1197 2766 1366 2795 conuocari
1379 2766 1423 2795 si‹.
1442 2765 1490 2795 di-

55 2806 264 2840 cortexissem
302 2805 474 2846 vulgatum
509 2811 708 2846 exspectant,
731 2817 750 2837 e
792 2806 880 2838 citur
901 2806 986 2840 infra
1000 2817 1029 2840 c.
1051 2809 1097 2838 11.
1114 2811 1147 2838 et
1162 2807 1252 2839 alibi.
1297 2806 1411 2847 Itaque
1437 2808 1487 2839 nil
