1769 3174
553 103 671 143 PRO
696 102 755 141 Μ.
785 101 994 140 COELIO.
1393 106 1487 142 1061

47 219 209 268 quanta
231 209 497 266 impenderet
518 206 704 265 procella
726 205 838 256 urbi,
860 214 1021 259 quanta
1043 212 1273 260 tempestas
1295 205 1459 247 civitati
1479 223 1490 249 ε

49 280 92 311 et
120 282 218 310 cum
252 269 457 324 parietem
489 280 604 322 saepe
634 264 789 305 feriens
821 275 935 312 eum,
963 264 1002 294 83
1015 261 1089 316 qui
1119 275 1220 301 cum
1252 262 1309 307 Q.
1334 262 1492 305 Catulo

50 328 189 368 fuerat
217 325 256 365 ei
289 323 543 374 communis,
565 322 715 363 crebro
748 319 968 369 Catulum,
999 331 1114 373 saepe
1144 331 1227 368 me,
1256 319 1493 374 saepissime

49 381 360 438 rempublicam
401 380 683 422 nominabat:
724 386 772 417 ut
812 390 898 416 non
941 385 1044 426 tam,
1079 388 1129 415 se
1168 375 1319 425 emori,
1361 390 1491 430 quam

51 455 69 482 s
104 439 223 480 oliari
248 454 323 479 suo
357 437 557 494 praesidio
588 449 687 477 cum
719 434 916 490 patriam,
940 441 1031 473 tum
1052 431 1182 472 etiam
1205 445 1289 482 me,
1312 431 1490 475 doleret.

53 455 195 543 {uem
227 496 402 551 quidem
433 495 570 536 virum
603 493 635 533 si
669 491 783 532 nulla
813 490 875 531 vis
907 489 1119 546 repentini
1152 488 1320 529 sceleris
1351 499 1556 533 sustu-60

53 554 194 595 iisset:
227 567 414 607 quonam
445 552 574 593 modo
607 549 674 590 ille
706 548 864 589 furenti
890 546 1009 588 fratri
1032 561 1108 587 suo
1135 545 1313 602 patrueli
1336 561 1491 587 consu-

53 610 151 652 laris
175 610 413 659 restitisset,
435 609 508 664 qui
531 606 680 650 consul
704 605 983 662 incipientem
1014 603 1153 644 furere
1183 612 1311 658 atque
1333 617 1492 644 conan-

57 677 161 718 tem,
183 682 259 708 sua
289 681 332 707 se
362 681 491 707 manu
523 663 862 713 interfecturum,
889 661 1089 702 audiente
1120 669 1285 711 senam,
1307 660 1494 703 dixerit?

57 724 125 766 Ex
149 725 230 765 hac
253 724 386 780 igitur
407 723 536 764 domo
560 734 784 779 progressa
808 720 890 760 ista
912 718 1076 769 mulier,
1099 718 1152 758 de
1173 717 1326 759 veneni
1348 718 1495 760 celeri-

57 791 145 824 tate
177 782 318 822 dicere
351 780 559 821 audebit?
596 779 748 819 Noune
788 777 925 832 ipsam
963 775 1139 816 domum
1175 783 1353 825 metuet,
1387 778 1427 806 84
1444 790 1496 817 ne

59 853 188 894 quam
228 852 375 879 vocem
412 837 587 877 eliciat?
619 849 703 875 non
740 835 921 890 parietes
953 833 1164 883 conscios,
1201 846 1287 872 non
1323 841 1496 874 noctem
1511 837 1544 870 b-

60 895 175 938 illam
199 894 412 936 funestam
435 909 484 935 ac
508 894 744 934 luctuosam
770 891 1061 947 perhorrescet
1081 892 1093 932 ?
1125 889 1208 934 Sed
1232 898 1418 930 revertar
1446 889 1502 932 ad

59 953 237 994 crimen.
268 952 427 993 etenim
458 951 553 991 haec
584 949 699 990 facta
728 948 837 989 illius
859 947 1080 988 clarissimi
1103 961 1153 988 ac
1175 946 1396 987 fortissimi
1423 947 1501 988 viri

61 1009 225 1051 mentio
256 1018 300 1049 et
321 1022 472 1050 vocem
502 1021 641 1049 meam
673 1006 776 1047 fletu
808 1005 1051 1047 debilitavit
1078 1013 1124 1045 et
1145 1013 1333 1046 mentem
1355 1004 1502 1048 dolore

66 1066 308 1123 impedivit.

121 1124 204 1165 Sed
228 1132 371 1164 tamen
393 1135 603 1163 venenum
625 1120 737 1162 unde
759 1118 902 1170 fuerit,
920 1117 1282 1174 quemadmodum
1305 1126 1501 1175 paratum
1515 1110 1586 1161 25

65 1181 135 1232 sit,
168 1195 254 1221 non
287 1179 459 1221 dicitur.
523 1178 684 1219 Datum
718 1192 808 1218 esse
843 1177 926 1217 hoc
959 1176 1080 1217 aiunt
1121 1174 1170 1216 P.
1204 1175 1387 1227 Licinio,
1424 1182 1563 1232 pu-6l

66 1238 186 1279 denti
219 1235 477 1278 adolescenti
510 1247 553 1276 et
588 1236 716 1286 bono,
746 1233 879 1275 Coelii
909 1232 1132 1274 familiari:
1165 1235 1205 1263 85
1219 1234 1506 1276 constitutum

70 1295 235 1337 factum
264 1308 355 1335 esse
395 1307 494 1334 cum
532 1293 678 1344 servis,
711 1300 760 1333 ut
798 1291 993 1332 venirent
1033 1290 1087 1331 ad
1125 1289 1296 1331 balneas
1330 1290 1506 1334 Senias:

66 1352 220 1393 eodem
253 1350 466 1394 Licinium
493 1364 584 1391 esse
611 1358 852 1400 venturum,
882 1356 1011 1404 atque
1043 1347 1094 1388 iis
1117 1348 1268 1388 veneni
1300 1348 1510 1404 pyxidem

67 1409 339 1451 traditurum.
374 1407 462 1448 Hic
485 1408 669 1463 primum
689 1406 793 1447 illud
815 1405 1008 1460 requiro:
1033 1404 1136 1460 quid
1159 1405 1382 1446 attinuerit
1404 1405 1510 1448 illud

69 1467 109 1499 86
124 1466 222 1507 ferri
248 1466 290 1506 in
317 1479 412 1505 eum
438 1464 580 1507 locum
611 1463 958 1518 [constitutum]:
990 1477 1066 1503 cur
1098 1461 1158 1502 illi
1193 1463 1302 1502 servi
1336 1477 1422 1503 non
1455 1463 1511 1505 ad

71 1523 263 1565 Coelium
304 1522 482 1563 domum
516 1522 722 1562 venerint.
762 1520 796 1562 si
831 1521 1033 1561 manebat
1072 1528 1192 1560 tanta
1229 1519 1300 1560 illa
1332 1535 1513 1562 consue-

72 1581 177 1622 tudo
213 1579 344 1620 Coelii
378 1593 476 1620 cum
507 1578 673 1628 Clodia,
700 1587 902 1632 tantaque
935 1576 1226 1618 familiaritas:
1260 1579 1298 1610 87
1311 1577 1416 1632 quid
1444 1593 1514 1619 su-

75 1637 280 1694 spicionis
303 1646 428 1686 esset,
451 1636 484 1676 si
508 1636 620 1692 apud
646 1635 836 1676 Coelium
859 1634 1048 1676 mulieris
1070 1648 1215 1675 servus
1239 1633 1353 1675 visus
1375 1639 1514 1678 esset?

74 1696 139 1737 sin
167 1703 310 1735 autem
334 1693 429 1749 jam
455 1694 627 1733 suberat
651 1693 857 1743 simultas,
880 1693 1098 1733 exstincta
1118 1700 1209 1732 erat
1230 1693 1514 1745 consuetudo,

72 1751 302 1794 discidium
332 1750 585 1792 exstiterat:
619 1750 719 1790 hinc
750 1749 832 1791 illae
865 1749 1065 1805 lacrymae
1098 1749 1316 1800 nimirum,
1345 1759 1387 1791 et
1418 1750 1515 1792 haec

74 1823 203 1852 causa
223 1817 288 1849 est
308 1808 461 1849 horum
485 1807 677 1849 omnium
700 1807 906 1847 scelerum
927 1818 1056 1862 atque
1077 1806 1321 1847 criminum.
1357 1806 1512 1859 Immo,
1524 1819 1576 1855 62

74 1867 231 1921 inquit,
264 1880 363 1906 cum
397 1865 505 1906 servi
539 1865 591 1905 ad
627 1865 847 1906 dominam
880 1878 970 1905 rem
1000 1865 1142 1914 istam,
1177 1874 1221 1904 et
1255 1864 1516 1907 maleficium

77 1922 211 1965 Coelii
233 1922 497 1972 detulissent,
522 1922 670 1963 mulier
700 1922 924 1979 ingeniosa
949 1922 1158 1977 praecepit
1179 1921 1279 1972 suis,
1302 1931 1350 1962 ut
1372 1923 1518 1964 omnia

79 1979 224 2022 Coelio
272 1978 606 2035 pollicerentur:
654 1979 741 2029 sed,
785 1989 830 2019 ut
871 1992 1098 2029 venenum,
1140 1993 1239 2019 cum
1281 1993 1306 2019 a
1348 1979 1518 2022 Licinio

79 2037 329 2087 traderetur,
365 2036 593 2078 manifesto
626 2036 932 2093 comprehendi
966 2044 1126 2093 posset,
1158 2038 1198 2068 88
1212 2036 1418 2078 constitui
1455 2038 1519 2079 lo-

119 2153 158 2182 83
187 2148 399 2190 qui—fuerat
425 2151 455 2180 ei
484 2150 676 2190 communis]
710 2150 778 2181 Cur
818 2151 868 2180 vis
882 2149 956 2190 &c.]
977 2149 1058 2180 Haec
1070 2154 1121 2179 est
1130 2148 1230 2180 lectio
1240 2149 1405 2191 edd.]vett.
1418 2151 1520 2182 Lam-

79 2202 147 2224 non
173 2196 258 2230 erat,
284 2202 359 2222 cum
388 2192 493 2222 adhuc
519 2193 666 2223 viveret?
692 2193 778 2222 Puto
821 2193 916 2223 binus
944 2192 1038 2232 ejecit
1056 2191 1219 2231 factam.-
1249 2193 1351 2223 etiam
1376 2194 1519 2231 Gruter-9

79 2235 248 2275 eleganter
269 2233 384 2264 dixisse
395 2234 531 2274 fuerat,
547 2235 623 2274 quia
639 2235 780 2265 moriens
822 2244 890 2265 non
905 2234 1065 2275 placebat.
1091 2234 1156 2265 ΜΒ.
1172 2234 1242 2265 Erf.
1252 2234 1339 2265 delet
1351 2245 1437 2266 cum.
1457 2237 1520 2268 Sed

81 2278 219 2314 dixerat,
235 2287 309 2307 cum
327 2278 400 2317 jani
423 2277 526 2307 abisse
548 2277 589 2308 ab
611 2277 679 2318 ipso
695 2277 781 2307 vide·
823 2277 992 2316 vulgatam
1014 2277 1081 2307 late
1097 2276 1243 2307 defendit
1256 2277 1289 2307 «J.
1305 2277 1357 2308 Fr.
1375 2278 1520 2310 Gronov.

81 2325 197 2351 rentur
208 2329 278 2350 sua.
821 2319 899 2350 Obs.
915 2319 943 2356 1,
965 2321 990 2348 Ι.
1008 2328 1124 2359 nempe
1141 2319 1217 2358 quia
1236 2321 1447 2351 constitutum
1456 2321 1522 2361 fa-

125 2364 166 2393 84
187 2371 226 2391 ne
247 2370 347 2401 quam
368 2361 612 2400 vocem·eliciat]
638 2360 708 2391 scil.
724 2360 781 2390 do·
823 2371 893 2391 cere
907 2361 1010 2391 latine
1025 2361 1163 2391 dieitur:
1187 2361 1288 2392 etiam
1309 2364 1521 2394 constitutum

81 2405 151 2434 mni
166 2404 232 2435 isti.
255 2403 424 2442 eleganter
437 2412 496 2443 pro
512 2403 639 2442 vulgari
654 2403 780 2433 forma:
813 2403 952 2444 factum
967 2413 1030 2434 esse
1044 2403 1106 2433 dici
1121 2407 1242 2443 potest.
1283 2403 1418 2444 Utique.
1459 2405 1523 2436 Sed

84 2455 148 2476 uon
163 2450 296 2482 metuet,
311 2455 351 2475 ne
363 2454 463 2485 quam
477 2445 539 2484 ipsi
553 2446 663 2476 domui
676 2454 783 2476 vocem
825 2450 874 2476 est
889 2449 1003 2476 tamen
1020 2447 1053 2475 in
1073 2445 1132 2475 tali
1151 2447 1300 2476 oratione
1314 2445 1437 2478 durius.
1482 2447 1525 2479 In

83 2489 192 2519 eliciat
207 2501 216 2517 :
230 2489 316 2517 sicut
330 2488 364 2517 in
378 2487 435 2517 illo
448 2487 541 2517 valde
555 2488 690 2525 usitato,
705 2496 785 2527 soepe
828 2489 911 2518 libro
926 2488 1005 2519 acti
1021 2497 1088 2517 non
1102 2487 1272 2518 haererem.

84 2531 198 2560 audivi
212 2539 298 2567 eum,
314 2539 389 2559 eum
403 2530 535 2566 diceret,
550 2540 608 2570 pro
631 2539 711 2570 soepe
725 2539 786 2559 au·
872 2530 912 2561 86
923 2529 1018 2570 ferri
1038 2531 1074 2560 in
1088 2540 1162 2560 eum
1178 2532 1280 2561 locum
1297 2530 1524 2571 constitutum]

87 2573 167 2609 divi,
195 2582 271 2603 cum
297 2572 416 2602 diceret
438 2572 506 2602 ille.
551 2572 686 2602 Frustra
709 2581 786 2610 ergo
831 2572 896 2603 Hic
913 2572 1042 2612 quidem
1062 2573 1273 2605 constitutum
1295 2574 1443 2612 spurium
1465 2580 1527 2609 est,

87 2614 146 2644 viri
166 2614 267 2650 docti,
284 2614 435 2644 Muretus
449 2619 484 2644 et
499 2614 554 2644 alii
569 2614 713 2644 maluere
728 2613 786 2654 eji-
828 2626 847 2645 a
874 2614 1053 2654 glossatore
1082 2614 1231 2645 additum
1253 2625 1271 2645 e
1292 2615 1527 2654 superioribus.

88 2657 169 2693 ciat,
181 2655 268 2696 quod
281 2662 314 2686 et
328 2656 364 2686 in
378 2656 457 2686 Mss.
472 2656 663 2694 quibusdam
681 2665 788 2695 reper-
830 2657 909 2687 Mss.
931 2657 1040 2696 plures
1064 2660 1099 2686 et
1123 2657 1194 2687 edd.
1221 2667 1268 2696 pr.
1286 2657 1381 2697 fieri,
1403 2657 1527 2697 inepte.

87 2702 175 2729 tum.
220 2698 375 2728 Ceterum
401 2698 578 2737 suspiciosa
599 2703 649 2728 est
671 2697 788 2728 oratio.
831 2699 942 2729 Prima
957 2698 1091 2729 Mediol.
1108 2698 1196 2729 dedit
1198 2697 1302 2737 Jbrri.
1318 2704 1418 2733 recte.
1447 2699 1530 2734 Haec

90 2739 232 2770 Videtur
258 2740 369 2780 opinio
395 2740 505 2776 fuisse,
533 2740 672 2771 Metello
694 2749 790 2770 vene·
831 2741 930 2771 verba
943 2746 978 2771 et
991 2741 1068 2771 alibi
1083 2745 1272 2780 permutata
1283 2745 1371 2771 sunt.

92 2789 174 2812 num
193 2781 307 2812 datum
322 2782 435 2812 fraude
451 2782 547 2820 hujus
562 2782 696 2819 Clodiae,
711 2791 790 2812 uxo·
877 2785 916 2816 87
939 2784 1018 2822 quid
1037 2783 1224 2822 suspicionis
1247 2782 1341 2821 esset]
1366 2782 1435 2816 Aut
1460 2788 1534 2816 erae

95 2823 152 2855 ris.
166 2829 201 2854 et
214 2824 324 2854 fratris
340 2824 376 2854 P.
392 2823 510 2854 Clodii.
835 2825 1065 2864 corrigendum
1081 2828 1143 2861 est,
1160 2828 1219 2855 aut
1220 2823 1357 2864 fuisset.

131 2868 172 2897 85
189 2865 544 2907 constitutumfaceum
557 2874 623 2896 etse
635 2876 712 2897 cum
725 2875 792 2897 ser-
878 2869 918 2899 88
932 2866 1085 2898 constitui
1098 2867 1203 2898 locum
1209 2865 1313 2907 jussit
1328 2867 1462 2900 balneae
1478 2867 1536 2901 Se-
