1785 3185
267 124 368 160 1334
857 122 1105 162 ORATIO

260 225 356 276 erit,
379 232 453 266 aut
477 239 549 266 vos
571 225 688 268 illum
723 225 813 268 sine
844 242 1011 270 summo
1040 229 1185 271 dolore
1207 230 1434 273 videbitis?
1493 231 1692 276 Exclusit

258 282 380 324 illum
412 297 438 323 a
472 282 704 338 republica,
739 284 954 336 distraxit,
990 287 1231 342 segregavit
1269 303 1354 329 non
1387 288 1523 330 solum
1556 291 1690 333 scelus

258 338 410 394 ipsius,
432 340 504 380 sed
534 341 678 391 etiam,
709 350 757 381 ut
789 341 894 382 mihi
917 343 1100 393 videtur,
1129 343 1300 385 fortuna
1321 345 1517 400 quaedam
1550 347 1692 403 reipu-

257 395 399 437 blicae.
431 397 505 452 qui
544 397 576 438 si
618 398 770 453 legatis
809 399 1009 453 paruerit,
1050 400 1318 456 Romamque
1356 402 1551 444 redierit:
1584 418 1688 446 num

255 453 429 509 quando
461 455 638 510 perditis
669 455 835 495 civibus
868 456 1086 506 vexillum,
1111 471 1196 511 quo
1227 470 1496 510 concurrant,
1519 459 1692 502 defutu-

256 524 353 552 rum
383 511 575 567 putatis?
636 511 720 552 Sed
750 511 833 552 hoc
854 512 994 552 minus
1019 526 1191 555 vereor:
1224 523 1321 555 sunt
1343 515 1438 566 alia,
1460 518 1500 547 60
1513 518 1569 558 ob
1591 531 1688 572 quae

256 567 396 623 magis
419 583 650 623 numquam
675 568 840 623 parebit
865 568 933 609 illc
954 569 1120 624 legatis.
1137 570 1236 610 novi
1259 570 1443 613 hominis
1466 573 1690 625 insaniam,

258 625 578 680 arrogantiam:
620 624 719 665 novi
754 625 921 680 perdita
952 626 1131 667 consilia
1162 627 1411 678 amicorum,
1434 631 1588 684 quibus
1620 631 1689 672 ille

195 691 324 726 soest
353 682 535 723 deditus.
599 681 754 722 Lucius
778 681 950 736 quidem
982 682 1110 723 frater
1140 683 1247 738 ejus,
1270 694 1420 740 utpote
1447 686 1482 716 6¹
1501 687 1572 742 qui
1596 701 1691 743 per-

259 753 360 794 egre
381 738 660 794 depugnavit,
685 737 888 780 familiam
912 740 1045 780 ducit.
1078 740 1111 780 si
1135 755 1209 796 pei·
1230 755 1273 781 se
1295 742 1384 796 ipse
1407 757 1546 794 sanus,
1571 744 1686 799 quod

257 810 490 851 numquam
527 796 637 846 erit;
670 810 743 851 per
776 795 852 836 hos
891 810 980 837 esse
1018 797 1056 837 ei
1092 807 1231 838 tamen
1267 813 1352 839 non
1386 799 1545 841 licebit.
1606 800 1688 842 Te-

258 862 375 894 retur
403 852 565 893 interea
595 862 787 908 tempus:
823 852 919 893 belli
951 865 1177 909 apparatus
1209 855 1500 911 refrigescent.
1561 857 1687 899 Unde

214 914 244 944 b·
259 919 323 950 est
345 910 384 940 62
398 910 538 950 adhuc
563 910 734 960 bellum,
757 910 837 950 nisi
860 924 913 950 ex
937 911 1221 952 retardatione
1247 923 1289 952 et
1312 915 1460 954 mora?
1523 914 1580 954 Ut
1601 915 1688 970 pri-

257 981 376 1007 mum
401 975 496 1022 post
515 966 747 1008 discessum
771 967 960 1019 latronis,
985 967 1047 1008 vel
1071 969 1211 1023 potius
1234 970 1497 1025 desperatam
1521 970 1684 1027 fugam,

256 1023 388 1064 libere
425 1033 594 1068 senatus
630 1023 775 1065 haberi
811 1024 980 1080 potuit;
1012 1039 1178 1080 semper
1207 1027 1413 1082 flagitavi,
1447 1037 1493 1068 ut
1525 1042 1686 1069 convo-

255 1094 461 1121 caremur.
485 1095 569 1135 quo
593 1081 662 1122 die
692 1082 875 1137 primum
909 1083 1134 1123 convocati
1166 1098 1325 1134 sumus,
1346 1099 1442 1125 cum
1474 1084 1687 1140 designati

253 1138 448 1178 consules
481 1152 566 1177 non
599 1138 809 1189 adessent,
833 1138 938 1193 jeci,
962 1140 1172 1180 sententia
1202 1154 1310 1189 mea,
1332 1142 1522 1182 maximo
1546 1153 1686 1183 vestro

254 1209 479 1244 consensu,
503 1193 781 1236 fundamenta
812 1195 1074 1252 reipublicae,
1097 1198 1227 1237 serius
1250 1198 1441 1248 omnino,
1463 1213 1588 1252 quam
1613 1199 1686 1240 de-

254 1252 369 1292 cuit:
403 1266 480 1292 nec
513 1253 626 1293 enim
659 1263 756 1293 ante
790 1255 936 1308 potui:
970 1254 1041 1293 sed
1074 1263 1213 1295 tamen
1249 1256 1281 1295 si
1315 1269 1369 1295 ex
1402 1268 1452 1295 co
1491 1265 1682 1311 tempore

255 1308 345 1349 dies
378 1309 516 1350 nullus
553 1310 814 1350 intermissus
848 1319 972 1360 esset,
1006 1310 1159 1351 bellum
1194 1312 1386 1366 profecto
1420 1312 1581 1352 nullum
1611 1312 1686 1354 ha-

192 1366 240 1399 31
257 1366 466 1407 heremus.
529 1366 671 1407 Omne
701 1367 858 1408 malum
889 1381 1064 1408 nascens
1097 1368 1219 1409 facile
1251 1369 1536 1424 opprimitur:
1568 1370 1685 1410 inve-

257 1431 439 1464 teratum
463 1423 511 1464 fit
542 1424 790 1479 plerumque
818 1424 1046 1465 robustius.
1108 1425 1189 1466 Sed
1214 1435 1303 1466 tum
1326 1427 1687 1481 exspectabantur
1783 1440 1785 1463 ι

177 1477 241 1526 12
260 1479 464 1522 Kalendae
485 1480 585 1523 Jan.
609 1481 788 1522 fortasse
815 1496 902 1522 non
933 1491 1060 1522 recte.
1121 1482 1278 1522 Verum
1313 1483 1529 1538 praeterita
1557 1484 1686 1525 ornit-

257 1547 410 1580 tamus.
432 1538 618 1579 etiamne
640 1539 750 1579 hanc
781 1553 942 1579 moram
971 1538 1208 1591 afferemus,
1230 1540 1330 1580 dum
1361 1540 1687 1596 proficiscantur

251 1594 410 1651 legati?
440 1595 541 1636 dum
572 1598 864 1638 revertantur?
894 1610 1075 1651 quorum
1106 1597 1375 1653 exspectatio
1394 1597 1683 1638 &dubitatio-

250 1666 348 1693 nem
380 1652 477 1694 belli
511 1652 674 1694 afferet.
701 1653 807 1694 bello
835 1662 979 1694 autem
1009 1653 1156 1704 dubio,
1178 1653 1293 1710 quod
1322 1662 1465 1710 potest
1494 1655 1682 1696 studium

249 1722 340 1751 esse
361 1709 550 1751 delectus
568 1713 582 1751 ?

307 1767 348 1797 64
363 1767 672 1816 Quamobrem,
703 1775 844 1822 patres
871 1768 1120 1824 conscripti,
1145 1767 1383 1825 legatorum
1417 1768 1681 1809 mentionem

250 1822 408 1865 nullam
445 1838 598 1865 censeo
643 1823 907 1867 faciendam:
957 1840 1043 1866 rem
1079 1824 1458 1866 administrandam
1497 1826 1682 1867 arbitror

250 1880 341 1921 sine
374 1881 488 1922 nulla
518 1896 651 1931 mora,
693 1890 736 1922 et
769 1881 996 1923 confestim
1032 1883 1289 1939 gerendam:
1333 1882 1565 1922 tumultum
1606 1882 1679 1923 de-

247 1938 381 1990 cerni,
413 1938 679 1993 65justitium
719 1939 865 1989 indici,
899 1955 1001 1995 saga
1039 1940 1147 1980 sumi
1192 1939 1289 1980 dico
1322 1948 1533 1995 oportere,
1568 1939 1681 1980 dele-

249 2004 365 2037 ctum
399 1995 563 2047 haberi,
587 1995 764 2037 sublatis
796 1997 1090 2038 vacationibus
1121 1997 1163 2037 in
1200 1997 1318 2048 urbe,
1337 2007 1380 2037 et
1406 1995 1447 2029 66
1462 1997 1504 2037 in
1540 1995 1680 2048 Italia,

291 2153 331 2183 60
353 2154 388 2182 ob
402 2162 472 2191 quoe
488 2153 594 2191 magis
609 2163 776 2192 nunquam
795 2153 938 2192 parebiz]
985 2157 1141 2183 tractum.

248 2194 362 2233 Magis
387 2195 495 2225 locum
521 2200 706 2235 suspectum
731 2195 821 2225 facit.
866 2196 942 2225 Vat.
1027 2196 1066 2226 63
1090 2196 1163 2226 dab.
1187 2195 1259 2225 belli
1285 2192 1417 2235 affierel]
1450 2192 1516 2223 Ms-
1540 2192 1603 2223 Gu.
1627 2191 1681 2232 ers-

249 2235 347 2267 habet
361 2248 368 2266 t
393 2247 462 2276 quae
482 2237 590 2275 mag-is
603 2237 737 2267 timeam
752 2241 782 2266 et
796 2238 942 2275 cogitem.
974 2235 1063 2276 sert.

247 2288 417 2318 nunquam
435 2280 492 2309 διο.
507 2279 591 2317 quod
606 2285 639 2309 et
655 2284 821 2320 receptum
836 2285 884 2309 est
900 2280 941 2309 ab
1026 2279 1066 2310 64
1102 2278 1323 2320 Quamobrem
1335 2295 1377 2301 —
1391 2276 1588 2316 legatorum]
1628 2276 1679 2307 Ab

248 2321 316 2358 ejus
351 2321 424 2350 iibri
461 2321 724 2351 admiratoribus,
768 2321 800 2350 Si
835 2326 940 2351 esset:

249 2366 324 2393 sumt
343 2363 413 2392 alia
426 2372 496 2402 quoe
517 2364 663 2393 timeam.
679 2372 859 2402 numquam
883 2364 941 2394 ἃς.

249 2404 401 2443 placeret.
424 2405 531 2443 magis
554 2414 621 2435 non
645 2405 798 2435 convenit
823 2414 945 2445 praece-

249 2446 411 2477 dentibus.
457 2446 528 2485 Ego
552 2447 657 2476 solum
686 2447 794 2485 magis
817 2447 942 2478 deleve-

248 2489 322 2519 rim.
339 2488 396 2519 illa
409 2489 479 2518 alia
501 2493 577 2519 sunt
601 2490 737 2520 hominis
758 2490 889 2519 insania
911 2494 943 2521 el

248 2531 446 2570 arrogantia
461 2532 520 2561 ἃς.

291 2573 326 2603 61
353 2574 408 2612 qui
416 2582 555 2612 peregre
569 2573 782 2612 depugnarit]
809 2574 940 2613 Conjeci

248 2624 316 2645 csse
331 2615 446 2646 debere
462 2615 674 2655 depugnavit.
718 2615 771 2645 Sic
793 2615 867 2645 dein
893 2625 941 2645 re-

249 2658 317 2696 peri
347 2658 381 2687 in
407 2657 478 2688 edd.
511 2667 558 2697 pr.
585 2662 620 2688 et
649 2661 800 2687 notatum
829 2668 846 2687 e
875 2657 939 2688 Ms.

248 2699 358 2739 Huyd.
374 2699 460 2729 unde
474 2699 614 2729 restitui.

288 2742 330 2772 62
352 2742 460 2772 adhuc
484 2740 617 2780 bellum]
650 2740 723 2770 Vat.
751 2739 841 2770 addit
869 2746 939 2771 tra-

244 2786 346 2819 ctum,
362 2783 448 2823 quod
470 2792 617 2823 recepere
634 2782 784 2813 Muretus
799 2787 833 2812 et
848 2783 938 2813 Grae-

244 2825 324 2855 vius.
340 2826 433 2856 male.
449 2834 526 2855 nam
541 2825 638 2855 tracti
662 2824 737 2855 belli
762 2825 808 2853 vis
830 2831 879 2855 est
903 2826 936 2856 in

241 2867 350 2898 adhuc
361 2872 417 2899 esc.
428 2871 462 2899 et
474 2867 582 2898 adhuc
595 2876 662 2898 nou
675 2866 829 2898 convenit
838 2867 936 2899 verbo

984 2320 1046 2351 hoe
1073 2321 1170 2351 verbo
1193 2321 1313 2351 lacuna
1338 2328 1457 2359 magna
1477 2324 1528 2349 est
1553 2320 1586 2349 in
1612 2317 1678 2350 Ms.

986 2363 1047 2393 Gu.
1068 2367 1140 2393 tota
1154 2363 1277 2402 reliqua
1298 2362 1403 2392 oratio
1425 2361 1525 2391 deest.
1567 2361 1683 2399 Sequi-

985 2409 1042 2435 tur
1075 2404 1222 2435 clausuia
1263 2404 1420 2434 orationis
1455 2408 1568 2439 sextae‚
1604 2411 1677 2441 quae

986 2451 1104 2486 praeter
1117 2457 1189 2477 eam
1205 2451 1276 2476 tota
1291 2445 1508 2486 praetermissa
1520 2449 1582 2475 est.
1614 2444 1680 2476 Ea·

984 2489 1058 2519 dem
1075 2488 1169 2527 piane
1185 2488 1301 2519 lacuna
1313 2494 1364 2518 est
1377 2488 1412 2518 in
1435 2486 1514 2518 Mss.
1532 2486 1626 2518 Leid.
1642 2491 1678 2518 et

986 2531 1096 2565 Huvd.

1027 2564 1066 2604 6⁸5
1080 2571 1253 2612 justitium
1277 2570 1390 2610 indici]
1418 2571 1445 2601 E
1461 2571 1538 2602 Vat.
1552 2570 1679 2601 editum

984 2620 1032 2645 est
1055 2615 1145 2645 edici.
1190 2615 1243 2645 Sic
1268 2613 1344 2644 alibi
1368 2615 1482 2645 Cicero
1503 2617 1542 2643 ut
1563 2612 1623 2651 Vl,
1649 2615 1677 2644 1.

982 2666 1178 2695 quamquam
1202 2657 1244 2686 ibi
1260 2665 1386 2695 quoque
1409 2655 1483 2686 libri
1506 2654 1603 2685 multi
1624 2655 1677 2685 in·

983 2700 1054 2729 dici.
1099 2698 1160 2728 Sed
1175 2707 1207 2728 et
1223 2699 1322 2728 indici
1338 2703 1464 2728 rectum
1485 2700 1546 2734 est,
1563 2706 1677 2727 occur-

982 2742 1087 2780 ritque
1104 2740 1188 2780 apud
1208 2740 1337 2770 Livium
1353 2740 1396 2776 X,
1412 2743 1443 2770 2.
1459 2747 1618 2769 consensu
1635 2738 1676 2769 li-

980 2783 1114 2813 brorum
1130 2783 1288 2812 omnium.
1306 2781 1352 2811 nil
1368 2781 1478 2812 refert.

1022 2826 1062 2855 613
1084 2825 1118 2854 in
1137 2825 1251 2861 Italia,
1270 2828 1391 2863 proeter
1411 2823 1571 2859 Galliam,
1588 2821 1672 2862 tota]

979 2868 1032 2899 Sic
1049 2866 1223 2907 legendum
1237 2870 1321 2905 erat,
1339 2875 1405 2898 non
1414 2869 1575 2907 praeterea
1595 2864 1675 2896 Gal·
