1785 3185
395 113 512 151 PRO
539 114 580 152 C.
610 110 867 150 RABIRIO
894 110 1191 148 POSTUMO.

1426 112 1525 154 tw?

82 224 130 258 ut
151 215 218 258 vel
249 215 446 259 oblivisci
473 217 655 258 aliorum
687 228 775 256 non
809 215 865 256 sit
896 214 1069 264 mirum,
1097 213 1139 243 66
1153 211 1232 262 vel,
1256 213 1289 253 si
1314 214 1520 255 memine-

81 274 152 324 rit,
173 273 355 315 oblitum
377 287 482 325 esse,
504 273 630 314 facile
650 272 787 328 possit
809 272 1005 328 probare.
1060 268 1224 310 Multas
1245 271 1442 324 equidem
1465 270 1516 312 C.
1532 277 1583 311 42

83 330 268 372 Caesaris
290 331 484 381 virtutes,
506 344 685 386 magnas
717 328 1075 383 incredibilesque
1097 326 1299 384 cognovi.
1323 328 1393 367 sed
1420 338 1518 369 sunt

80 398 235 429 ceterae
267 388 502 443 majoribus
523 387 645 443 quasi
677 385 854 426 theatris
888 384 1137 441 propositae,
1161 383 1198 416 67
1213 394 1254 423 et
1289 397 1410 438 paeue
1441 399 1518 439 po-

81 444 276 501 pulares:
306 445 456 485 castris
486 444 629 486 locum
659 457 826 499 capere,
855 443 1094 483 exercitum
1127 441 1350 502 instruere,
1381 453 1517 503 expu·
1532 454 1562 483 b,

82 516 215 558 gnare
245 502 386 553 urbes,
407 503 543 542 aciem
576 501 765 541 hostium
797 500 1057 557 profligare:
1090 498 1200 539 hanc
1223 500 1262 528 68
1278 510 1361 560 yixn
1386 497 1520 560 frigo-

80 573 178 600 rum
209 558 494 613 hiememque,
515 572 644 614 qnam
677 573 755 598 nos
778 558 853 598 vix
886 557 1016 613 hujus
1047 555 1164 597 urbis
1191 564 1316 595 tectis
1339 563 1522 617 sustine-

84 630 195 666 mus,
226 616 443 671 excipere,
475 616 596 656 G9his
635 615 738 670 ipsis
773 615 924 656 diebus
962 615 1132 655 hostem
1171 625 1382 667 persequi,
1415 621 1523 674 tum,

84 682 182 713 cum
203 672 333 713 etiam
353 673 455 714 ferae
477 672 666 713 latibulis
689 686 732 712 se
756 680 918 728 tegant,
935 680 1063 726 atque
1086 670 1231 710 omnia
1253 668 1362 709 bella
1381 671 1442 722 TOJ
1452 682 1524 709 ure

87 730 283 786 gentium
305 730 626 786 conquiescant.
648 738 748 770 sunt
768 743 819 770 ea
839 728 1014 784 quidem
1035 741 1218 783 magna:
1250 726 1345 781 quis
1366 728 1523 788 negat?

89 787 161 828 sed
185 788 353 840 magnis
376 787 565 828 excitata
587 795 686 827 sunt
713 786 900 842 praemiis
931 785 983 826 ad
1015 784 1266 825 memoriam
1298 783 1523 824 hommum

85 836 406 900 sempiternam.
453 844 553 889 Quo
572 844 712 884 minus
734 843 1033 883 admirandum
1053 851 1134 892 est,
1155 855 1250 881 eum
1276 840 1416 881 facere
1438 840 1522 891 illa,

86 902 160 956 qui
195 900 562 942 immortalitatem
595 900 908 956 concupiverit.
968 897 1136 941 71Haec
1173 898 1282 939 mira
1319 899 1409 939 laus
1443 888 1563 948 est,l

91 971 189 1014 quae
220 973 307 999 non
339 957 566 1015 poetarum
597 957 873 1008 carminibus,
905 971 992 997 non
1023 955 1241 997 annalium
1273 969 1524 996 monuinen-
1537 959 1586 993 43

94 1016 149 1056 tis
188 1015 440 1065 celebratur,
474 1016 547 1056 sed
585 1015 858 1072 prudentium
885 1014 1056 1070 judicio
1088 1013 1374 1069 expenditur:
1406 1012 1526 1067 equi-

89 1082 180 1113 tem
212 1072 474 1123 Romanum,
500 1082 684 1113 veterem
710 1072 897 1114 amicum
933 1086 1071 1123 suum,
1103 1070 1357 1121 studiosum,
1379 1084 1527 1111 aman-

90 1139 193 1180 tem,
235 1130 535 1171 observantem
581 1130 660 1180 sui,
702 1143 789 1170 non
832 1128 1026 1179 libidine,
1070 1142 1157 1169 non
1206 1128 1402 1183 turpibus
1447 1128 1528 1169 im-

93 1187 237 1242 pensis
268 1187 553 1243 cupiditatum
587 1197 715 1242 atque
739 1186 937 1242 jacturis,
961 1186 1034 1227 scd
1054 1187 1095 1219 7⁶2
1107 1185 1376 1240 experientia
1397 1187 1531 1241 patri-

94 1244 231 1285 monii
267 1244 574 1300 amplificandi,
612 1245 825 1285 labentem
856 1244 1044 1299 excepit,
1071 1256 1266 1284 corruere
1298 1257 1384 1284 non
1416 1243 1530 1294 sivit,

96 1301 216 1342 fulsit
246 1312 289 1342 et
320 1302 537 1353 sustinuit,
560 1316 618 1351 re,
640 1301 826 1351 fortuna,
848 1300 947 1351 fide,
970 1299 1182 1355 hodieque
1214 1299 1420 1342 sustinet:
1451 1314 1532 1341 nec

98 1359 339 1403 73,amicum
375 1359 631 1414 pendentem
671 1372 867 1399 corruere
903 1357 1087 1414 patitur:
1126 1371 1207 1398 nec
1248 1356 1359 1397 illius
1399 1358 1532 1399 animi

102 1429 238 1456 aciem
269 1417 520 1472 perstringit
550 1415 750 1471 splendor
780 1416 842 1455 sui
881 1414 1081 1463 nominis,
1112 1428 1192 1456 nec
1223 1415 1379 1455 mentis
1410 1415 1530 1469 quasi

96 1471 330 1514 luminibus
349 1474 486 1514 officit
508 1473 690 1514 altitudo
714 1472 900 1514 fortunae
923 1481 965 1513 et
993 1471 1157 1528 gloriae.

1220 1471 1316 1513 Sint
1339 1486 1438 1513 sane
1461 1472 1531 1514 illa
1542 1479 1594 1512 44

94 1543 266 1586 inagna,
288 1545 384 1586 quae
417 1544 461 1571 re
484 1545 581 1571 vera
612 1544 768 1587 magna
799 1539 925 1571 sunt:
957 1529 1061 1570 74de
1082 1528 1252 1584 judicio
1276 1530 1408 1571 animi
1432 1530 1530 1582 mei,

142 1691 184 1722 66
205 1693 267 1728 vel,
283 1692 311 1722 si
328 1693 512 1723 meminerit
526 1692 600 1732 δια]
627 1692 726 1722 Hunc
749 1692 797 1722 10.

101 1743 176 1763 cum
211 1743 328 1764 samum
357 1744 424 1764 non
452 1740 555 1775 puto:
594 1745 654 1765 nec
685 1744 797 1765 sensus

102 1781 199 1815 aptus
227 1777 368 1806 orationi
396 1778 556 1807 univcrsae
578 1777 651 1808 elici
676 1783 796 1817 potest.

107 1817 340 1848 Hotomaunus
365 1819 410 1849 sic
436 1820 598 1860 explicat:
630 1819 657 1849 si
686 1827 799 1849 tamen

104 1861 306 1896 meminerit,
322 1866 356 1890 et
378 1861 458 1891 velit
479 1862 677 1892 oblivionem
699 1862 800 1891 simu-

105 1901 188 1939 lare,
215 1912 329 1932 omnes
357 1903 451 1933 facile
481 1904 629 1940 credant,
659 1903 799 1934 oblitum

107 1953 220 1974 revera
244 1954 331 1975 esse:
356 1945 412 1975 sed
440 1946 487 1975 ita
512 1956 578 1976 non
604 1946 714 1976 differt
739 1945 801 1976 hoc

105 1986 185 2016 satis
200 1996 219 2016 a
241 1987 354 2026 priori,
376 1997 439 2017 non
453 1990 495 2018 sit
518 1989 640 2018 mirum
662 1988 802 2018 oblivisci

107 2029 262 2059 aliorum.
305 2028 388 2060 Edd.
405 2040 454 2070 pr.
468 2031 535 2061 fere
555 2031 687 2061 oblitum
704 2031 804 2060 etiam

110 2080 170 2111 pro
187 2080 261 2100 esse.

152 2112 191 2146 67
215 2117 246 2142 et
255 2122 349 2153 poene
362 2113 550 2153 populares]
578 2113 679 2144 Recte
702 2114 807 2144 Patri-

111 2155 181 2184 cius
196 2156 331 2194 corrigit
346 2156 411 2185 Jzoec
420 2165 514 2195 poene
522 2157 709 2195 popularis:
730 2166 807 2186 nam

113 2197 295 2236 opponitur
309 2197 371 2227 hoc
393 2198 633 2237 superioribus;
656 2198 712 2227 sed
731 2203 808 2228 sunt

111 2243 224 2269 cete-ra>
239 2240 297 2270 Sec.
343 2239 398 2270 Ed.
415 2240 463 2270 M.
480 2240 611 2279 quidem
635 2240 733 2270 habet
749 2251 809 2280 po-

108 2282 254 2322 palaris.

155 2323 195 2354 68
217 2325 285 2354 vim
301 2323 479 2363 frigorum
507 2325 704 2363 hiememque
732 2325 806 2364 &c.]

115 2365 276 2396 Patricius
291 2367 426 2406 corrigit
441 2367 615 2405 hiemisque
627 2379 636 2395 :
659 2375 733 2406 pust
753 2378 812 2397 ur-

115 2408 167 2438 bes
188 2409 340 2446 hostium,
363 2410 466 2439 aciem
483 2409 679 2449 prqfligare.
703 2409 811 2449 placet

118 2454 305 2488 utrumque.

150 2491 192 2526 69
206 2492 256 2522 his
269 2493 346 2532 ipsis
359 2493 595 2529 diebus—tum,
606 2502 681 2522 cum
695 2493 810 2533 etiam]

118 2537 192 2564 ium
205 2533 378 2565 delendum
394 2542 444 2565 est
459 2546 468 2564 ι
493 2544 570 2565 narn
584 2535 617 2565 id
631 2536 762 2573 estjam
779 2537 814 2567 in

121 2576 172 2606 his
184 2577 262 2616 ipsis
273 2577 392 2606 diebus.
434 2576 527 2606 Vidit
538 2582 573 2607 et
587 2577 759 2608 Patricius.

164 2621 204 2652 70
217 2617 301 2658 jure
319 2620 471 2658 gentium
494 2620 735 2660 conquiescant]
755 2619 817 2662 jus

119 2669 158 2699 g.
187 2665 238 2690 est
265 2660 319 2691 hic
351 2670 421 2690 mos
449 2662 633 2691 communis
665 2663 816 2693 omnium

120 2701 334 2742 populorum,
359 2703 428 2742 qui,
455 2703 532 2742 quia
556 2704 676 2734 nititur
698 2708 819 2735 natura

121 2753 245 2780 rerum,
281 2754 354 2784 quae
396 2754 441 2775 se.
483 2745 644 2785 postulat,
680 2745 816 2776 hiberno

120 2789 272 2825 tempore
298 2787 478 2817 intermitti
505 2787 644 2823 labores,
673 2788 728 2827 qui
756 2789 818 2819 sub

123 2827 177 2858 dio
192 2827 261 2859 fieri
273 2827 407 2867 debent,
419 2834 591 2870 propterea
597 2829 659 2872 jus
666 2832 818 2869 gentium

124 2869 321 2911 appellatur.

882 1694 917 1726 71
946 1691 1028 1722 Hoec
1050 1691 1138 1722 mira
1163 1693 1236 1723 laus
1258 1692 1318 1732 est]
1346 1693 1413 1723 Cur
1435 1694 1537 1724 admi-

842 1734 1004 1764 rationem
1020 1738 1180 1772 tanquam
1205 1735 1366 1774 peculiare
1381 1735 1458 1775 quid
1480 1737 1539 1766 tri-

841 1776 949 1806 buerit
964 1776 1078 1807 Cicero
1095 1777 1170 1807 huic
1185 1778 1323 1807 virtuti?
1347 1778 1474 1809 Vitiosa
1488 1784 1540 1808 est

841 1818 943 1848 lectio
959 1830 967 1848 ι
993 1819 1027 1848 in
1041 1829 1105 1858 qua
1128 1825 1163 1849 et
1186 1819 1345 1850 Patricius
1359 1820 1468 1856 haesit,
1483 1821 1539 1860 qui

843 1861 986 1900 conjecit
1002 1870 1081 1891 vera
1097 1861 1147 1891 vel
1162 1871 1257 1898 rara,
1274 1862 1361 1901 quod
1382 1868 1416 1892 et
1431 1863 1538 1902 ipsum

843 1913 1019 1933 commune
1038 1912 1106 1933 esse
1129 1904 1245 1934 ceteris
1267 1910 1387 1944 potest.
1432 1904 1539 1935 Immo

844 1945 1053 1975 scribendum
1075 1950 1125 1975 est
1146 1955 1229 1982 una,
1246 1946 1311 1983 vel,
1331 1945 1417 1985 quod
1440 1957 1541 1988 prope

845 1987 949 2026 magis
965 1987 1072 2027 placet
1087 1987 1181 2023 mihi,
1197 1987 1279 2019 Hoec
1293 1989 1452 2019 nimirum
1468 1991 1542 2020 laus

848 2038 897 2059 est
908 2041 917 2059 ;
943 2039 1008 2068 qua
1029 2030 1135 2060 forma
1151 2030 1265 2060 Cicero
1281 2035 1315 2060 et
1329 2031 1406 2062 alibi
1422 2032 1541 2069 utitur,

849 2081 908 2101 nec
924 2081 1007 2101 raro.
1025 2071 1107 2102 Lael.
1124 2074 1154 2103 5.
1170 2074 1236 2102 lioec·
1257 2077 1303 2103 est
1324 2078 1542 2113 tyrannorum

849 2114 917 2143 vita
931 2115 1102 2144 nimirum.
1145 2113 1222 2144 Div.
1240 2114 1269 2151 Ι,
1286 2117 1336 2147 54.
1353 2115 1425 2148 Hoc
1446 2117 1543 2147 nimi-

849 2165 927 2185 rum
942 2160 989 2186 est
1005 2156 1099 2186 illud.
1115 2165 1144 2186 v.
1159 2162 1192 2186 et
1208 2156 1299 2188 Clav.

892 2199 932 2231 7⁶2
952 2198 1151 2237 experientia
1157 2199 1299 2238 patr-im.
1311 2200 1458 2241 amplifi]
1475 2199 1545 2231 No-

849 2248 888 2269 ve
902 2240 1027 2270 dictum
1040 2250 1099 2280 pro
1113 2244 1203 2277 actu,
1219 2242 1240 2272 i.
1256 2252 1284 2272 e.
1298 2251 1357 2282 pro
1369 2243 1478 2273 studio
1491 2253 1547 2273 ex-

850 2281 998 2321 periundi
1015 2291 1100 2313 nova
1114 2292 1234 2322 genera
1247 2284 1431 2323 quaerendae
1450 2295 1548 2325 pecu·

852 2324 916 2354 nioe
929 2337 935 2353 ;
959 2324 1021 2354 nisi
1036 2324 1169 2363 quidem
1184 2326 1298 2356 Cicero
1312 2327 1441 2366 scripsit
1455 2337 1548 2367 expe-

853 2367 1004 2397 rimentis
1011 2377 1047 2406 p.
1062 2377 1094 2397 α.
1109 2377 1182 2407 quae
1195 2368 1301 2398 forma
1315 2369 1403 2399 verbi
1425 2370 1549 2410 impen-

853 2410 897 2438 sis
909 2413 944 2438 et
946 2407 1098 2449 jacturis
1110 2410 1214 2449 magis
1229 2412 1442 2442 consentiret.

895 2453 936 2484 73
958 2452 1103 2482 amicum
1118 2452 1315 2492 pendentem
1336 2453 1501 2494 corruere]
1527 2455 1549 2485 i.

854 2491 1023 2524 labantem
1037 2506 1044 2524 ε
1074 2493 1244 2534 eleganter
1267 2496 1410 2535 pendere
1435 2496 1549 2527 dicun-

855 2539 924 2572 tur,
950 2545 1024 2575 quae
1041 2537 1114 2576 jarn
1132 2537 1204 2576 jam
1229 2537 1361 2577 lapsura
1381 2538 1549 2569 invidentur.

855 2577 947 2617 Virg.
961 2578 1039 2609 AEn.
1055 2578 1084 2615 l,
1105 2579 1174 2610 106.
1190 2580 1224 2609 1ιὶ
1240 2589 1367 2610 summo
1389 2580 1424 2610 in
1437 2580 1551 2621 fluctu

851 2620 1007 2659 pendent.
1053 2619 1137 2651 Edd.
1171 2631 1220 2661 pr.
1254 2621 1378 2652 habent
1404 2622 1552 2661 pruden-

858 2666 934 2693 tem.
975 2662 1120 2693 Juntina
1151 2664 1259 2703 prima
1292 2663 1381 2694 dedit
1407 2664 1554 2703 penden-

859 2708 936 2734 tem.

902 2748 944 2779 74
964 2746 1004 2776 de
1016 2745 1320 2787 judicio—sentiat]
1347 2747 1420 2779 Hoc
1443 2748 1476 2778 in
1498 2758 1555 2788 pa-

860 2787 1005 2819 renthesi
1019 2788 1154 2820 dictum.
1198 2789 1294 2828 Sequi
1315 2789 1474 2821 debebat:
1498 2800 1557 2829 ego

859 2830 990 2870 quidem
1014 2832 1100 2862 hanc
1124 2831 1182 2861 &e.
1207 2840 1265 2870 pro
1292 2841 1330 2861 eo
1357 2832 1487 2863 videtur
1509 2831 1558 2862 di-

861 2871 944 2904 xisse
958 2881 1016 2912 ego
1029 2874 1129 2911 enim,
1139 2879 1179 2904 ut
1194 2872 1354 2905 referatur
1366 2873 1475 2914 aliquo
1489 2883 1557 2905 mo-
