1769 3174
275 107 374 144 1002
859 109 1110 149 ORATIO

272 208 354 250 sibi
378 209 423 250 in
444 208 561 251 illum
583 210 748 267 legibus
771 213 833 253 uti
866 228 951 254 non
972 213 1133 264 liceret,
1157 212 1266 253 illius
1290 212 1375 254 vim
1398 227 1535 269 neque
1557 213 1600 256 in
1619 229 1714 267 suo,

187 257 257 306 42
274 279 410 320 neque
431 267 473 308 in
491 268 736 324 reipublicae
757 270 944 325 periculo
966 272 1294 326 pertimesceret.
1335 271 1566 316 Quomodo
1581 272 1713 327 igitur

208 321 355 364 oohoc
377 323 420 365 in
439 338 593 380 genere
607 325 792 381 praesidii
815 328 1050 384 comparati
1069 341 1242 368 accusas
1257 328 1468 378 Sextium,
1482 342 1579 369 cum
1599 329 1714 370 idem

270 378 415 422 laudes
430 380 666 424 Milonem?
680 382 763 433 An,
775 384 846 438 qui
863 399 937 425 sua
950 394 1061 426 tecta
1076 383 1288 426 defendit:
1309 384 1381 438 qui
1406 385 1459 425 ab
1473 385 1570 435 aris,
1585 384 1708 436 focis,

270 435 429 479 ferrum
451 439 754 495 flammamque
780 441 978 496 depellit:
1010 442 1083 496 qui
1117 441 1198 481 sibi
1232 440 1357 481 licere
1388 441 1477 481 vult
1501 451 1593 482 tuto
1616 456 1708 482 esse

269 493 314 535 in
337 494 446 546 foro,
468 496 509 536 in
538 496 712 552 templo,
736 497 777 538 in
801 498 938 539 curia:
971 500 1044 552 qui
1069 497 1169 538 vitae
1193 497 1439 552 praesidium
1461 511 1705 554 comparat:

267 551 341 605 qui
374 552 633 602 vulneribus,
656 568 752 607 quae
784 555 921 594 cernit
949 554 1142 609 quotidie
1165 563 1258 594 toto
1280 568 1473 609 corpore,
1497 566 1708 606 movetur,

268 617 318 648 ut
337 608 481 664 aliquo
506 610 706 665 praesidio
743 620 887 665 caput,
906 620 949 651 et
979 612 1180 661 cervices,
1202 620 1244 651 et
1263 611 1481 667 jugulum,
1505 626 1554 653 ac
1578 612 1710 653 latera

205 679 252 714 91
270 672 445 716 tutetur,
468 667 581 707 hunc
603 667 654 706 de
679 667 719 707 vi
742 668 1029 708 accusandum
1050 670 1201 723 putas?
1234 668 1342 714 Quis
1365 668 1479 708 enim
1505 668 1708 720 vestrfim,

259 721 447 776 judices,
470 723 654 778 ignorat,
678 723 738 764 ita
754 734 947 765 naturam
979 739 1117 765 rerum
1142 724 1300 775 tulisse,
1324 735 1370 765 ut
1391 724 1576 780 quodam
1602 736 1708 767 tem-

266 793 370 834 pore
389 780 599 831 homines,
618 781 807 821 nondum
833 796 969 836 neque
993 781 1187 831 naturali,
1211 795 1346 836 neque
1375 782 1489 823 civili
1512 783 1611 837 jure
1633 783 1706 824 de-

265 836 441 893 scripto,
481 836 562 878 fusi
600 851 673 893 per
703 853 828 894 agros
859 853 910 880 ac
950 839 1128 894 dispersi
1164 848 1434 894 vagarentur,
1454 848 1707 895 tantumque

264 892 487 944 haberent,
508 904 716 949 quantum
749 909 875 936 manu
907 911 956 936 ac
989 897 1148 937 viribus
1181 911 1254 950 per
1274 895 1436 937 caedem
1459 911 1509 937 ac
1531 896 1706 938 vulnera

265 960 340 991 aut
360 952 522 1006 eripere
543 960 617 992 aut
634 952 816 992 retinere
838 952 1104 1007 potuissent?
1137 953 1223 998 Qui
1249 953 1380 1008 igitur
1401 953 1525 1008 primi
1549 953 1704 994 virtute

218 1016 251 1049 b.
265 1016 308 1047 et
333 1008 513 1049 consilio
554 1008 773 1063 praestanti
815 1010 1088 1060 exstiterunt,
1112 1010 1138 1050 ii
1174 1019 1395 1065 perspecto
1438 1023 1592 1066 genere
1626 1010 1704 1051 hu-

264 1077 403 1105 manae
433 1065 665 1106 docilitatis
696 1074 824 1120 atque
857 1066 1032 1123 ingenii,
1063 1066 1291 1122 dissipatos
1323 1081 1453 1107 unum
1489 1068 1529 1107 in
1561 1067 1704 1109 locum

262 1131 595 1178 congregarunt,
626 1137 783 1177 eosque
814 1137 866 1163 ex
908 1124 1077 1165 feritate
1117 1124 1186 1164 illa
1227 1124 1279 1165 ad
1317 1123 1532 1178 justitiam
1575 1133 1703 1179 atque

262 1179 630 1220 mansuetudinem
671 1180 1018 1223 transduxerunt.
1077 1180 1186 1221 Tum
1230 1195 1307 1230 res,
1341 1181 1390 1221 ad
1430 1195 1702 1222 communem

262 1236 507 1287 utilitatem,
527 1251 632 1291 quas
656 1236 847 1292 publicas
869 1238 1146 1294 appellamUS,
1170 1247 1258 1278 tum
1292 1238 1592 1279 conventicula
1625 1237 1703 1279 ho-

260 1294 441 1343 minum,
462 1308 558 1350 quae
582 1304 730 1349 postea
751 1295 948 1336 civitates
979 1295 1211 1336 nominatae
1235 1304 1349 1345 sunt,
1372 1304 1462 1335 tum
1485 1294 1703 1336 domicilia

259 1350 507 1406 conjuncta,
528 1365 632 1405 quas
657 1351 779 1391 urbes
800 1351 997 1401 dicimus,
1021 1352 1195 1392 invento
1217 1362 1260 1392 et
1281 1352 1427 1392 divino
1449 1361 1492 1392 et
1513 1351 1702 1393 humano

198 1404 366 1461 92jure,
388 1408 604 1448 moenibus
627 1418 862 1464 sepserunt.
922 1408 1066 1464 Atque
1097 1410 1207 1450 inter
1233 1408 1342 1450 hanc
1368 1409 1497 1449 vitam
1519 1409 1704 1464 perpoli-

258 1472 347 1505 tam
370 1464 650 1515 humanitate,
663 1475 707 1506 et
720 1465 833 1507 illam
857 1465 1101 1514 immanem,
1125 1465 1228 1506 nihil
1254 1474 1338 1506 tam
1363 1466 1552 1516 interest,
1571 1480 1700 1521 quam

251 1521 326 1576 jus
348 1531 477 1578 atque
508 1523 583 1562 vis.
607 1522 758 1563 horum
785 1533 880 1563 utro
906 1524 967 1564 uti
999 1523 1198 1573 nolimus,
1221 1522 1352 1564 altero
1381 1531 1446 1563 est
1478 1523 1701 1564 utendum.

263 1578 359 1620 Vim
383 1579 577 1620 volumus
599 1580 848 1636 exstingui?
873 1580 946 1635 jus
970 1580 1108 1621 valeat
1129 1594 1300 1620 necesse
1321 1589 1399 1629 est,
1422 1579 1462 1620 id
1486 1579 1699 1635 est‚judi-

255 1636 338 1683 cia,
380 1637 535 1691 quibus
578 1651 704 1677 omne
728 1638 802 1692 jus
832 1638 1091 1678 continetur.
1150 1636 1325 1679 Judicia
1353 1636 1596 1692 displicent,
1625 1646 1701 1679 aut
1762 1651 1769 1693 1}

255 1693 371 1734 nulla
390 1696 517 1735 sunt?
548 1693 611 1733 vis
629 1693 874 1735 dominetur
895 1708 1066 1735 necesse
1087 1704 1165 1734 cst.
1227 1693 1338 1735 Haec
1362 1693 1508 1734 vident
1525 1708 1696 1736 omnes:
1761 1699 1769 1719 ·’

255 1749 368 1790 Milo
390 1760 433 1791 et
452 1750 573 1801 vidit,
594 1760 637 1791 et
660 1749 776 1801 fecit,
798 1762 842 1792 ut
858 1751 932 1807 jus
962 1752 1242 1807 experiretur,
1266 1751 1350 1790 vim
1375 1749 1618 1806 depelleret.
1637 1750 1697 1792 al-

254 1815 345 1847 tero
362 1809 423 1848 uti
449 1808 598 1858 voluit,
621 1817 667 1848 ut
700 1809 831 1849 virtus
853 1808 1075 1850 audaciam
1100 1809 1313 1849 vinceret:
1344 1807 1476 1848 altero
1500 1822 1598 1848 usus
1621 1822 1695 1848 ne-

251 1865 436 1906 cessario
467 1875 546 1916 est,
582 1879 634 1905 ne
674 1865 807 1906 virtus
838 1867 892 1906 ab
921 1866 1099 1906 audacia
1132 1865 1388 1905 vinceretur.
1450 1863 1697 1919 Eademque

251 1922 361 1962 ratio
381 1921 463 1962 fuit
487 1922 533 1962 P.
554 1921 708 1974 Sextii,
731 1924 764 1964 si
785 1923 924 1963 minus
948 1923 990 1964 in
1013 1922 1269 1972 accusando,
1291 1925 1448 1976 (neque
1470 1921 1584 1962 enim
1621 1935 1695 1976 per

251 1992 399 2019 omnes
430 1979 513 2020 fuit
534 1979 647 2019 idem
671 1994 841 2021 necesse
862 1980 988 2030 fieri,)
1011 1989 1185 2020 atcerte
1208 1979 1250 2019 in
1273 1979 1526 2019 necessitate
1547 1977 1694 2019 defen-

251 2035 402 2077 dendae
426 2036 572 2078 salutis
594 2051 697 2087 suae,
722 2037 1007 2092 praesidioque
1028 2046 1179 2078 contra
1199 2036 1287 2078 vim
1316 2045 1360 2077 et
1381 2049 1554 2076 manum
1576 2050 1695 2076 com-

253 2094 458 2148 parando.

166 2140 236 2188 43
309 2150 349 2191 O
380 2150 439 2190 dii
480 2150 764 2193 immortales!
807 2165 1036 2206 quemnam
1074 2149 1299 2191 ostenditis
1340 2148 1506 2190 exitum
1542 2147 1694 2190 nobis?

186 2212 236 2247 93
249 2221 376 2262 quarn
392 2221 509 2264 spem
526 2208 580 2248 rei
590 2208 771 2262 publicae
789 2208 927 2249 datis?
949 2217 1105 2262 quotus
1118 2207 1298 2262 quisque
1317 2205 1556 2246 invenietur
1574 2214 1694 2246 tanta

249 2265 407 2305 virtute
439 2264 515 2314 vir,
535 2266 607 2318 qui
645 2266 854 2320 optimam
887 2279 1101 2319 quamque
1129 2278 1301 2305 causam
1333 2263 1580 2318 reipublicae
1603 2276 1693 2302 am·

246 2320 484 2376 plectatur?
516 2322 588 2376 qui
630 2322 752 2363 bonis
786 2322 885 2362 viris
919 2321 1156 2363 deserviat?
1188 2321 1260 2375 qui
1300 2320 1478 2360 solidam
1521 2319 1688 2360 laudem

245 2392 475 2433 veramque
497 2381 688 2432 quaerat?
707 2394 804 2420 cum
827 2379 949 2428 sciat,
971 2379 1056 2419 duo
1080 2377 1150 2418 illa
1170 2376 1417 2433 reipublicae
1442 2390 1564 2432 paene
1586 2375 1688 2427 fata,

246 2434 485 2476 Gabinium
518 2445 561 2475 et
595 2434 810 2486 Pisonem,
838 2435 1017 2476 alterum
1047 2434 1217 2475 haurire
1246 2434 1439 2488 quotidie
1476 2447 1529 2474 ex
1563 2447 1689 2488 paca-

247 2492 422 2533 tissimis
467 2500 596 2546 atque
637 2492 974 2547 opulentissimis
1030 2492 1166 2547 Syriae
1209 2491 1326 2546 gazis
1379 2489 1688 2531 innumerabile

247 2549 414 2604 pondus
440 2549 559 2590 auri?
592 2549 747 2589 bellum
780 2548 935 2590 inferre
957 2547 1291 2604 quiescentibus,
1314 2555 1361 2587 ut
1390 2561 1541 2588 eorum
1572 2555 1688 2586 vete-

243 2619 309 2648 res
341 2605 609 2660 illibatasque
639 2606 826 2657 divitias,
851 2607 893 2647 in
919 2605 1300 2661 profundissimum
1331 2604 1559 2645 libidinum
1590 2618 1686 2644 sua-

241 2677 336 2703 rum
358 2662 575 2719 gurgitem
595 2661 852 2719 profundat?
875 2663 1016 2704 villam
1036 2662 1249 2703 aedificare
1272 2662 1314 2702 in
1337 2660 1472 2702 oculis
1490 2660 1684 2701 omnium

241 2728 422 2771 tantam,
445 2719 664 2775 tugurium
688 2728 736 2760 ut
759 2720 853 2775 jam
880 2720 1072 2761 videatur
1102 2733 1192 2760 esse
1219 2718 1291 2759 illa
1313 2717 1427 2768 villa,
1446 2730 1573 2772 quam
1595 2716 1684 2772 ipse

239 2776 436 2818 tribunus
459 2776 595 2833 plebis
621 2777 781 2833 pictam
803 2776 905 2819 olim
937 2776 981 2818 in
1009 2776 1291 2819 concionibus
1313 2774 1576 2831 explicabat,
1597 2785 1682 2829 quo
