1785 3185
291 97 389 134 1194
882 97 1129 136 ORATIO

284 211 387 249 rex3
417 197 524 239 nihil
547 197 629 240 hoc
661 200 871 242 amentius
893 201 1073 243 dicitur:
1107 210 1153 242 ut
1178 201 1271 256 jam
1294 205 1312 233 3
1328 201 1434 244 nihil
1455 217 1544 244 esse
1568 203 1709 244 videa-

247 262 368 305 sstur,
390 254 471 295 nisi
495 254 699 307 divinare,
722 258 939 313 sapientis.
1000 258 1082 299 Sed
1115 269 1270 310 tamen,
1302 260 1335 300 si
1368 260 1463 315 quis
1490 270 1568 310 est,
1592 260 1711 316 judi-

284 325 368 361 ces,
391 312 464 367 qui
487 311 600 354 illam
626 313 820 355 Postumi
843 316 932 356 sive
957 316 1126 356 inanem
1159 330 1293 371 spem,
1316 318 1404 358 sive
1427 318 1709 358 inconsultam

282 368 508 420 rationem,
531 370 619 411 sive
639 371 912 426 (gravissimo
936 372 1064 413 verbo
1088 376 1199 422 utar)
1224 375 1522 424 temeritatem,
1545 375 1711 430 vitupe-

281 425 457 466 randam
481 436 616 482 putet,
641 442 722 483 ego
745 428 836 483 ejus
859 428 1052 484 opinioni
1077 443 1161 469 non
1192 443 1409 486 repugno:
1443 431 1542 472 illud
1569 440 1711 471 tamen

279 482 500 538 deprecor,
523 493 584 535 ut,
608 499 705 524 cum
738 486 792 525 ab
825 484 917 539 ipsa
947 485 1119 525 fortuna
1140 486 1429 527 crudelissime
1459 488 1600 528 videat
1634 488 1710 527 liu-

272 538 347 594 jus
369 540 548 581 consilia
569 555 659 581 esse
681 542 874 591 multata,
897 556 948 581 ne
970 541 1072 595 quid
1097 543 1148 583 ad
1172 557 1240 582 cas
1273 544 1430 593 ruinas,
1453 545 1608 599 quibus
1640 544 1709 584 hic

278 611 506 652 oppressus
525 606 602 648 est,
624 597 865 638 addendum
888 598 1133 638 acerbitatis
1156 608 1294 654 putet.
1333 601 1445 640 Satis
1467 611 1545 651 est,
1570 601 1710 641 homi·

279 667 354 694 nes
386 653 673 709 imprudentia
694 654 833 709 lapsos
867 668 951 695 non
983 655 1169 710 erigere:
1203 670 1353 711 urgere
1377 671 1474 697 vero
1499 657 1710 712 jacentes,

279 719 355 751 aut
376 711 694 766 praecipitantcs
718 709 947 766 impellere,
970 723 1084 753 certe
1106 722 1169 752 est
1194 712 1472 754 inhumanum
1491 730 1499 754 :
1532 727 1708 769 praeser-

279 767 569 821 tim‚ju‹liccs,
592 782 689 807 cum
715 768 769 808 sit
793 768 874 808 hoc
896 770 1041 824 generi
1066 769 1288 809 hominum
1313 784 1446 826 prope
1467 780 1618 810 natura
1635 770 1710 810 da-

278 832 386 874 tum,
409 823 486 873 uti,
510 826 638 879 4thae
670 825 711 864 in
744 824 907 865 familia
936 825 1078 881 aliqua
1101 826 1187 867 laus
1220 827 1329 868 forte
1362 827 1567 877 floruerit,
1599 827 1709 868 hanc

278 879 381 931 fere,
403 880 477 935 qui
509 890 607 921 sunt
638 881 830 935 ejusdem
860 882 1018 937 stirpis,
1043 884 1209 938 ⁵[qu0d
1241 898 1378 925 sermo
1402 884 1624 924 hominum
1656 884 1711 925 ad

278 937 529 978 memoriam
562 938 823 993 prodendam
856 950 1024 994 patrum
1049 942 1204 980 virtute
1227 942 1497 994 c‹‘lel›retur‚]
1520 941 1709 997 cupidis-

145 995 386 1052 9,123‚sime
408 1005 739 1049 persequantur:
772 995 981 1051 siquidem
1007 1011 1092 1037 non
1123 998 1249 1038 modo
1273 999 1315 1039 in
1349 999 1485 1054 gloria
1508 998 1564 1038 rei
1597 997 1709 1038 mili-

235 1063 266 1085 a.
281 1052 382 1092 tatis
407 1050 601 1091 Paullum
627 1052 789 1108 Scipio,
807 1062 881 1094 aut
901 1052 1148 1094 Maximum
1171 1054 1296 1106 filius,
1322 1056 1391 1096 sed
1417 1055 1545 1095 etiam
1570 1055 1611 1095 in
1635 1054 1708 1096 de-

278 1108 453 1149 votione
475 1107 591 1160 vitai,
614 1118 655 1149 et
679 1110 719 1150 in
744 1110 837 1165 ipso
860 1124 1015 1166 genere
1046 1111 1209 1162 mortis,
1243 1112 1432 1152 imitatus
1453 1122 1518 1153 est
1543 1112 1591 1152 P.
1619 1110 1709 1152 De-

277 1166 392 1206 cium
424 1164 551 1205 filius.
612 1166 708 1207 Sint
750 1167 883 1222 igitur
923 1167 1092 1219 similia,
1124 1167 1308 1223 judices,
1351 1184 1483 1225 parva
1524 1169 1707 1225 magnis.

230 1219 380 1266 2Fuit
409 1222 538 1273 enim,
571 1224 711 1279 pueris
743 1224 883 1276 nobis,
915 1222 1044 1280 hujus
1077 1236 1197 1281 pater
1228 1224 1279 1266 C.
1303 1225 1474 1276 Curius,
1509 1226 1707 1282 princeps

238 1290 263 1323 3
278 1279 436 1320 ordinis
458 1281 680 1334 equestris,
703 1281 722 1311 6
737 1280 993 1323 fortissimus
1014 1291 1058 1323 et
1078 1282 1292 1323 maximus
1326 1282 1599 1338 publicanus:
1632 1297 1705 1323 cu-

267 1337 342 1392 jus
365 1336 408 1377 in
430 1337 616 1392 negotiis
637 1338 834 1394 gerendis
855 1339 1195 1396 magnitudinem
1225 1339 1355 1380 animi
1378 1343 1495 1380 'Tuon
1518 1351 1603 1380 tam
1628 1339 1704 1379 ho-

273 1394 409 1434 mines
433 1394 698 1449 probassent,
722 1396 801 1436 nisi
822 1396 864 1437 in
883 1397 1034 1438 eodem
1055 1397 1297 1453 benignitas
1321 1396 1582 1438 incredibilis
1602 1396 1705 1436 fuis-

275 1461 362 1493 set:
395 1460 442 1492 ut
464 1450 505 1491 in
529 1453 726 1508 augenda
744 1467 787 1493 re
809 1468 895 1495 non
916 1453 1108 1496 avaritiae
1130 1454 1337 1509 praedam,
1356 1454 1428 1495 sed
1448 1455 1705 1494 instrumen-

237 1517 366 1550 »itum
398 1509 580 1550 bonitati
603 1524 793 1565 quaerere
824 1511 1051 1553 videretur.
1113 1511 1213 1552 Hoc
1246 1510 1315 1552 ille
1347 1520 1488 1562 natus,
1510 1511 1704 1566 quamvis

268 1573 434 1621 patrem
469 1580 590 1607 suum
626 1581 859 1623 numquam
884 1568 1062 1619 viderat,
1085 1577 1228 1609 tamen
1258 1578 1302 1609 et
1330 1577 1484 1609 natura
1513 1568 1605 1623 ipsa
1626 1567 1703 1608 du-

268 1636 333 1673 ce,
355 1637 451 1678 quae
475 1621 706 1678 plurimum
730 1625 855 1676 valet,
878 1635 923 1666 et
942 1625 1122 1666 assiduis
1141 1625 1475 1666 domesticorum
1498 1624 1704 1665 sermoni-

267 1679 363 1731 bus,
396 1680 470 1719 ssin
507 1690 695 1735 paternae
728 1682 828 1723 vitae
862 1682 1186 1723 similitudinem
1217 1682 1425 1723 deductus
1455 1691 1534 1722 est.
1570 1680 1704 1721 multa

267 1737 425 1792 gessit:
450 1737 584 1778 multa
605 1739 846 1781 contraxit:
873 1753 1050 1796 magnas
1074 1748 1214 1794 partes
1236 1739 1389 1780 habuit
1408 1738 1700 1794 publicorum:

267 1793 449 1834 credidit
470 1794 663 1849 populis:
697 1797 739 1837 in
762 1797 950 1852 pluribus
974 1796 1205 1852 provinciis
1227 1796 1319 1850 ejus
1338 1805 1503 1836 versata
1525 1809 1589 1836 res
1611 1805 1700 1835 est:

263 1851 385 1891 dedit
406 1864 449 1891 se
470 1852 600 1892 etiam
622 1853 819 1910 regibus:
844 1853 944 1895 huic
966 1853 1046 1910 ipsi
1067 1852 1362 1894 Alexandrino
1387 1852 1591 1908 grandem
1607 1852 1701 1908 jam

305 1966 325 1994 :3
342 1965 428 1994 nihil
446 1975 473 1995 e.
488 1975 517 1995 v.
533 1966 596 1996 nivi
613 1967 774 2004 divinare,
789 1965 956 2006 sapientis]
1043 1965 1274 2006 Gfortissimus
1289 1971 1320 1996 ec
1335 1977 1378 1996 m.
1396 1964 1606 2006 publicanus]
1628 1964 1700 2004 Epi-

265 2006 350 2036 Puto
374 2007 522 2037 ordinem
551 2017 663 2039 verum
692 2017 772 2045 esse,
800 2010 884 2038 nihil
908 2018 959 2038 sa—

258 2049 391 2087 pientis,
411 2050 474 2079 uisi
497 2050 656 2081 divinare.
699 2049 882 2090 Vulgatum
903 2059 959 2080 au-

264 2099 314 2120 res
331 2101 412 2121 meae
426 2092 479 2121 vix
493 2092 616 2124 ferunt.

304 2135 325 2163 4
347 2143 412 2172 qua
436 2135 471 2164 in
487 2136 631 2175 familia
656 2137 729 2165 laus
750 2134 904 2175 aliquanti
921 2134 957 2171 f.

262 2174 396 2214 hanef.
411 2177 466 2216 qui
486 2181 562 2207 suut
577 2177 646 2217 ejus
668 2178 778 2217 stirpis
795 2176 869 2216 δία]
897 2176 960 2206 Hic

263 2215 354 2246 locus
387 2218 470 2249 foede
504 2223 554 2249 est
581 2225 765 2259 corruptus.
811 2219 958 2248 Primum

262 2259 469 2290 scribendum
482 2266 530 2291 est
543 2270 612 2300 qua’
621 2275 629 2291 .·
654 2262 794 2293 refertur
807 2261 895 2290 enim
910 2271 957 2290 re—

261 2299 399 2330 lativum
427 2302 468 2332 ad
494 2311 629 2343 sequens
656 2305 759 2334 hanc.-
781 2302 896 2333 deinde
923 2305 958 2332 in

251 2342 394 2383 familia
406 2345 519 2383 aliqua
534 2345 598 2385 As.
612 2346 711 2376 tertio
726 2344 867 2386 ejusdem
881 2345 958 2374 stir-

255 2386 320 2423 pis.
365 2385 440 2416 Fuit
462 2396 519 2426 per
533 2387 762 2428 compendium
785 2389 956 2427 scriptum,

260 2432 299 2457 ut
315 2427 409 2458 estin
423 2428 494 2459 edd.
510 2439 560 2469 pr.

303 2472 322 2500 5
338 2471 420 2508 quod
429 2470 766 2509 sermo—celebretur]
787 2470 867 2500 Haee
878 2480 957 2509 quo-

259 2521 323 2549 que
337 2517 414 2542 sunt
430 2513 558 2549 vitiosa,
571 2514 720 2551 varieque
734 2517 909 2543 tentantur
923 2518 958 2543 et

259 2553 475 2593 explicantur.
531 2555 668 2595 Optima
706 2555 864 2585 cori-ectio
906 2559 956 2585 est

258 2594 429 2627 Lambini:
453 2598 537 2637 quod
547 2605 691 2627 sermone
713 2597 893 2626 h.—-virtus
906 2606 955 2626 ce-

259 2638 412 2670 lebretur.
453 2639 515 2670 Sed
529 2639 657 2670 videtur
672 2643 782 2668 totum
797 2648 864 2668 esse
879 2647 955 2678 spu-

258 2679 354 2710 rium.
384 2691 460 2712 nam
487 2682 663 2718 sententia,
693 2690 764 2719 quae
792 2681 953 2711 rationein

256 2720 345 2751 illius
359 2723 545 2763 cupiditatis
560 2723 713 2763 explicat,
729 2727 778 2752 cst
801 2722 872 2753 loco
889 2723 953 2762 pri-

256 2773 349 2794 mum
364 2766 483 2802 alieno,
501 2770 535 2796 et
548 2765 717 2796 durissime
730 2764 855 2794 divellit
871 2766 954 2794 hane

244 2806 337 2845 sere,
352 2809 407 2846 qui
426 2818 451 2838 s.
467 2817 493 2837 e.
508 2813 547 2838 st.
563 2817 581 2838 a
594 2806 767 2847 praedicato
782 2816 855 2846 cup.
867 2816 953 2845 pers.

254 2848 392 2889 denique
408 2850 492 2882 ratio
507 2850 594 2881 illius
609 2854 659 2880 est
681 2849 714 2880 in
730 2849 950 2890 sequentibus.

1001 2008 1120 2038 theton
1137 2008 1300 2049 publicani
1311 2007 1520 2048 Ji11·lissinms
1543 2017 1608 2037 non
1633 2008 1700 2047 pla-

1003 2056 1056 2081 cet
1072 2050 1152 2080 mihi
1176 2051 1291 2090 magis,
1315 2060 1413 2089 quam
1438 2050 1652 2080 Hotomanno
1667 2054 1702 2079 et

1003 2092 1177 2128 Larnbino,
1209 2093 1263 2131 qui
1290 2092 1507 2131 conjiciebant
1532 2091 1699 2132 florentis-

1002 2136 1092 2164 simo.
1136 2134 1223 2165 Nam
1238 2134 1325 2174 quod
1341 2135 1374 2164 in
1388 2144 1426 2164 eo
1441 2134 1538 2163 verbo
1559 2133 1706 2172 intelligi.

1003 2181 1124 2217 potest,
1152 2176 1184 2206 id
1209 2182 1258 2207 est
1287 2177 1321 2206 in
1348 2176 1574 2215 sequentibus:
1606 2175 1703 2215 cujus

1001 2219 1265 2257 magnitudinem
1287 2219 1390 2248 animi
1413 2219 1472 2248 ἃς.
1500 2226 1573 2256 quae
1596 2217 1700 2247 cerni-

1000 2266 1057 2291 tur
1080 2261 1113 2291 in
1139 2260 1351 2300 suscipiendis
1379 2259 1517 2297 negotiis
1545 2258 1584 2289 ad
1613 2269 1701 2298 qnae-

1000 2307 1090 2333 stum
1126 2303 1303 2341 majoribus
1338 2306 1372 2332 ct
1408 2300 1606 2342 periculosis.
1665 2303 1703 2332 Si.

1000 2344 1147 2385 epitheta
1165 2344 1363 2384 respondent
1381 2343 1604 2382 sequentibus,
1628 2353 1698 2374 ma-

997 2387 1136 2426 gnitudo
1150 2395 1182 2416 α.
1197 2393 1230 2417 ct
1246 2387 1441 2425 benignitas,
1464 2385 1637 2425 legendum
1653 2386 1699 2416 vi-

1000 2429 1096 2459 detur
1110 2433 1171 2468 opt.
1187 2433 1218 2458 ee
1234 2429 1409 2459 minimus.

1041 2475 1059 2504 7
1083 2480 1145 2501 non
1168 2470 1252 2510 tam]
1279 2469 1515 2500 scribendume.
1539 2478 1602 2499 non
1624 2470 1698 2498 tan-

1000 2517 1082 2543 tum.

1041 2557 1059 2586 8
1082 2556 1116 2585 in
1133 2558 1283 2593 patei-nce
1296 2554 1398 2592 culpa*
1412 2552 1499 2591 sim.]
1524 2550 1700 2592 Quomodo

997 2596 1126 2636 eulpoe?
1143 2596 1250 2626 Immo
1266 2595 1439 2634 legendum
1458 2596 1541 2630 vim,
1558 2601 1593 2624 ut
1610 2594 1695 2623 infra

996 2643 1047 2668 est
1061 2649 1069 2668 :
1087 2639 1190 2668 vitam
1200 2638 1308 2678 patris
1321 2641 1351 2666 et
1366 2637 1626 2666 consuetudinem
1642 2645 1694 2665 ea:-

994 2684 1168 2719 presserat.
1215 2680 1258 2710 Et
1284 2688 1356 2718 qua:
1379 2678 1559 2719 explicandi
1583 2686 1695 2707 caussa

995 2723 1229 2760 subjiciuntur,
1245 2721 1356 2751 omnia
1379 2721 1418 2750 ad
1436 2720 1508 2750 vitae
1532 2720 1693 2750 rationem

995 2765 1174 2804 pertinent,
1192 2773 1257 2793 non
1273 2763 1312 2793 ad
1328 2763 1471 2802 culpam.
1516 2763 1568 2792 Sic
1584 2761 1692 2799 conje-

996 2811 1085 2836 cerat
1111 2810 1143 2836 et
1173 2806 1418 2835 Hotomannus.
1462 2804 1618 2845 Recipere
1649 2803 1691 2832 ob

995 2848 1191 2880 evidentiam
1207 2856 1274 2880 non
1287 2847 1443 2878 dubitavi.
