1785 3185
493 98 847 138 PHILIPPICA
874 99 1168 141 SECUNDA.
1450 108 1547 145 1801

117 205 246 249 modo
266 218 312 245 es
333 202 660 260 comparandus.
717 202 801 243 Sed
823 216 881 243 ex
905 202 1099 258 plurimis
1122 203 1259 255 malis,
1281 220 1378 261 quae
1400 206 1455 247 ab
1478 207 1550 248 illo

117 261 365 318 reipublicae
398 269 498 301 sunt
529 259 685 308 inusta,
719 258 801 299 hoc
837 268 977 300 tamen
1011 260 1113 300 boni
1147 270 1225 311 est,
1250 263 1366 315 quod
1398 263 1552 305 didicit

111 319 205 375 jam
240 315 422 374 populus
456 316 692 365 Romanus,
725 325 934 370 quantum
965 315 1121 370 cuique
1156 317 1361 369 crederet,
1392 320 1572 374 quibus'

119 390 163 417 se
183 374 486 424 committeret,
507 387 532 413 a
552 372 708 427 quibus
729 381 912 413 caveret.
957 372 1070 413 Haec
1092 372 1225 428 igitur
1247 388 1334 414 non
1355 377 1551 430 cogitas?

118 446 198 473 nec
220 430 438 486 intelligis,
460 429 560 470 satis
590 443 681 469 esse
703 429 803 471 viris
834 428 1018 470 fortibus
1047 429 1262 481 didicisse,
1283 433 1465 486 20qua1n
1497 434 1552 474 sit

118 502 163 532 re
194 487 434 543 pulchrum,
458 485 666 528 beneficio
697 497 882 542 gratum,
905 486 1020 527 fama
1049 485 1299 542 gloriosum,
1322 495 1553 544 tyrannum

49 580 59 597 ,
120 545 347 587 occidere?
377 558 445 594 an,
468 557 565 584 cum
598 542 716 583 illum
746 544 941 585 homines
972 557 1059 584 non
1090 542 1280 595 tulerint,
1310 553 1353 586 te
1383 545 1553 588 ferent?

52 608 71 638 θ
119 601 331 644 Certatim
363 600 560 657 posthac,
590 600 695 640 mihi
732 600 870 651 crede,
901 600 953 641 ad
986 600 1069 642 hoc
1098 615 1207 657 opus
1238 611 1445 654 curretur,
1475 617 1554 645 nec
1569 605 1643 639 118

119 659 359 701 occasionis
383 657 558 699 tarditas
580 658 914 711 exspectabitur.

180 715 380 771 Respice,
421 728 584 770 quaeso,
624 713 852 769 aliquando
893 713 1217 770 rempublicam,
1262 713 1330 756 M.
1365 713 1558 760 Antoni:

120 773 278 829 quibus
319 781 437 813 ortus
479 772 549 821 sis,
586 785 674 810 non
712 772 969 825 quibuscum
1012 770 1143 822 vivas,
1184 772 1408 814 considera
1429 785 1449 814 :¹
1470 787 1560 814 me-

122 844 238 880 cum,
271 838 319 870 ut
352 828 494 879 voles;
525 841 623 868 cum
662 828 883 883 republica
920 827 1009 869 redi
1048 828 1092 870 in
1126 828 1326 884 glutiam.
1387 829 1470 871 Sed
1506 831 1560 873 de

124 895 168 927 te
210 895 255 927 tu
293 886 384 940 ipse
406 884 589 926 videris:
621 898 703 940 ego
742 884 795 926 de
828 899 896 926 me
929 885 1022 940 ipso
1057 885 1307 941 profitebor.
1369 885 1559 929 Defendi

122 942 434 999 rempublicam
455 941 714 992 adolescens,
737 956 822 983 non
845 943 1035 984 deseram
1056 956 1212 985 senex:
1240 944 1450 984 contemsi
1475 944 1559 986 Ca-

124 999 259 1042 tilinae
283 998 462 1055 gladios,
484 1013 570 1039 non
593 999 890 1054 pertimescam
920 1009 1032 1041 tuos.
1093 999 1211 1047 Quin
1241 1000 1372 1042 etiam
1403 1015 1558 1059 corpus

124 1057 307 1100 libenter
336 1056 582 1106 obtulerim,
606 1056 638 1095 si
668 1056 961 1112 repraesentari
985 1065 1123 1098 morte
1144 1071 1240 1098 mea
1259 1056 1433 1099 libertas
1453 1060 1560 1100 civi-

126 1115 226 1156 tatis
261 1122 418 1171 potest‚
478 1112 540 1154 Ut
577 1112 807 1167 aliquando
838 1114 961 1155 dolor
998 1114 1147 1169 populi
1186 1113 1373 1156 Romani
1407 1117 1648 1172 pariat,ll9

121 1172 243 1228 ,quod
267 1171 437 1227 jamdiu
467 1170 652 1227 parturit
671 1171 679 1211 Ε
742 1169 915 1212 Etenim
941 1171 973 1211 si
1007 1171 1165 1212 abhinc
1186 1186 1320 1214 annos
1341 1186 1476 1229 prope
1498 1174 1560 1215 vi-
1572 1179 1605 1209 P·
1625 1171 1695 1202 183.

127 1229 239 1286 giuti
263 1230 345 1270 hoc
367 1228 460 1287 ipso
483 1229 526 1269 in
550 1228 709 1285 templo
735 1228 890 1284 negavi
922 1242 1047 1284 posse
1076 1237 1258 1270 mortem
1290 1223 1608 1273 immaturam&

127 1300 219 1330 esse
240 1285 476 1328 consulari:
501 1296 663 1341 quanto
686 1285 823 1327 verius
846 1301 960 1329 nunc
980 1286 1149 1342 negabo
1171 1285 1289 1327 seni?
1313 1285 1430 1328 Mihi
1450 1303 1565 1341 vero,

130 1353 272 1400 patres
302 1343 551 1398 conscripti,
576 1343 670 1398 jam
700 1344 829 1385 etiam
861 1344 1051 1400 optanda
1082 1358 1196 1384 mors
1229 1351 1308 1394 est,
1340 1344 1565 1400 perfuncto

129 1401 257 1443 rebus
280 1400 346 1451 iis,
368 1415 473 1456 quas
495 1400 673 1458 adeptus
697 1415 805 1452 sum,
826 1415 1015 1456 quasque
1038 1401 1164 1457 gessi.
1196 1400 1282 1442 duo
1314 1402 1444 1443 modo
1471 1404 1568 1446 haee

129 1467 265 1514 opto:
300 1472 446 1509 unum,
479 1467 526 1498 ut
557 1458 742 1499 moriens
772 1458 979 1517 populum
1013 1459 1257 1500 Romanum
1289 1457 1471 1501 liberum
1502 1477 1568 1502 re-

128 1514 350 1570 linquam:
383 1513 467 1555 hoc
500 1514 606 1555 mihi
640 1515 777 1571 majus
810 1531 836 1557 a
867 1516 948 1557 diis
982 1516 1296 1558 immortalibus
1334 1516 1424 1558 dari
1459 1518 1570 1561 nihil

128 1581 299 1636 potest:
331 1571 526 1621 alterum,
561 1581 609 1613 ut
647 1573 708 1615 ita
749 1573 904 1628 cuique
944 1574 1128 1627 eveniat,
1165 1583 1212 1615 ut
1250 1574 1304 1614 de
1348 1576 1569 1632 republica

128 1643 312 1688 quisque
334 1639 562 1672 mereatur.

172 1789 213 1818 20
235 1795 335 1826 quam
361 1786 404 1816 sit
428 1796 465 1816 re
482 1786 676 1826 pulchrum]
702 1787 752 1818 Re
773 1787 830 1818 ad·
871 1788 1002 1828 paribus
1021 1789 1199 1819 membris:
1223 1797 1260 1818 re
1267 1788 1458 1828 pulchrum,
1478 1789 1569 1821 hane„

104 1869 107 1871 -
132 1828 200 1859 didi
214 1839 255 1866 ex
277 1828 390 1859 eodem
413 1828 496 1858 libro
521 1838 596 1859 cum
621 1829 746 1860 Faerno
771 1831 829 1861 Sec.
859 1831 942 1872 ficio
954 1836 1095 1870 gratum
1110 1832 1167 1863 ἃς.
1211 1830 1263 1864 Sic
1277 1836 1312 1862 et
1326 1829 1418 1864 Leid.

131 1871 178 1904 Et
199 1871 232 1906 id
244 1870 379 1906 verbum
402 1871 548 1913 postulat
570 1871 775 1906 concinnitas
790 1883 828 1906 ex
