1785 3185
362 124 709 164 PHILIPPICA
742 123 1213 161 TERTIADECIMA.
1398 125 1501 164 1417

77 223 265 268 delectus
299 228 543 270 excitastis:
575 227 783 283 collegam
804 237 846 267 et
868 227 1030 267 socium
1066 227 1267 267 scelerum
1294 226 1501 275 omnium,

77 283 243 324 hostem
271 283 558 338 judicavistis.
619 262 729 324 Cum
766 283 847 323 hoc
868 297 962 346 quae
992 297 1074 337 pax
1110 291 1248 336 potest
1280 285 1397 323 esse?
1456 282 1502 322 Si

78 350 187 381 esset
218 350 418 381 externus
450 341 597 391 hostis,
629 350 770 380 tamen
807 340 848 379 id
883 340 1020 393 ipsum
1055 338 1144 388 vix,
1176 339 1329 379 talibus
1362 339 1501 389 factis,

78 406 220 461 posset
250 396 392 451 aliquo
424 397 566 437 modo.
598 397 743 446 maiia,
765 404 945 445 montes,
978 394 1200 450 regionum
1241 395 1502 450 magnitudi-

77 466 152 492 nes
184 453 461 494 interessent:
494 453 689 494 odissetis
719 467 831 501 eum,
853 466 978 503 quem
1013 465 1094 491 non
1130 452 1341 491 videretis.
1380 451 1424 490 hi
1456 466 1541 500 inp.
1557 463 1633 494 247.

78 508 212 549 oculis
248 508 485 560 haerebunt,
509 520 565 560 et,
587 524 684 550 cum
708 509 866 558 licebit,
889 510 930 548 in
955 508 1176 558 faucibus;
1207 508 1362 571 quibus
1385 507 1541 547 enim&-

75 565 207 628 neptis
229 575 314 606 tam
334 566 538 606 immanes
567 566 721 606 belluas
744 565 1088 606 continebimus?
1135 541 1194 604 A't
1217 565 1402 604 incertus
1424 577 1501 604 ex-

76 620 162 661 itus
184 621 278 662 belli
302 631 380 662 est.
443 622 518 662 Est
536 623 710 663 omnino
734 622 906 662 fortium
929 622 1128 670 viror‚um
1147 619 1290 675 quales
1316 635 1388 660 vos
1410 634 1501 661 esse

76 676 259 728 debetis,
282 681 316 708 15
333 679 531 720 virtutem
555 689 778 742 praestare:
811 688 974 719 tantum
994 678 1107 718 enim
1128 686 1332 732 possunt:
1365 676 1501 716 fortu-

75 746 144 775 nae
165 734 334 790 culpam
357 749 442 777 non
479 736 771 776 extimescere.
831 735 913 775 Sed
944 735 1143 789 quoniam
1168 735 1221 774 ab
1248 734 1329 774 hoc
1352 734 1537 774 ordine6

77 803 163 831 non
204 790 410 832 fortitudo
455 791 605 841 solum,
640 806 785 832 verum
823 792 952 832 etiam
992 791 1200 855 sapientia
1236 789 1498 853 postulatur:

75 851 352 902 (quamquam
387 848 459 889 vix
495 848 691 889 videntur
725 848 818 889 haec
848 862 971 903 posse
1010 848 1192 903 sejungi,
1226 861 1502 902 seJungamus

76 913 216 944 tamen
231 906 261 953 :)
293 903 500 946 fortitudo
535 905 738 946 dimicare
762 905 904 960 jubet,
929 904 1097 959 justum
1127 904 1272 945 odium
1296 904 1501 951 incendit,

73 959 127 1001 ad
149 961 469 1016 confligendum
492 961 686 1016 impellit,
710 971 834 1002 vocat
852 962 903 1002 ad
924 960 1180 1017 periculum:
1212 961 1312 1016 quid
1335 960 1504 1015 sapien-

73 1016 164 1057 tia?
193 1018 453 1058 cautioribus
487 1018 621 1058 utitur
654 1018 888 1068 0011511115,
880 1033 922 1058 111
948 1027 1164 1074 posterum
1198 1017 1407 1072 providet,
1437 1026 1502 1058 est

78 1073 114 1103 16
126 1073 241 1114 omni
265 1074 428 1115 ratione
451 1075 696 1130 protectior.
720 1075 834 1121 Quid
859 1074 1171 1129 101111110011501ρ
1176 1075 1420 1137 parendum
1437 1083 1503 1116 est

74 1129 213 1171 enim:
245 1140 373 1185 atque
396 1132 437 1172 id
459 1132 669 1187 optimum
686 1131 983 1186 judicandum,
1005 1131 1119 1186 quod
1152 1131 1208 1171 sit
1239 1130 1502 1194 sapientissi-

73 1200 144 1227 me
164 1187 461 1229 constitutum.
521 1188 566 1228 Si
589 1188 670 1229 hoc
689 1188 900 1244 praecipit,
923 1202 976 1228 ne
1005 1188 1107 1243 quid
1142 1188 1230 1228 vita
1256 1188 1501 1228 existimem

75 1243 306 1298 antiquius,
335 1259 388 1285 ne
409 1245 632 1286 decernam
654 1245 808 1301 capitis
844 1244 1046 1300 periculo,
1069 1243 1234 1300 fugiam
1266 1258 1394 1284 omne
1414 1245 1501 1285 dis-

75 1299 262 1342 crimen:
293 1316 480 1365 quaeram
513 1316 567 1342 ex
594 1316 657 1365 ea,
683 1307 717 1338 ¹7
731 1303 930 1352 etiamne,
963 1316 997 1342 Sl
1028 1301 1122 1351 erit,
1145 1316 1243 1342 cum
1280 1301 1321 1342 id
1344 1301 1500 1351 fecero,

77 1356 359 1398 serviendum.
392 1358 425 1398 si
457 1359 677 1410 annuerit,
710 1373 778 1400 nae
801 1373 882 1414 ego
904 1358 1156 1414 sapientiam
1188 1369 1329 1408 ist-111
1351 1373 1421 1421 qu
1411 1372 1501 1398 1111-

77 1413 140 1454 vis
164 1413 219 1454 sit
240 1415 418 1466 erudita,
440 1430 524 1456 non
556 1416 740 1456 audiam.
771 1415 836 1455 sin
826 1393 1138 1479 ‘'respo-nolent,
1161 1423 1207 1455 tu
1239 1429 1338 1455 vero
1358 1416 1417 1454 ita
1440 1415 1503 1454 vi-

77 1478 163 1511 tam
186 1485 425 1534 corpusque
461 1482 641 1522 servato,
660 1472 721 1513 ita
741 1471 947 1522 fortunas,
971 1473 1031 1512 ita
1051 1486 1138 1512 rem
1167 1471 1434 1521 familiarem,
1454 1481 1502 1511 ut

75 1527 312 1582 posteriora
341 1528 536 1569 libertate
566 1529 710 1580 ducas,
741 1529 885 1584 itaque
915 1529 981 1569 his
1014 1529 1074 1570 uti
1106 1527 1224 1579 velis,
1249 1531 1285 1558 12
1302 1529 1336 1568 si
1366 1527 1501 1569 libera

75 1583 292 1639 republica
322 1586 484 1640 possis:
516 1600 594 1627 nec
626 1601 702 1641 pro
724 1586 790 1627 his
821 1586 1077 1650 libertatem,
1099 1585 1172 1626 sed
1204 1598 1280 1640 pro
1303 1585 1500 1625 libertate

77 1639 171 1681 haec
194 1641 408 1696 proJicias,
433 1645 470 1676 19
484 1652 698 1698 tamquam
723 1643 905 1708 pignora
926 1642 1121 1698 injuriae:
1162 1652 1252 1682 tum
1275 1641 1499 1696 sapientiae

77 1711 226 1738 vocem
256 1697 402 1739 audire
436 1699 592 1749 videar,
623 1700 760 1755 eique,
794 1700 856 1740 uti
893 1699 988 1763 deo,
1020 1712 1207 1755 paream.
1267 1697 1419 1752 Itaque
1451 1713 1498 1748 51,

76 1754 257 1809 receptis
281 1754 374 1805 illis,
393 1770 614 1819 possumus
635 1771 725 1797 0550
746 1756 882 1807 liberi,
906 1756 1126 1797 vincamus
1147 1756 1309 1806 odium,
1332 1769 1502 1810 pacem-

76 1825 159 1866 que
181 1811 416 1866 patiamur:
447 1815 488 1842 20
502 1812 565 1853 sin
581 1812 669 1868 juS,
692 1813 975 1854 incolumibus
999 1812 1081 1863 his,
1103 1812 1265 1852 nullutn
1294 1826 1384 1852 0550
1406 1821 1504 1866 pot-

76 1877 165 1909 est:
196 1867 390 1908 laetemur
410 1868 653 1911 decertandi
684 1870 872 1911 oblatam
895 1883 985 1910 esse
1016 1869 1247 1910 fortunam.
1278 1878 1352 1909 aut
1373 1868 1504 1919 enim,

79 1924 202 1965 victis
235 1924 316 1975 his,
338 1924 528 1966 fruemur
558 1926 734 1968 victrice
764 1926 996 1982 republica,
1027 1936 1100 1966 aut
1127 1925 1336 1990 oppressi,
1372 1900 1504 1979 (quoti

76 1995 202 2022 omen
223 1990 387 2023 avertat
413 1981 587 2038 Jupiter
603 1984 632 2033 l)
671 1985 704 2024 si
726 1998 811 2024 non
842 1984 1010 2039 spiritu,
1031 1992 1075 2023 at
1099 1982 1266 2023 virtutis
1297 1981 1421 2022 laude
1446 1995 1507 2022 vi-

78 2051 241 2079 vemus.

75 2142 128 2181 qui
145 2150 212 2172 non
233 2142 409 2181 excitatur,
423 2143 478 2174 sed
499 2143 539 2174 fit
560 2154 578 2174 0
594 2145 771 2184 juventute

78 2184 233 2214 excitata.

813 2153 890 2174 cum
913 2143 1051 2179 Faerno,
1073 2142 1161 2174 Mur.
1176 2142 1261 2181 aliis,
1283 2142 1425 2180 Graevio,
1449 2152 1508 2183 pro

813 2187 953 2216 etiamne
955 2185 1069 2224 fuerit
1083 2186 1141 2216 &c.
1158 2196 1175 2215 e
1191 2186 1270 2216 vat.

122 2228 158 2256 15
179 2226 301 2255 virtute
313 2230 473 2265 praestare
487 2231 683 2263 tantun1,ut
696 2237 769 2268 pos-

74 2268 140 2298 sint
164 2267 238 2306 δῖα]
277 2268 396 2298 Sensus
419 2269 514 2308 hujus
541 2268 688 2299 lectionis
716 2275 768 2300 ut-

77 2319 204 2349 cunque
225 2309 302 2339 ferri
324 2314 448 2349 potest:
474 2311 530 2341 sed
551 2311 697 2341 latinitas
717 2318 769 2342 ta-

77 2361 153 2381 men
167 2360 234 2381 non
249 2351 327 2382 satis
341 2351 467 2391 placet:
484 2353 572 2382 tzrtzn
575 2357 605 2383 te
612 2358 772 2392 praestare

77 2393 158 2424 bene
181 2392 313 2431 dicitur,
334 2393 495 2431 absolute,
518 2405 576 2434 pro
600 2395 769 2432 excellere,

74 2434 131 2465 ned
153 2443 220 2465 non
243 2444 300 2474 pro
322 2435 458 2473 efficere,
479 2446 553 2466 cum
576 2441 718 2473 tantum,
733 2441 771 2468 ut

70 2477 194 2517 possint
215 2477 272 2506 &c.
317 2476 431 2516 Itaque
447 2478 577 2517 praetuli
596 2478 770 2509 lectionem

77 2518 215 2549 alteram
232 2517 349 2548 codicis
363 2519 438 2550 Vat.
460 2529 557 2559 quam
571 2525 606 2550 et
625 2520 770 2552 Graevius

75 2565 206 2590 occutus
229 2564 292 2596 est,
307 2560 461 2591 virtutem
470 2565 630 2601 praestate
646 2564 704 2593 810.
733 2573 772 2594 ea

76 2606 128 2636 est
141 2602 241 2632 etiam
266 2601 300 2631 in
318 2601 426 2632 Guelf.
448 2608 663 2643 praeterquam
686 2605 772 2644 quod

75 2644 198 2674 virtute
212 2643 254 2672 ibi
271 2647 333 2679 est,
346 2645 463 2675 omissa
477 2655 575 2685 supra
588 2655 605 2676 e
619 2646 757 2685 virgula.

122 2685 158 2715 16
180 2685 267 2715 omni
288 2686 414 2716 ratione
427 2686 616 2727 protectior]
641 2686 772 2718 Durum

78 2727 205 2757 videtur
222 2727 408 2766 protectwr.
453 2728 567 2759 Putaxi
591 2730 702 2759 tectior
725 2729 772 2760 le-

78 2769 233 2808 gendum.
275 2768 391 2806 Video,
407 2779 452 2799 510
467 2776 501 2802 et
516 2770 640 2801 faerno
663 2771 771 2811 place-

78 2818 135 2845 re:
160 2810 268 2840 nescio
284 2820 326 2841 an
342 2810 420 2842 cod.
438 2811 514 2843 Vat.
530 2817 674 2843 auctore.

122 2854 157 2886 17
180 2852 332 2891 etiamne,
357 2854 386 2884 oi
410 2854 474 2883 etit
501 2853 576 2895 310]
611 2854 664 2885 Sic
687 2853 772 2886 edidi

858 2231 894 2258 18
915 2229 943 2258 si
959 2228 1059 2258 libera
1073 2236 1138 2266 rep.
1151 2227 1265 2266 possae]
1296 2227 1397 2257 Recte
1412 2227 1510 2257 sicii-

812 2268 896 2299 dem.
914 2269 998 2300 male
1024 2269 1136 2308 vulgg.
1158 2270 1186 2298 si
1207 2270 1345 2299 liberare
1357 2278 1458 2308 remp.
1471 2278 1509 2308 p·

813 2321 888 2341 mox
904 2311 1000 2342 iidem
1015 2321 1073 2341 nec
1083 2321 1175 2342 vero.
1171 2323 1178 2329 ·
1200 2311 1287 2350 quod
1301 2320 1367 2341 non
1379 2316 1510 2342 secutus

812 2362 898 2383 sum.

857 2397 893 2429 19
916 2399 1086 2433 tamquam
1101 2394 1247 2434 pignora
1267 2391 1413 2433 injurioe]
1447 2393 1509 2423 int.

812 2436 1031 2466 documenta·
1062 2437 1147 2466 sicut
1163 2436 1288 2475 pignus
1309 2436 1438 2475 proprie
1460 2442 1511 2465 εει

812 2477 1047 2523 documentum
1062 2477 1174 2508 debiti.

854 2523 894 2550 20
915 2520 966 2549 sin
976 2518 1051 2559 jus,
1065 2520 1128 2550 inc.
1151 2521 1183 2549 Ιι.
1203 2517 1348 2557 nullum]
1376 2517 1435 2548 Sin
1447 2516 1510 2558 jue

813 2561 847 2591 in
871 2561 960 2591 libris
985 2570 1048 2591 scr.
1070 2561 1232 2601 plerisque
1256 2564 1422 2600 repertum
1446 2566 1508 2590 est.

813 2603 858 2632 510
871 2608 906 2633 et
920 2602 1027 2633 Guelf.
1050 2608 1085 2633 at
1100 2602 1170 2633 edd.
1187 2612 1235 2642 pr.
1247 2603 1298 2631 sin
1320 2602 1411 2639 liber,
1427 2602 1510 2637 vivis

813 2646 863 2674 his
875 2645 1158 2683 incqumibusque,
1172 2645 1283 2674 mallus
1288 2646 1401 2682 potest.
1425 2643 1509 2672 Gru-

813 2693 902 2716 terus
918 2686 1016 2716 libros
1031 2695 1092 2717 scr.
1109 2686 1182 2715 illos
1195 2690 1325 2715 secutus
1338 2690 1400 2722 est,
1417 2684 1508 2726 Grae-
1542 2722 1547 2725 λ

814 2728 883 2758 vius
909 2728 1015 2758 Vatic.
1037 2729 1089 2758 sin
1103 2728 1204 2757 otium
1222 2728 1284 2757 inc.
1328 2726 1400 2764 Ego
1423 2726 1508 2756 G'ru·

813 2774 923 2800 terum
951 2774 1082 2799 secutus
1111 2777 1208 2799 sum.>
1225 2777 1301 2798 nam
1320 2766 1383 2807 jus
1410 2767 1510 2798 habet

814 2811 1079 2849 conjunctionem
1107 2819 1183 2841 cum
1210 2810 1374 2847 libertate,
1399 2814 1511 2849 estque

814 2854 882 2894 qius
898 2850 1169 2888 fundamentum?
