1785 3185
266 92 362 127 1412
847 86 1100 124 ORATIO

263 188 430 244 quidvis
462 187 623 229 homini
663 189 855 231 accidere
888 205 1038 245 posse:
1071 198 1358 231 verumtamen
1392 190 1518 232 semel
1548 194 1585 223 41
1600 192 1682 233 cir-

263 255 507 301 cumscptus
538 245 657 287 lectis
691 246 1068 288 valentissimorum
1102 247 1323 287 hominum
1355 247 1513 288 viribus
1545 249 1678 290 cecidi

200 311 250 345 25
265 302 414 352 sciens,
433 311 479 342 ut
500 302 794 343 honestissime
817 318 982 358 possem
1004 317 1245 359 exs111·g·.e1e
1290 304 1523 344 Possumne
1545 305 1676 361 igitur

262 360 362 399 satis
383 359 514 399 videri
537 370 699 408 cautus,
722 360 821 399 satis
845 360 1059 414 proxidus,
1083 361 1113 399 si
1128 375 1204 438 >me
1227 360 1324 400 huic
1348 361 1484 401 itineri
1509 371 1594 401 tam
1614 376 1678 401 in-

261 414 387 466 festo,
405 424 579 479 tamque
603 416 837 471 periculoso
860 419 1139 457 commisero?
1172 414 1362 456 Gloriam
1385 417 1425 456 in
1450 428 1586 458 morte
1606 418 1679 458 de-

261 473 394 513 bent
388 487 430 522 ιι,
456 473 527 526 qui
553 473 594 512 in
619 472 834 534 republica
856 483 1088 522 xersantur,
1119 487 1201 512 non
1225 472 1360 527 culpa:
1386 473 1677 527 reprehensio-

260 543 374 579 nem,
405 539 448 569 et
478 528 670 569 stultitin
705 529 1058 590 vituperationem
1094 528 1341 582 relinquere.
1402 530 1509 574 Quis
1543 531 1677 572 bonus

259 600 345 626 non
370 585 486 640 luget
510 594 686 625 mortem
711 584 941 626 Trebonii?
972 599 1065 639 quis
1088 599 1170 625 non
1194 585 1309 625 dolet
1336 585 1553 626 interitum
1586 587 1677 627 talis

259 653 303 683 et
325 642 430 683 civis
453 652 494 682 et
517 641 624 682 viri?
655 640 714 680 At
744 650 854 691 sunt,
885 642 956 695 qui
984 642 1152 682 dicant:
1184 642 1287 681 dure
1312 641 1369 681 illi
1397 642 1584 696 quidem,
1605 643 1676 684 sed

260 708 400 739 tamen
435 698 607 738 dicunt:
640 697 778 736 minus
809 697 1052 761 dolendum,
1082 698 1194 761 quod
1226 698 1280 738 ab
1309 698 1482 738 homine
1514 699 1680 754 impuro

259 755 507 809 nefarioque
529 768 612 794 non
643 754 816 794 caverit.
846 755 1002 794 etenim
1031 756 1101 808 qui
1135 754 1362 794 multorum
1392 755 1610 796 custodem
1634 770 1677 796 se

261 812 428 867 profiter
431 821 525 859 itur,
560 824 655 850 eum
689 825 718 850 5’
721 811 897 865 rpientes
927 811 990 851 sui
1015 812 1197 874 primum
1219 826 1256 850 cz
1245 811 1371 865 ι[ιίῑί5
1395 812 1514 852 aiunt
1535 821 1677 852 custo·

259 870 355 909 dem
379 882 467 908 esse
488 876 697 922 oportere
759 866 867 907 Cum
892 876 1034 922 septus
1056 882 1111 908 5ι5
1135 867 1314 922 legibus,
1343 878 1386 907 et
1413 868 1676 921 judiciorum

259 935 391 974 metu,
427 938 511 964 non
545 932 641 963 sunt
672 923 816 964 omnia
848 924 1049 974 timenda,
1080 939 1215 978 neque
1245 924 1295 964 ad
1329 939 1474 964 omnes
1505 924 1678 966 insidias

262 981 460 1044 praesidia
479 980 721 1042 quatienda.
763 981 856 1034 quis
879 982 990 1020 euim
1022 982 1127 1020 aude
1132 990 1174 1020 it
1195 980 1292 1030 luci,
1323 982 1416 1035 quis
1441 981 1479 1021 iu
1505 981 1676 1021 militari

198 1048 248 1082 ‘26
266 1053 344 1088 xia,
366 1052 459 1091 quis
483 1038 588 1077 bene
610 1036 876 1086 comitatum,
899 1037 991 1091 quis
1012 1037 1211 1077 illustrem
1236 1038 1439 1092 aggredi?
1473 1037 1582 1079 Haec
1605 1052 1677 1078 ne-

261 1109 343 1149 que
365 1093 446 1134 hoc
469 1104 673 1148 tempoigye
696 1107 830 1148 neque
853 1094 894 1134 in
918 1108 984 1134 me
1007 1093 1160 1134 valent.
1192 1070 1426 1134 11011⁵1nodo
1445 1095 1555 1135 enim
1582 1109 1676 1150 poe-

261 1166 357 1191 nam
382 1165 466 1192 non
488 1149 754 1199 extimescet,
775 1150 846 1205 qui
872 1150 974 1190 mihi
1001 1150 1083 1190 vim
1107 1149 1314 1191 attulerit:
1339 1150 1407 1190 sed
1431 1151 1558 1191 etiam
1583 1151 1674 1206 glo-

183 1208 243 1253 11
264 1207 366 1247 riam
389 1206 575 1262 sperabit
597 1221 620 1246 a
641 1206 851 1247 latronum
875 1207 1076 1262 gregibus
1099 1219 1140 1247 et
1162 1206 1510 1262 1›1··ae1ni1.Haec
1528 1222 1609 1263 eoo
1632 1208 1675 1250 in

125 2191 158 2221 p.
174 2182 246 2211 245.

239 2242 365 2276 ·rum‚
389 2228 498 2267 inter
520 2227 620 2267 bina
640 2236 777 2267 castra
798 2227 1033 2268 collocutus
1054 2239 1131 2268 est.
1152 2230 1192 2257 43
1206 2242 1291 2282 quo
1313 2227 1485 2281 quidem
1501 2226 1676 2267 memini

260 1265 363 1304 urbe
386 1263 624 1319 plaevideo:
657 1262 793 1304 facilis
814 1275 878 1303 est
899 1264 1247 1327 circumspectus,
1269 1263 1378 1303 unde
1398 1277 1562 1327 exeam,
1591 1279 1677 1318 quo

257 1320 518 1383 progrediar,
549 1320 650 1375 quid
681 1319 732 1360 ad
764 1320 972 1369 dextram,
1003 1320 1103 1374 quid
1136 1320 1187 1361 ad
1219 1320 1430 1360 sinistram
1461 1320 1528 1361 sit.
1573 1335 1674 1362 num

254 1378 366 1418 idem
391 1391 432 1417 in
455 1376 671 1432 Apennini
695 1376 934 1417 tramitibus
963 1376 1100 1417 facere
1132 1380 1307 1432 potero?
1338 1377 1378 1417 in
1412 1377 1581 1440 quibus,
1613 1387 1676 1417 et-

254 1434 376 1474 iamsi
396 1448 480 1474 non
501 1442 623 1474 erunt
643 1432 822 1483 insidiae,
841 1447 913 1488 qu
902 1449 936 1474 ae
956 1433 1154 1474 facillime
1172 1447 1261 1474 csse
1281 1443 1494 1489 poter‚unt
1511 1434 1675 1474 animus

255 1499 396 1531 tamen
419 1490 498 1530 erit
520 1490 739 1539 sollicitus,
763 1501 808 1530 ut
829 1489 935 1530 nihil
958 1490 1091 1546 possit
1112 1490 1163 1530 de
1185 1490 1338 1531 officiis
1360 1489 1584 1546 legationis
1613 1499 1676 1531 at-

254 1547 440 1587 tendele.
501 1547 582 1587 Sed
613 1546 743 1601 effugi
773 1546 967 1588 insidias:
1000 1547 1168 1602 perrupi
1200 1524 1490 1602 Apenninum.
1522 1561 1676 1603 nempe

254 1604 297 1644 in
321 1603 498 1643 Antonii
521 1617 796 1669 congressum
818 1603 1162 1659 colloquiumque
1181 1603 1432 1644 veniendum
1454 1613 1532 1644 est.
1566 1604 1675 1650 Qui-

254 1675 352 1700 nam
386 1660 502 1700 locus
536 1661 748 1715 capietur.
743 1662 753 1689 Ρ
793 1675 825 1699 5ι
859 1672 981 1701 extr-1
1010 1672 1172 1701 castr-1:
1202 1662 1331 1701 ceteri
1368 1660 1562 1701 viderint.
1593 1674 1674 1716 ego

254 1727 435 1758 mortem
455 1727 646 1757 actutum
669 1716 854 1757 futuram
881 1728 999 1771 puto.
1024 1717 1122 1757 novi
1147 1716 1330 1757 hominis
1354 1716 1554 1768 furorem,
1576 1718 1675 1758 novi

255 1773 501 1814 effrenatam
527 1773 786 1813 violentiam.
848 1773 982 1827 Cujus
1019 1775 1226 1814 acerbitas
1266 1788 1445 1823 morum,
1480 1773 1676 1814 immani-

256 1841 403 1885 tasque
436 1842 615 1879 naturae,
644 1844 696 1870 ne
726 1831 825 1870 vino
856 1831 1026 1884 quidem
1060 1831 1261 1886 permista
1291 1830 1514 1885 temperari
1547 1829 1674 1872 solet:

253 1886 325 1928 hic
349 1889 408 1927 ira
426 1887 723 1941 dementiaque
743 1887 1045 1937 inflammatus,
1067 1887 1260 1928 adhibito
1281 1886 1407 1927 fratre
1429 1886 1577 1936 Lucio,
1602 1897 1675 1928 tae·

255 1944 427 1984 terrima
460 1943 610 1993 bellua,
644 1958 873 1997 numquam
903 1944 1097 1998 profecto
1127 1960 1152 1984 a
1180 1958 1246 1984 me
1274 1943 1497 1998 sacrilegas
1527 1957 1675 1984 manus

255 2011 382 2055 atque
406 2001 555 2054 impias
577 2001 824 2040 abstinebit.
884 2000 1067 2041 Memini
1099 2000 1310 2055 colloquia
1330 2011 1373 2040 et
1394 2015 1491 2041 cum
1523 2001 1675 2041 acerri-

255 2058 335 2098 mis
357 2057 567 2106 hostibus,
593 2066 636 2097 et
661 2071 758 2097 cum
789 2057 1037 2111 gravissime
1064 2060 1106 2088 42>
1118 2057 1463 2097 dissentientibus
1494 2057 1674 2098 civibus.

259 2113 339 2154 Cn.
366 2113 610 2168 Pompeius,
631 2114 750 2153 Sexti
772 2113 896 2164 filius,
915 2113 1077 2163 consul,
1099 2129 1163 2154 me
1184 2123 1404 2169 praesente,
1426 2128 1522 2154 cum
1543 2127 1675 2154 essem

258 2170 339 2211 tiro
363 2171 404 2211 in
426 2171 517 2225 ejus
538 2171 744 2220 exercitu,
771 2185 868 2211 cum
894 2170 943 2210 P.
967 2171 1112 2211 Vettio
1143 2172 1340 2220 Scatone,
1367 2170 1475 2211 duce
1509 2169 1675 2211 Marso-

258 2284 358 2325 Sex.
401 2283 671 2340 Pompeium,
712 2284 883 2324 fratrem
918 2285 1120 2334 consulis,
1155 2284 1208 2325 ad
1243 2283 1502 2339 colloquium
1535 2283 1675 2339 ipsum

296 2441 332 2469 41
351 2439 747 2475 circumsessus—v‘'v-ibus,
759 2440 869 2478 cecidi]
883 2439 946 2469 Ve-
989 2439 1151 2477 exsilium,
1166 2448 1203 2470 ut
1217 2439 1353 2479 gloriose
1368 2441 1583 2468 revocaretur.

254 2482 414 2511 rissimam
430 2488 509 2520 puto
524 2481 639 2511 Faerni
653 2482 871 2521 coniecturam
885 2484 947 2511 cir-
1031 2484 1071 2512 4¹2
1092 2480 1356 2520 dissentientibus]
1382 2481 1445 2512 Ms.
1466 2480 1510 2513 11.
1527 2481 1680 2511 diss-iden»

253 2526 444 2562 cnnzseptus,
474 2523 557 2553 nude
585 2523 625 2554 ab
651 2522 708 2552 illo
738 2523 948 2561 propositam.
989 2524 1083 2553 tibus.
1107 2524 1190 2554 sorte
1207 2523 1332 2553 melius.

255 2575 372 2603 nempe
383 2565 606 2594 circumsessus
618 2564 712 2604 plane
723 2569 770 2594 cst
784 2565 945 2595 alienum:
1032 2568 1071 2594 43
1094 2575 1153 2603 quo
1168 2576 1196 2604 q.
1222 2564 1367 2603 memini]
1387 2563 1468 2594 Edd.
1491 2574 1540 2604 pr.
1555 2563 1678 2594 habent

255 2608 373 2646 quippe
398 2616 523 2645 semper
549 2609 581 2636 in
604 2607 795 2636 deteriorem
820 2613 945 2646 parte-n
988 2607 1081 2646 quod,
1097 2607 1181 2636 unde
1197 2607 1319 2636 factum
1334 2607 1368 2636 in
1384 2604 1502 2636 Aldina
1515 2616 1585 2645 qno.
1601 2615 1679 2635 neu-

255 2649 386 2683 dicitur‚
403 2648 440 2677 de
457 2649 590 2684 insidiis,
607 2649 644 2678 de
655 2648 767 2678 castris
778 2655 809 2677 et
822 2649 945 2688 oppidis
989 2657 1075 2678 trum
1093 2648 1211 2687 placet.
1235 2658 1310 2678 nam
1329 2649 1412 2687 quod
1429 2648 1524 2677 nimis
1546 2647 1645 2677 distat
1662 2658 1681 2677 a

254 2690 388 2719 inclusis
410 2689 552 2720 hostium
575 2691 673 2729 copiis
697 2692 754 2720 &m
800 2689 877 2719 Mox
897 2695 946 2720 est
989 2692 1192 2729 ralloqm'um,
1211 2694 1244 2720 et
1259 2693 1399 2729 qquam
1415 2694 1463 2719 est
1480 2690 1513 2719 in
1528 2689 1574 2718 ad
1587 2690 1679 2719 collo—

254 2732 354 2761 etiam
370 2736 485 2770 septus.
531 2732 642 2770 ltaque
657 2741 716 2762 nce
731 2732 875 2761 dubitavi
897 2742 945 2762 re-
990 2733 1113 2771 (latium.
1159 2732 1295 2762 Videtur
1329 2735 1469 2772 tempore
1504 2730 1655 2762 excidisse
1669 2740 1679 2759 τ

255 2774 361 2812 cipere
391 2774 423 2803 in
452 2778 580 2803 textum
607 2774 675 2804 sine
703 2773 802 2804 libris.
849 2774 946 2804 Porro
989 2784 1050 2815 quo
1064 2774 1192 2814 quidem
1207 2778 1355 2814 tempore.

256 2815 353 2846 cecidi
375 2816 474 2846 sciens
498 2817 642 2856 pertinet
664 2815 704 2846 ad
724 2816 946 2847 voluntarium
