1769 3174
552 122 668 160 PRO
695 122 737 160 P.
765 121 991 161 SEXTIO.
1387 128 1485 163 1018

53 228 183 271 etiam
217 227 379 285 gemitu
412 239 488 267 suo
509 225 827 281 comprobavit.
888 226 1043 267 Utrum
1077 225 1210 281 igitur
1242 226 1336 269 haec
1358 227 1485 269 AEso-

70 300 157 326 rum
181 286 325 342 potius
348 298 424 340 pro
448 297 531 332 me,
554 292 628 323 aut
647 282 829 324 Accium
854 282 995 324 dicere
1016 284 1223 337 oportuit,
1243 285 1274 324 si
1301 286 1483 340 populus

99 357 277 384 omanus
310 342 414 383 liber
437 349 562 389 esset,
584 355 635 380 an
670 340 886 395 principes
908 340 1126 380 civitatis?
1157 342 1192 372 7¹
1214 340 1482 383 Nominatim

51 414 145 441 sum
184 399 422 456 appellatus
456 398 498 438 in
537 396 688 448 Bruto,
721 400 748 420 “
766 395 937 446 Tullius,
966 396 1037 451 qui
1070 396 1297 437 libertatem
1331 397 1484 439 civibus

48 455 344 498 stabiliverat.”
385 454 536 496 millies
577 464 824 495 revocatum
861 463 940 494 est.
1002 452 1215 494 Parumne
1258 454 1482 495 videbatur

51 513 258 571 populum
297 512 542 554 Romanum
572 510 784 565 judicare,
818 511 859 552 id
895 526 919 551 a
950 524 1032 561 me,
1066 520 1110 551 et
1146 524 1171 550 a
1208 521 1356 551 senatu
1391 525 1481 552 esse

50 571 350 621 constitutum,
372 569 485 623 quod
510 569 663 625 perditi
688 568 802 609 cives
833 567 1049 609 sublatum
1083 581 1157 623 per
1182 581 1259 607 nos
1282 567 1481 608 crimina-

0 674 2 684 Ι
53 628 232 669 bantur?
266 625 515 668 Maximum
539 640 637 666 vero
660 625 807 681 populi
833 625 1017 666 Romani
1044 624 1260 679 judicium
1286 625 1481 665 universo
1497 631 1571 666 124

51 699 252 726 consessu
275 683 532 739 gladiatorio
553 682 812 723 declaratum
837 694 915 723 est.
947 691 1036 722 erat
1058 682 1172 722 enirn
1203 696 1358 722 munus
1390 681 1483 722 Sci-

53 741 210 798 pioniS,
231 741 411 798 dignum
441 749 485 780 et
505 754 555 780 eo
580 739 688 795 ipso,
710 748 754 780 et
784 739 855 780 illo
888 739 945 785 Q.
971 738 1166 786 Metello,
1187 738 1256 779 cui
1286 739 1483 780 dabatur.

54 798 105 839 ld
138 810 280 840 autem
315 797 548 854 spectaculi
579 811 713 852 genus
736 805 840 848 erat,
863 795 979 851 quod
1000 796 1118 837 omni
1142 794 1398 850 frequentia,
1421 806 1485 837 at·-

50 871 135 911 que
166 856 282 897 omni
315 870 471 911 genere
508 855 727 895 hominum
751 853 1003 904 celebratur,
1026 868 1111 908 quo
1142 852 1373 894 multitudo
1395 868 1487 894 ma-

54 914 172 954 xime
193 913 441 954 delectatur.
503 911 552 952 In
586 911 700 952 hunc
724 925 971 952 consessum
1004 909 1054 951 P.
1078 910 1267 960 Sextius,
1289 911 1486 951 tribunus

54 970 207 1026 plebis,
229 984 326 1010 cum
349 978 495 1025 ageret
525 968 632 1009 niliil
663 968 779 1009 aliud
802 970 844 1009 in
867 983 919 1009 co
943 967 1212 1024 magistratu,
1235 968 1332 1008 nisi·
1348 982 1488 1008 meam

53 1041 240 1077 causam,
264 1027 394 1077 venit,
417 1035 460 1067 et
490 1039 534 1066 se
566 1026 726 1082 populo
750 1025 884 1077 dedit,
914 1040 1001 1066 non
1033 1024 1204 1080 plausus
1235 1025 1488 1081 cupiditate,

54 1085 126 1125 sed
149 1094 196 1126 ut
219 1084 299 1139 ipsi
328 1084 490 1124 inimici
523 1084 658 1124 nostri
683 1082 948 1124 voluntatem
980 1082 1166 1123 universi
1200 1082 1348 1138 populi
1373 1083 1491 1124 vide-

53 1151 163 1182 rent.
223 1141 354 1181 Venit
375 1146 443 1194 (ut
472 1140 610 1191 scitis)
640 1140 743 1180 wad
768 1140 1013 1181 columnam
1047 1138 1259 1180 Meniam.
1290 1142 1329 1173 73
1345 1149 1487 1180 tantus
1502 1160 1534 1191 b.

55 1208 120 1240 est
140 1213 194 1240 ex
218 1198 418 1239 omnibus
450 1197 704 1254 spectaculis
736 1211 870 1252 usque
900 1212 925 1238 a
949 1196 1183 1252 Capitolio,
1206 1205 1351 1238 tantus
1384 1200 1488 1237 74ex

54 1254 137 1297 fori
160 1255 358 1297 cancellis
384 1255 555 1311 plausus
577 1255 808 1305 excitatus,
827 1263 874 1295 ut
898 1268 1131 1309 numquam
1154 1254 1293 1309 major
1311 1267 1490 1295 cousen-

55 1313 133 1365 sio,
155 1323 230 1354 aut
250 1313 439 1371 apertior
460 1313 606 1368 populi
629 1312 816 1352 Romani
840 1311 1024 1353 universi
1046 1310 1177 1351 fuisse
1200 1311 1283 1351 ulla
1303 1310 1345 1351 in
1363 1325 1491 1352 causa

54 1370 281 1412 diceretur.
342 1370 430 1412 Ubi
453 1379 575 1410 erant
605 1380 695 1410 tum
731 1369 789 1409 ilii
814 1369 1074 1410 concionum
1106 1368 1410 1418 moderatores,
1433 1367 1491 1408 le—
1508 1377 1579 1413 125

57 1441 161 1484 gum
185 1427 364 1478 domini,
387 1427 547 1468 civium
570 1426 847 1482 expulsores?
879 1426 1042 1467 aliusne
1062 1433 1127 1466 est
1157 1425 1309 1480 aliquis
1333 1426 1493 1481 impro—

57 1485 122 1525 bis
144 1484 311 1526 civibus
336 1483 559 1540 peculiaris
583 1483 781 1540 popuIUS,
799 1484 868 1524 cui
893 1498 969 1524 nos
990 1482 1142 1524 offensi
1166 1483 1379 1537 invisique
1401 1482 1492 1523 fue-

56 1542 217 1584 rimus?
258 1541 468 1597 Equidem
491 1542 710 1591 existimo‚
733 1540 896 1582 nullum
919 1551 1088 1596 tempus
1110 1554 1200 1581 esse
1229 1540 1493 1594 frequentio-
1507 1537 1578 1593 59

56 1599 113 1641 ris
152 1599 315 1655 populi,
347 1612 475 1654 quain
515 1598 615 1651 illud
650 1597 979 1654 gladiatorium:
1011 1612 1149 1653 neque
1179 1598 1401 1638 concionis
1433 1597 1494 1637 ul-

57 1655 156 1707 lius,
180 1670 318 1711 neque
342 1671 440 1697 vero
464 1655 644 1696 ullorum
669 1655 960 1697 comitiorum.
1009 1654 1122 1696 Haec
1145 1655 1278 1710 igitur
1300 1655 1495 1695 innume-

58 1713 205 1755 rabilis
238 1713 462 1754 hominum
497 1713 743 1760 multitudo,
766 1712 862 1754 haec
895 1713 1043 1769 populi
1077 1711 1264 1753 Romani
1292 1721 1410 1752 tanta
1441 1711 1498 1751 si-

59 1770 299 1826 gnificatio,
331 1770 422 1811 sine
455 1771 540 1811 ulla
561 1770 782 1820 varietate,
807 1770 1006 1821 universi,
1029 1784 1128 1810 cum
1159 1769 1240 1810 illis
1278 1768 1380 1824 ipsis
1407 1769 1497 1810 die-

63 1828 142 1869 bus
174 1827 227 1869 de
261 1842 329 1868 me
363 1837 506 1869 actum
539 1828 590 1868 iri
622 1837 859 1883 putaretur,
882 1828 985 1881 quid
1009 1826 1256 1876 declaravit,
1279 1825 1360 1866 nisi
1383 1826 1498 1881 opti-

60 1899 229 1926 morum
254 1885 414 1926 civium
447 1885 626 1926 salutem
649 1894 691 1925 et
721 1884 980 1940 dignitatem
1011 1884 1173 1940 populo
1204 1883 1404 1924 Romano
1426 1898 1497 1924 ca-

59 1955 149 1983 ram
171 1955 263 1982 esse
297 1943 522 1984 universo?
569 1941 630 1983 At
653 1956 752 1984 vero
775 1951 819 1983 et
850 1941 920 1983 ille
944 1942 1139 1983 tribunus
1172 1940 1325 1997 plebis,
1347 1940 1422 1996 qui
1443 1940 1496 1981 de
1511 1948 1583 1983 126

99 2073 137 2106 71
163 2071 562 2109 Νοηιίηαῐὶηι-Ταῖἶίαε,
584 2074 640 2112 qui
662 2073 756 2102 liber-

799 2071 852 2111 lis]
872 2071 1080 2112 Spectacula,
1096 2080 1169 2110 quae
1190 2070 1224 2101 h.
1237 2070 1260 2101 l.
1278 2070 1358 2108 sint,
1373 2070 1500 2101 dictum

57 2113 175 2153 tatem]
201 2113 409 2145 Nominatiin
436 2115 619 2154 appellatus
646 2120 708 2149 cst,
737 2126 756 2145 a

799 2114 833 2144 in
850 2115 874 2145 C
879 2115 960 2152 lave,
977 2120 1011 2144 et
1027 2124 1076 2144 res
1092 2115 1162 2153 ipsa
1176 2112 1282 2143 docet.
1323 2113 1385 2143 Sed
1402 2113 1500 2144 intel-

58 2160 169 2196 poeta,
190 2165 235 2186 an
260 2157 300 2187 ab
327 2161 438 2186 actore
460 2157 603 2195 AEsopo?
629 2156 664 2186 P.
686 2156 756 2186 Ma-

59 2198 172 2229 nutius
196 2197 258 2228 hoc
283 2199 414 2235 statuit,
438 2204 472 2229 et
499 2199 647 2230 Tullium
671 2198 756 2229 hanc

59 2239 238 2281 appellasse
277 2251 335 2281 pro
372 2241 492 2272 Bruto.
528 2241 625 2272 male.
670 2240 757 2271 Nam

62 2282 267 2314 Tullius·est
295 2283 442 2313 clausula
469 2284 600 2314 senarii.
645 2282 758 2322 Itaque

62 2324 178 2355 melius
204 2330 253 2355 est
279 2335 298 2356 a
323 2329 433 2365 poeta,
461 2324 758 2364 intelligendusque

62 2366 198 2398 Servius
213 2367 354 2403 Tullius,
378 2369 432 2406 qui
457 2368 604 2408 profecto
626 2367 759 2398 liberta-

64 2414 130 2440 tem
146 2418 221 2449 pop.
237 2410 275 2440 R.
290 2410 504 2446 stabiliverat,
515 2419 612 2450 quam
626 2419 758 2449 oppres-

63 2455 149 2482 serat
174 2451 289 2482 deinde
313 2452 530 2491 Tarquinius:
557 2461 634 2482 nam
660 2459 696 2482 ct
724 2452 758 2482 in

63 2493 151 2533 regio
166 2493 303 2534 imperio
319 2494 451 2524 libertas
466 2504 534 2524 esse
554 2498 674 2534 potest.

105 2538 147 2569 72
169 2536 214 2565 ad
235 2537 292 2566 col.
315 2535 478 2576 Meuium]
506 2536 568 2567 Ed.
588 2536 687 2566 Herv.
709 2546 759 2566 co-

65 2578 181 2608 lumna
194 2577 322 2614 Meuia,
335 2578 420 2617 quod
439 2578 646 2609 retinendum
662 2583 760 2618 putat

65 2617 201 2650 Hotom.
232 2621 286 2659 qui
314 2624 427 2650 tamen
454 2621 536 2651 citat
561 2631 583 2650 a
609 2622 761 2651 columna

64 2660 116 2693 M
139 2661 319 2701 Vulgarum
335 2668 385 2692 est
406 2663 440 2697 iu
456 2662 529 2693 edd.
543 2662 583 2693 R.
598 2662 653 2692 Br.
670 2662 759 2692 Med.

63 2703 120 2734 sed
143 2705 330 2734 columnam
357 2713 492 2735 oeneam.
519 2705 553 2734 iu
572 2703 646 2735 edd.
665 2705 763 2735 dunt.

55 2744 149 2783 vict.
179 2746 239 2776 διο.
273 2747 371 2786 plane
407 2747 454 2776 ad
477 2749 664 2778 columnam
690 2746 761 2775 stle-

63 2787 166 2818 niam.
188 2787 276 2826 quod
289 2793 323 2818 et
336 2798 449 2819 verum
464 2793 559 2829 put0.
602 2789 732 2828 Nempe
743 2797 761 2818 e

56 2828 220 2860 *columna
233 2829 346 2860 Menia
358 2836 505 2870 spectare
520 2830 660 2861 volebat.

106 2874 147 2905 73
170 2875 282 2902 tantus
303 2877 348 2903 est
370 2883 410 2903 ex
431 2873 577 2904 omnibus
598 2876 763 2914 spectacu-

799 2156 930 2195 ligenda
954 2156 1159 2186 loca-omnia
1176 2155 1210 2185 in
1232 2156 1330 2186 tectis
1353 2155 1500 2185 basilica-

800 2208 885 2235 rum,
909 2198 1043 2238 aliisque
1065 2198 1222 2234 aediticiis,
1237 2198 1317 2228 item
1333 2202 1501 2228 exstructa

801 2241 841 2271 ad
856 2246 998 2281 tempus,
1014 2241 1048 2270 in
1063 2241 1178 2279 quibus
1201 2240 1350 2270 homines
1373 2244 1499 2280 specta-

800 2288 875 2313 rent
904 2283 998 2313 ludos
1025 2282 1249 2320 gladiatorios,
1273 2292 1346 2320 quae
1368 2287 1441 2312 tum
1465 2282 1500 2312 in

800 2325 871 2355 foro
894 2325 1088 2364 agebantur,
1105 2335 1180 2355 cum
1202 2324 1350 2354 nondum
1373 2324 1501 2364 amphi-

800 2367 933 2398 theatra
946 2374 1067 2397 essent.

843 2412 883 2443 74
898 2419 938 2439 ex
948 2408 1015 2446 sbrt'
1029 2408 1195 2448 cancellis]
1221 2408 1300 2439 Non
1317 2408 1368 2444 iis,
1383 2407 1500 2446 quibus

795 2451 920 2490 judicia
933 2451 1236 2486 circumdabantur,
1252 2460 1324 2481 cum
1343 2450 1500 2480 haberen-

801 2498 879 2524 tur:
903 2494 958 2532 qui
973 2494 1163 2533 temporarii
1178 2493 1280 2523 fuere.
1324 2492 1388 2522 Sed
1401 2490 1500 2521 intel-

801 2535 923 2575 ligendi
940 2541 1017 2566 sunt
1033 2535 1171 2565 cancelli
1193 2536 1226 2565 in
1249 2534 1334 2565 ludis
1350 2534 1442 2569 facti,
1459 2542 1499 2562 ne

802 2579 988 2618 promiscua
1001 2584 1034 2607 et
1051 2578 1183 2608 infinita
1195 2577 1294 2607 turba
1306 2577 1445 2607 irrueret
1460 2574 1502 2604 ad

803 2620 1017 2659 spectandum
1029 2632 1035 2649 :
1052 2619 1141 2649 intra
1155 2628 1235 2658 quos
1249 2624 1363 2649 tamen
1377 2617 1417 2647 ad
1430 2626 1502 2656 spe-

805 2662 961 2692 ctandum
984 2661 1116 2692 admissi
1138 2662 1178 2691 ab
1193 2662 1244 2698 iis,
1259 2661 1314 2699 qui
1337 2659 1430 2690 ludos
1445 2668 1502 2689 cu-

806 2709 936 2734 rarent:
960 2703 1046 2734 sicut
1059 2705 1093 2733 iu
1117 2703 1241 2741 iudiciis
1256 2702 1371 2732 scribae
1383 2705 1504 2741 praeto-

805 2746 847 2776 ris
871 2746 961 2776 intra.
981 2746 1143 2776 cancellos
1165 2744 1399 2780 admittebant,
1423 2752 1503 2782 quos

805 2787 940 2824 vellent,
956 2787 996 2818 ad
1018 2787 1229 2823 audiendum,
1246 2789 1284 2817 ut
1298 2790 1348 2818 est
1370 2786 1404 2817 in
1419 2785 1504 2817 Bru-

805 2834 854 2868 to,
869 2840 895 2861 c.
913 2833 963 2860 8⁴.
