1769 3174
626 104 743 142 PRO
775 104 831 142 M.
865 106 1074 145 COELIO.
1466 110 1564 148 1059

127 207 348 251 hominem
390 206 552 249 illatum
586 220 729 249 severe
762 208 990 263 acciperet,
1013 209 1056 250 id
1087 210 1299 251 omisisset
1331 225 1478 252 curare
1518 211 1562 252 in

128 263 329 321 hospite?
364 265 480 320 quod
514 278 589 320 per
619 265 790 320 ignotos
822 274 964 306 actum
995 281 1091 307 cum
1124 268 1414 321 comperisset,
1447 267 1563 309 dole-

125 333 208 373 ret,
230 323 273 363 id
306 337 332 362 a
363 322 448 363 suis
479 330 690 362 tentatum
721 336 810 362 esse
839 322 1104 378 negligeret?
1135 324 1249 377 quod
1281 324 1324 364 in
1356 325 1468 380 agris
1500 324 1562 365 lo-

125 378 242 420 cisve
273 379 455 434 publicis
486 378 647 419 factum
678 378 1019 434 reprehenderet,
1043 380 1084 420 id
1120 379 1160 419 in
1198 381 1301 420 urbe
1335 395 1385 421 ac
1415 382 1558 422 Tb'suae

127 435 245 477 domi
284 444 480 491 coeptum
510 449 613 486 esse,
643 435 792 476 leviter
823 435 977 477 ferret?
1007 436 1120 491 quod
1153 437 1195 477 in
1228 436 1407 491 alicujus
1437 452 1559 502 agre-

126 493 204 534 stis
228 493 415 548 periculo
438 507 521 533 non
553 494 913 548 praeterniittecht
938 493 979 533 id
1010 494 1139 534 homo
1162 494 1350 534 eruditus
1383 494 1425 533 in
1459 495 1559 535 insi-

126 548 209 591 diis
226 550 462 590 doctissimi
481 549 666 590 hominis
685 550 1037 590 dissimulandum
1059 553 1255 606 putaret?
1277 550 1359 591 Sed
1374 565 1449 590 cur
1466 551 1558 591 diu·
1572 561 1620 594 55

128 607 214 647 tius
238 621 326 657 VOS,
343 607 526 670 judice&
550 609 701 648 teneo?
733 607 865 662 ipsius
889 607 1024 662 jurati
1058 607 1306 663 relioionem
1329 608 1561 648 auctorita-

129 671 301 719 temque
333 664 552 719 percipite,
575 673 703 718 atque
735 665 881 704 omnia
915 641 1160 720 diligente-10
1175 665 1407 705 testimonii
1435 665 1564 704 verba

129 721 395 777 cognoscite.

133 790 350 819 LUCCEII.

457 720 610 761 Recita
631 720 924 761 testimonium
954 700 1141 762 Lioicccii.
1201 734 1560 762 TEsTuroNlUM

411 777 528 824 Quid
561 778 820 833 exspectatis
854 778 1064 833 amplius?
1099 782 1204 819 TTan
1244 779 1368 818 aliam
1414 792 1563 819 vocem

164 836 292 876 utatis
315 835 450 890 ipsam
482 848 560 898 pro
589 849 633 874 se
663 848 835 875 causam
865 844 908 875 et
940 836 1161 876 veritatem
1205 850 1328 891 posse
1366 835 1564 877 mittere?

130 849 244 933 ffaec
264 900 328 933 est
346 892 604 932 innocentiae
626 890 834 955 defensio,
851 892 976 933 haec
967 893 1100 948 ipsius
1120 907 1259 934 causae
1283 893 1446 934 oratio:
1469 892 1564 933 haec

128 963 216 989 una
238 964 320 990 vox
343 947 661 989 v·e1itatis.1n
683 948 862 990 crimine
883 949 977 1005 ipso
1008 949 1124 990 nulla
1145 949 1332 1005 suspicio
1356 959 1433 999 est,
1455 958 1499 990 et
1521 950 1565 990 in

129 1019 175 1046 re
196 1006 303 1046 nihil
321 1015 384 1046 est
405 1006 672 1060 argumenti3
697 1006 738 1046 in
762 1008 954 1062 negotio,
975 1007 1090 1062 quod
1114 1016 1256 1048 actum
1279 1021 1369 1047 esse
1391 981 1565 1058 dicitur,

128 1063 291 1104 nullum
316 1063 544 1118 vestigium
568 1063 788 1114 sermonis,
806 1063 905 1114 loci,
928 1065 1157 1120 temporis:
1189 1079 1315 1105 nemo
1339 1063 1473 1115 testis,
1492 1077 1567 1104 ne-

129 1134 203 1161 mo
244 1120 441 1162 conscius
483 1120 751 1161 nominatur:
791 1129 931 1161 totum
961 1121 1122 1161 crimen
1154 1121 1367 1177 profertur
1397 1135 1451 1162 ex
1485 1121 1567 1162 ini-

129 1178 259 1228 mica,
289 1192 344 1218 ex
377 1176 543 1228 infami,
574 1192 629 1218 ex
671 1177 846 1228 crudeli,
875 1191 930 1219 ex
963 1177 1218 1229 facinorosa,
1249 1193 1302 1219 ex
1338 1178 1568 1219 libidinosa

129 1234 285 1276 domo:
316 1234 469 1275 domus
492 1244 636 1275 autem
667 1234 751 1285 illa,
773 1249 869 1289 quae
902 1243 1068 1276 tentata
1099 1235 1254 1276 scelere
1286 1236 1369 1276 isto
1401 1234 1567 1277 nefario

127 1291 300 1342 dicitur,
323 1291 448 1347 plena
467 1301 533 1332 est
562 1292 837 1347 integritatiS‚
857 1292 1005 1343 officii,
1028 1292 1274 1349 religionis,
1307 1307 1359 1333 ex
1383 1307 1469 1348 qua
1490 1293 1568 1333 do-

127 1362 201 1390 mo
224 1349 426 1390 recitatur
454 1349 578 1389 vobis
602 1348 884 1404 jurejurando
907 1326 1132 1391 devinctae
1137 1350 1394 1391 auctoritas:
1428 1359 1476 1390 ut
1502 1363 1567 1389 res

130 1405 308 1447 minime
329 1405 594 1447 dubitanda
586 1421 629 1448 1n
648 1406 924 1447 contentione
948 1415 1145 1462 ponatur,
1162 1415 1305 1448 utrum
1328 1417 1566 1457 teme1a11a‚

130 1477 308 1519 procax,
332 1463 440 1504 irata
461 1463 612 1504 mulier
633 1463 808 1503 finxisse
827 1463 1003 1514 crimen,
1022 1478 1076 1504 an
1095 1464 1250 1520 gravis,
1273 1464 1456 1519 sapiens,
1473 1478 1565 1503 mo-

131 1520 390 1575 deratusque
413 1520 476 1561 vir
497 1520 693 1576 religiose
717 1521 1011 1561 testimonium
1032 1521 1193 1562 dixisse
1215 1521 1423 1562 videatur.

190 1577 421 1632 Reliquum
451 1586 518 1618 est
544 1578 678 1633 igitur
710 1577 871 1618 crimen
909 1577 962 1618 de
999 1592 1189 1620 veneno:
1221 1578 1344 1633 cujus
1377 1593 1458 1633 ego
1493 1591 1565 1617 ne·
1580 1578 1647 1625 §23

130 1649 215 1689 que
247 1634 507 1690 principium
544 1635 748 1684 invenire,
771 1648 908 1688 neque
941 1635 1136 1676 evolvere
1176 1635 1343 1676 exitum
1377 1640 1628 1690 possmn.53

134 1692 246 1738 Quae
280 1691 364 1732 fuit
392 1691 506 1731 enim
548 1706 688 1740 causa,
718 1692 997 1746 quamobrem
1035 1692 1105 1732 isti
1146 1692 1313 1733 mulieri
1358 1706 1566 1732 venenum
1581 1699 1611 1728 b.

132 1749 260 1790 vellet
291 1748 390 1789 dare
423 1748 617 1790 Coelius?
650 1747 717 1789 Ne
740 1763 889 1789 aurum
919 1749 1141 1791 redderet?
1172 1764 1274 1790 num
1298 1749 1479 1805 petivit?
1515 1763 1568 1788 ne

132 1806 294 1847 crimen
318 1805 526 1846 haereret?
557 1820 660 1846 num
690 1805 785 1860 quis
820 1805 1010 1860 objecit?
1043 1821 1143 1846 num
1175 1807 1270 1861 quis
1301 1806 1486 1861 denique
1507 1805 1570 1845 fe-

131 1863 262 1904 cisset
282 1862 559 1914 mentionem,
581 1865 620 1896 78
634 1862 668 1902 si
699 1863 771 1903 hic
802 1863 962 1903 nemini
994 1878 1149 1904 nomen
1170 1863 1417 1904 detulisset?
1450 1862 1570 1909 Quin

132 1920 264 1961 etiam
296 1919 564 1960 Herennium
595 1919 735 1960 dicere
765 1920 958 1971 audistis,
982 1921 1111 1960 verbo
1145 1935 1188 1960 se
1220 1920 1446 1960 molestum
1482 1934 1570 1960 non

135 1976 329 2018 futurum
350 1975 481 2016 fuisse
498 1976 657 2027 Coelio,
676 1976 757 2016 nisi
780 1976 933 2017 iterum
956 1978 1100 2017 eadem
1131 1978 1183 2018 de
1207 1992 1248 2017 re
1271 1992 1346 2017 suo
1371 1976 1570 2017 familiari

135 2034 348 2084 absoluto,
369 2047 526 2074 nomen
555 2033 628 2074 hic
658 2033 893 2074 detulisset.
955 2033 1170 2074 Credibile
1201 2043 1266 2074 est
1299 2034 1445 2089 igitur,
1477 2043 1572 2074 tan-

134 2100 228 2139 tum
265 2090 431 2132 facinus
466 2089 624 2131 nullam
654 2090 710 2130 ob
743 2105 914 2131 causam
947 2105 1037 2131 esse
1075 2091 1379 2135 commissum?
1418 2100 1460 2131 et
1495 2105 1570 2130 vos

132 2162 222 2190 non
243 2147 412 2198 videtis,
435 2147 541 2202 fingi
573 2146 741 2188 sceleris
770 2147 948 2188 maximi
980 2148 1156 2197 crimen,
1181 2158 1226 2189 ut.
1248 2148 1419 2188 alterius
1441 2162 1571 2188 causa

135 2205 304 2246 sceleris
326 2204 585 2260 suscipiendi
609 2203 737 2244 fuisse
760 2204 953 2245 videatui
968 2206 981 2245 ?
1013 2205 1095 2245 Cui
1118 2205 1302 2259 denique
1322 2204 1540 2246 commisit
1555 2206 1630 2256 ?57

136 2277 223 2318 quo
261 2262 458 2317 adjutme
480 2276 578 2302 usus
611 2264 701 2302 est?
732 2276 817 2316 quo
851 2262 995 2303 socio?
1028 2277 1113 2316 quo
1146 2262 1348 2303 conscio?
1382 2262 1451 2302 cui
1475 2271 1569 2302 tan-

138 2329 233 2361 tum
256 2319 437 2371 facinus,
468 2319 539 2360 cui
581 2333 638 2372 se,
671 2318 741 2360 cui
773 2318 952 2360 salutem
977 2333 1093 2360 suam
1126 2319 1337 2362 credidit?
1370 2319 1569 2360 Servisne

177 2434 220 2468 76
241 2443 307 2464 cuae
317 2434 404 2465 domi
417 2438 555 2474 coeptum
568 2444 633 2465 esse
645 2434 834 2474 leviter-fer-

877 2434 974 2471 eitur,
994 2435 1037 2475 (v.
1053 2434 1143 2466 Clav.
1167 2435 1200 2464 in
1216 2433 1249 2464 h.
1266 2432 1310 2472 v.)
1337 2438 1395 2464 aut
1408 2433 1574 2473 corrigen-

136 2476 202 2516 νει]
233 2476 377 2516 Coeptum
390 2486 455 2506 esse
477 2476 574 2507 latius
597 2477 834 2516 accipiendum,

877 2477 955 2507 dum
971 2479 1074 2508 alium
1088 2489 1097 2507 :
1121 2476 1206 2516 quod
1224 2476 1340 2506 melius
1362 2480 1410 2505 est
1426 2476 1488 2506 hoc
1505 2476 1575 2514 qui-

136 2528 196 2558 pro
219 2523 402 2558 susceptum
423 2529 498 2555 esse,
523 2523 619 2557 atque
642 2519 721 2549 adeo
744 2529 835 2559 pera-

136 2565 250 2591 ctum:
274 2570 338 2600 quo
353 2570 450 2590 sensu
463 2561 580 2600 saepius
603 2561 688 2600 apud
711 2567 836 2591 veteres

137 2601 260 2633 dicitur
286 2607 472 2642 eoeptatum.
501 2613 540 2632 ex
572 2613 636 2641 quo
663 2603 748 2633 forte
784 2603 836 2633 hic

137 2643 263 2674 factum
276 2650 325 2674 est
339 2650 488 2684 captum.
533 2645 595 2674 Pro
618 2646 732 2675 leviter
741 2656 759 2675 e
773 2646 835 2676 Ms.

138 2685 210 2716 Erf.
223 2686 319 2716 malit
333 2687 478 2717 Graevius
492 2688 619 2723 leniter,
634 2688 718 2726 quod
734 2689 837 2727 magis

138 2728 332 2767 respondeat
364 2729 460 2759 verbo
494 2738 612 2759 severe.
649 2738 716 2758 non
752 2730 838 2760 male

138 2778 230 2800 sane.

178 2814 217 2845 77
231 2821 276 2841 an
289 2812 436 2852 aliquam
448 2823 555 2844 vocem
569 2812 642 2852 δῖα]
656 2813 722 2843 Aut
735 2815 840 2844 aliam

137 2861 239 2893 quam
253 2854 505 2895 intelligendum
522 2860 585 2892 est,
601 2861 641 2886 ut
655 2860 690 2885 et
703 2856 780 2886 alibi
794 2856 842 2886 di-

877 2519 950 2549 dem
967 2520 1000 2549 in
1016 2519 1100 2556 loco,
1113 2526 1147 2549 et
1163 2519 1195 2548 in
1213 2519 1272 2549 hae
1288 2519 1393 2548 forma
1405 2518 1576 2548 orationis.

879 2561 994 2600 ltaque
1011 2562 1056 2591 sic
1079 2561 1215 2598 correxi,
1232 2562 1393 2596 omnium,
1409 2567 1445 2589 ut
1469 2569 1575 2599 spero,

879 2612 1044 2634 concessu.

921 2649 960 2679 78
983 2648 1010 2676 si
1036 2646 1087 2675 Ιιίι·
1107 2645 1230 2675 nemini
1256 2653 1370 2674 nomen
1394 2642 1574 2682 detulisset]

881 2687 1030 2718 Debebat
1052 2698 1100 2717 ess
1103 2698 1120 2718 e
1144 2687 1294 2721 neminis,
1317 2685 1438 2715 nullius
1455 2694 1489 2714 n.
1513 2685 1577 2715 det.

881 2729 943 2759 Sed
979 2730 1056 2768 quia
1087 2730 1141 2760 hic
1177 2728 1339 2767 genitivus
1376 2725 1474 2764 vulgo
1512 2736 1580 2756 non

882 2772 1112 2811 usurpabatur,
1127 2771 1237 2801 datixo
1252 2778 1328 2799 usus
1348 2773 1410 2805 est,
1423 2774 1462 2800 ut
1484 2767 1523 2800 fit
1545 2769 1580 2800 iu

882 2813 954 2843 aliis
963 2783 1092 2844 lformis.

812 2903 952 2939 324
