1817 3169
475 134 591 173 PRO
618 132 663 171 L.
692 129 1005 170 CORNELIO
1032 131 1238 169 BALBO.
1473 133 1571 167 1105

142 249 319 282 Porum
350 249 550 279 Romam
578 248 801 278 commen
825 235 864 266 85
880 247 1225 276 coNsERvATo.
1247 234 1285 274 id
1307 233 1436 274 habet
1458 233 1570 274 hanc

142 296 243 346 vim,
267 304 313 336 ut
343 296 399 335 sit
429 295 498 335 ille
534 295 575 335 in
611 294 774 334 foedere
808 291 996 333 inferior.
1059 291 1249 331 Primum
1284 291 1395 330 verbi
1434 297 1629 345 genu536

138 351 221 393 hoc
242 352 537 402 conservandi,
560 366 644 405 quo
670 350 804 406 magis
838 350 878 389 in
903 349 1082 405 legibus,
1102 361 1227 402 quam
1255 347 1294 386 in
1319 347 1568 397 foederibus,

136 408 199 449 uti
231 408 429 459 solemus,
461 408 709 464 imperantis
741 418 818 457 cst,
850 421 932 446 non
968 404 1194 461 precantis.
1258 402 1438 453 Deinde,
1470 419 1567 444 cum

134 465 306 506 alterius
331 466 478 521 populi
510 465 709 520 majestas
741 465 981 504 conservari
1007 463 1200 517 jubetur,
1226 460 1277 501 de
1311 459 1441 500 altero
1473 461 1567 500 sile-

137 528 228 564 tur:
261 532 376 564 certe
414 523 482 563 ille
524 521 706 579 populus
746 521 787 561 in
828 520 1033 576 superiori
1073 517 1319 560 conditione
1358 531 1568 572 causaque

136 579 326 635 ponitur,
348 580 470 635 cujus
503 580 701 634 majestas
735 578 910 618 foederis
945 576 1163 618 sanctione
1197 574 1452 615 defenditur.
1515 573 1610 616 [nb.

134 648 220 690 quo
242 646 333 677 erat
363 637 621 678 accusatoris
653 635 946 691 interpretatio
978 634 1155 689 indigna
1182 631 1472 688 responsione,
1494 632 1567 685 qui

133 691 195 733 ita
226 693 412 745 dicebat,
445 692 625 735 Comiter
652 706 742 733 esse
773 691 1057 733 communiter.-
1094 690 1213 744 quasi
1253 703 1349 730 vero
1382 688 1568 744 priscum

134 749 306 804 aliquod
331 761 405 792 aut
426 750 643 791 insolitum
671 750 842 790 verbum
877 749 1240 803 interpretaretur.
1302 745 1472 795 Comes,
1498 746 1568 785 be-

134 806 272 862 nigni,
296 807 454 859 faciles,
479 822 627 848 suaves
657 806 852 847 homines
885 820 974 846 esse
1004 805 1300 846 dicuntur.—-“
1325 803 1395 858 qm·
1413 802 1569 843 erranti

133 863 299 905 comitet·
315 871 509 905 monstrat
526 865 647 914 viam,
665 862 756 904 beni
763 877 846 918 gne
864 872 907 902 et
927 877 1010 902 non
1030 871 1205 918 gravate
1221 877 1228 901 z
1253 863 1291 894 87
1306 859 1568 900 communiter

133 921 308 976 quidem
331 931 444 962 certe
474 934 557 961 non
580 920 796 962 convenit.
858 918 913 960 Et
945 919 1069 959 simul
1092 917 1274 958 absurda
1296 931 1359 957 res
1391 925 1467 966 est,
1496 931 1564 956 ea·
1578 922 1627 960 37

134 978 222 1018 veri
262 977 439 1029 foedere,
470 987 518 1018 ut
556 978 821 1032 majestatem
865 977 1010 1032 populi
1054 975 1240 1016 Rom'ani
1282 974 1568 1015 communiter

133 1045 410 1076 conservent:
445 1035 486 1075 id
518 1044 595 1085 est,
619 1045 664 1074 ut
698 1034 880 1090 populus
914 1034 1135 1074 Romanus
1158 1046 1275 1072 suam
1300 1031 1567 1086 majestatem

132 1105 223 1132 esse
245 1092 403 1133 salvam
428 1092 542 1132 velit.
565 1091 677 1147 quod
712 1092 743 1131 si
770 1092 861 1146 jam
888 1091 945 1130 ita
968 1099 1090 1140 esset,
1115 1099 1158 1129 ut
1182 1102 1373 1130 essenon
1402 1098 1565 1144 potest:

136 1156 278 1189 tamen
299 1150 350 1190 de
374 1159 516 1189 nostra
537 1149 775 1203 majestate,
799 1148 903 1188 nihil
927 1148 978 1188 de
1001 1147 1165 1187 illorum
1191 1155 1424 1187 caveretur.
1466 1145 1569 1186 Pot-

133 1215 253 1246 estne
283 1206 415 1262 igitur
438 1216 583 1246 nostra
600 1206 799 1260 majestas
819 1221 841 1246 a
857 1204 1084 1246 Gaditanis
1104 1204 1289 1258 benigne
1312 1202 1569 1252 conservari,

135 1263 169 1303 si
192 1263 243 1304 ad
266 1277 359 1304 eam
384 1263 646 1304 retinendam
672 1263 910 1304 Gaditanos
935 1261 1121 1317 praemiis
1145 1261 1296 1301 elicere
1321 1275 1402 1300 non
1424 1274 1571 1315 possu-

134 1322 257 1361 mus?
290 1330 431 1376 potest
452 1335 542 1361 esse
574 1320 656 1360 ulla
688 1320 872 1374 denique
895 1319 1109 1373 majestas,
1133 1318 1164 1358 si
1192 1317 1462 1373 impedimur,
1485 1332 1571 1371 quo

133 1377 275 1418 minus
299 1392 373 1433 per
397 1378 601 1433 populum
629 1377 886 1427 Romanum,
907 1376 1227 1426 beneficiorum,
1244 1375 1410 1419 virtutis
1428 1389 1569 1424 causa,

134 1434 458 1475 tribuendorum
483 1444 740 1491 potestatem
771 1433 1102 1489 imperatoribus
1124 1432 1279 1473 nostris
1301 1431 1568 1473 deferamus?

193 1491 276 1532 Sed
300 1492 401 1547 quid
433 1506 515 1547 ego
544 1493 733 1547 disputo,
756 1506 851 1546 quae
889 1491 994 1531 mihi
1034 1499 1139 1540 tum,
1164 1490 1197 1529 si
1230 1488 1434 1530 Gaditani
1466 1476 1609 1529 eon-l

135 1555 202 1589 tra
236 1562 302 1589 me
336 1549 541 1600 dicerent,
573 1553 611 1580 88
629 1563 723 1589 vere
761 1562 885 1604 posse
920 1547 1004 1588 diei
1042 1547 1313 1587 viderentur?
1346 1545 1425 1585 illis
1456 1545 1568 1585 enim
1581 1546 1631 1580 38

134 1606 427 1660 repetentibus
461 1606 509 1646 L.
553 1604 816 1656 Cornelium,
848 1604 1162 1660 responderem,
1194 1603 1331 1658 legem
1365 1603 1572 1658 populum

137 1661 382 1703 Romanum
399 1663 579 1717 jussisse
600 1663 652 1703 de
674 1662 850 1703 civitate
874 1661 1114 1702 tribuenda.
1137 1661 1237 1701 huie
1260 1661 1404 1716 generi
1428 1661 1572 1715 legum

135 1717 290 1760 fundos
314 1720 494 1776 populos
514 1720 602 1760 fieri
628 1734 713 1760 non
737 1719 883 1760 solere.
946 1717 1026 1759 Cn.
1055 1717 1308 1772 Pompeium
1331 1717 1382 1757 de
1404 1716 1570 1757 consilii

134 1779 345 1817 sententia
369 1778 588 1818 civitatem
613 1776 713 1817 huic
740 1777 921 1826 dedisse,
945 1775 1106 1816 nullum
1140 1775 1285 1830 populi
1318 1775 1450 1814 nostri
1477 1774 1572 1828 jus-

135 1847 229 1874 sum
243 1833 482 1875 Gaditanos
506 1834 685 1875 habere:
710 1834 854 1888 itaque
871 1833 976 1874 nihil
995 1847 1085 1873 esse
1108 1831 1571 1886 sacrosanctum,quod

134 1889 228 1946 lege
244 1900 475 1947 exceptum
495 1891 722 1932 videretur.
739 1891 771 1931 si
790 1900 898 1931 esset
916 1907 924 1931 :
949 1898 1092 1930 tamen
1112 1890 1154 1929 in
1175 1887 1339 1930 foedere
1357 1888 1464 1928 nihil
1481 1902 1570 1928 esse

132 1957 322 1999 cautum,
345 1960 499 2004 praeter
529 1962 693 2005 pacem.
726 1948 919 1989 additum
951 1947 1080 1987 etiam
1111 1961 1202 1987 esse
1232 1946 1349 1997 illud,
1371 1954 1417 1984 ut
1439 1945 1571 2000 maje-

175 2077 215 2108 86
244 2077 442 2116 conservato]
478 2077 556 2107 Mss.
585 2082 618 2107 et
646 2077 717 2107 edd.
747 2081 828 2108 vett.

131 2124 316 2151 conservent
331 2119 378 2149 Vel
396 2124 585 2149 COHSCTI'HHC
599 2132 606 2148 .“
631 2119 715 2149 unde
732 2120 828 2149 Laui-

132 2162 227 2192 binus
243 2163 319 2192 fecit
335 2166 554 2197 conservanto,
566 2161 615 2190 vel
629 2166 829 2191 conservato.-

134 2204 214 2234 illud
241 2204 342 2234 edidit
368 2204 434 2242 ipse
462 2208 495 2233 et
525 2209 599 2243 post
624 2203 679 2233 alii
704 2213 828 2233 omnes.

133 2245 203 2286 Ego
218 2250 401 2276 conservato
416 2246 565 2285 praetuli:
591 2246 666 2284 quia
689 2246 829 2275 refertur

133 2288 174 2318 ad
195 2288 352 2329 populum
377 2288 588 2318 Gaditanum.
613 2297 688 2317 nani
714 2288 828 2317 statim

134 2331 292 2370 sequitur,
308 2334 345 2360 ut
365 2331 407 2359 sit
421 2331 476 2359 ille
491 2329 657 2369 z'nfizdere
670 2328 808 2368 inferior
818 2344 827 2359 .-

134 2373 218 2411 quod
233 2373 272 2403 ad
287 2382 361 2412 pop.
376 2372 575 2402 Gaditanum
589 2371 730 2411 pertinet
743 2383 749 2400 :
768 2372 828 2401 nisi

135 2423 210 2444 vero
235 2413 354 2445 excidit
383 2413 515 2452 aliquid,
545 2414 632 2452 quod
662 2413 741 2443 mihi
770 2414 827 2443 aii-

134 2455 262 2494 quando
274 2457 308 2486 in
325 2461 467 2487 mentem
483 2456 585 2492 venit,
601 2466 631 2486 v.
647 2466 674 2485 c.
689 2456 742 2494 qui
760 2466 827 2485 ma-

129 2500 286 2536 jestatem
307 2498 442 2528 alterius
470 2508 659 2528 conservare
679 2498 826 2536 jubetur.

136 2539 181 2570 Et
202 2539 264 2570 hoc
287 2540 322 2569 in
343 2540 492 2570 formulis
515 2540 671 2570 foederum
701 2541 746 2569 sic
774 2551 827 2570 ex-

136 2591 282 2621 pressum
296 2591 376 2619 esse,
391 2587 429 2611 ut
452 2582 492 2612 ad
514 2582 670 2622 populum
695 2582 829 2612 referre-

136 2627 206 2660 tur,
220 2622 342 2653 clarum
357 2628 406 2653 est
419 2634 437 2653 e
449 2624 591 2653 formula
612 2624 738 2654 foederis
753 2634 828 2654 cum

137 2664 255 2695 AEtolis
267 2665 353 2704 apud
365 2665 492 2695 Livium
506 2665 828 2702 XXXV111‚11.im-

132 2707 264 2747 perium
279 2706 542 2747 majestatemque
551 2709 663 2747 populi
687 2707 830 2738 Romam·

135 2758 217 2788 gens
238 2747 430 2779 AEtolorum
455 2754 638 2779 conservato
665 2751 733 2780 sine
759 2750 828 2779 dolo

138 2791 234 2820 malo.
251 2790 462 2829 similiterque
475 2800 588 2821 omnes
602 2787 710 2830 partes
722 2792 828 2831 expri-

138 2837 289 2862 muntur.
333 2832 395 2862 Pro
417 2832 535 2873 plurali
557 2838 670 2863 tamen
692 2842 760 2863 esse
782 2834 828 2862 vi-

138 2873 246 2911 detur,
261 2873 346 2913 quod
366 2875 683 2906 accusator-verbum
697 2875 831 2905 comiter

872 2076 1045 2116 explicavit
1059 2076 1284 2112 communiter,
1302 2075 1386 2114 quod
1403 2076 1498 2105 nimis
1515 2075 1570 2105 ab-

872 2119 1006 2148 surdum
1023 2118 1182 2153 videatur,
1198 2118 1222 2147 si
1241 2122 1425 2148 conseruato
1448 2118 1480 2147 in
1504 2118 1569 2147 for-

872 2161 962 2190 mula
978 2161 1051 2190 fuit.
1097 2160 1157 2189 Sed
1181 2160 1213 2189 in
1238 2161 1451 2189 communiter
1472 2160 1569 2189 intel-

873 2202 928 2241 ligi
945 2208 1064 2241 potest,
1081 2212 1155 2232 eum
1166 2203 1284 2241 populo
1297 2202 1392 2231 Rom.
1408 2207 1441 2231 et
1464 2203 1571 2231 omni-

872 2254 914 2273 no
929 2245 990 2274 iste
1005 2244 1102 2274 homo
1116 2243 1272 2273 absurdus
1288 2244 1321 2273 in
1337 2243 1431 2283 hujus
1446 2244 1569 2274 furmu-

871 2286 910 2315 la²
925 2286 1196 2326 interpretatione
1210 2285 1286 2316 fuit.

913 2331 951 2360 87
986 2329 1202 2358 communiter
1228 2329 1355 2367 quidem
1385 2328 1484 2367 certe]
1515 2329 1569 2358 Sic

871 2370 952 2400 bene
968 2370 1112 2400 restituit
1127 2380 1144 2400 e
1160 2370 1240 2400 Mss.
1256 2375 1289 2400 et
1303 2370 1446 2400 editione
1460 2375 1568 2400 vetere

871 2413 1043 2447 Gruterus,
1068 2422 1139 2450 quae
1165 2418 1216 2442 est
1243 2413 1403 2449 Romana,
1434 2413 1482 2442 vel
1512 2413 1566 2442 ΒΓ.

870 2455 1002 2492 quaeita
1017 2454 1150 2484 habent.
1194 2454 1280 2484 Nam
1304 2463 1421 2484 ceterae
1446 2455 1567 2484 habent

869 2497 1014 2532 comiter,
1031 2501 1068 2525 ut
1080 2502 1114 2526 et
1130 2496 1192 2526 Ms.
1206 2496 1271 2526 Gn.

912 2541 951 2569 88
976 2548 1047 2568 vere
1055 2547 1147 2577 posse
1160 2539 1223 2568 dici
1240 2539 1440 2577 viderentur]
1460 2539 1566 2573 Vitio,-

872 2590 943 2610 sum
968 2579 1029 2610 hoe
1049 2580 1220 2610 videbatur
1243 2580 1416 2616 Lambino,
1440 2582 1494 2619 qui
1518 2590 1567 2610 re-

871 2622 1018 2661 sponderi
1039 2633 1069 2652 v.
1087 2623 1281 2661 corrigebat.
1338 2623 1408 2661 Ego
1438 2631 1503 2651 non
1532 2623 1566 2652 in

871 2666 946 2700 diei,
962 2664 1016 2693 sed
1031 2665 1064 2694 in
1087 2674 1161 2694 rere
1182 2665 1301 2694 haereo.
1319 2674 1393 2693 nani
1408 2671 1440 2694 et
1457 2665 1489 2693 in
1506 2663 1566 2694 hac

872 2707 965 2736 Balbi
981 2716 1077 2736 causa
1098 2716 1172 2736 ‘ts-ere
1193 2706 1405 2737 dicebantur:
1430 2705 1565 2736 sednon

870 2754 959 2787 apte,
981 2753 1038 2778 aut
1066 2749 1252 2778 necessario.
1296 2749 1345 2777 An
1369 2747 1432 2777 snit
1453 2749 1568 2778 recte?

872 2790 948 2820 Mox
966 2791 1040 2819 huic·
1054 2791 1166 2828 generi
1182 2795 1268 2820 recte
1281 2790 1440 2818 Gruterus
1455 2801 1472 2819 e
1488 2790 1566 2820 Mss.

871 2837 904 2862 et
930 2832 978 2861 ed.
1005 2832 1101 2862 Rom.
1124 2831 1239 2870 quibus
1266 2831 1431 2861 consentit
1456 2831 1566 2863 Guelf.

871 2873 973 2911 dedit,
988 2883 1046 2913 pro
1061 2875 1117 2904 hoc
1129 2883 1259 2912 genere.

790 2921 914 2958 403
