1785 3185
413 128 530 166 PRO
563 127 608 164 T.
643 125 836 163 ANNIO
870 124 1121 163 MILONE.
1390 124 1491 168 1175

55 232 240 290 spoliati,
262 230 387 272 bonis
409 228 594 286 expulsi,
616 228 739 269 multi
761 228 892 268 etiam
925 227 1020 268 haec
1044 227 1242 268 timentes
1275 228 1317 268 in
1350 227 1488 284 suspi-

54 291 220 333 cionem
243 287 467 330 caderent:
502 296 593 328 tota
621 286 804 340 denique
836 299 906 325 rea
927 284 1131 324 citaretur
1164 283 1349 326 Etruria.
1408 285 1487 325 At-
1502 292 1549 325 51

53 361 135 403 que
158 346 230 386 illo
252 345 321 386 die
343 356 458 385 certe
479 342 625 385 Aricia
643 343 808 384 rediens
829 344 866 375 7¹
884 341 1069 382 devertit
1091 339 1268 380 Clodius
1289 342 1340 382 ad
1359 356 1415 392 se,
1437 342 1491 382 ad

55 404 288 445 Albanum.
347 400 532 446 72Quod
570 410 619 441 ut
656 399 784 440 sciret
824 397 953 447 Milo,
994 397 1109 437 illum
1149 396 1307 437 Ariciae
1347 398 1491 447 fuisse,

55 459 258 516 suspicari
294 469 435 499 tamen
472 458 636 508 debuit,
659 470 771 506 eum,
803 455 969 496 etiamsi
1009 454 1193 494 Romam
1226 453 1298 493 illo
1329 454 1398 494 dic
1428 468 1492 494 re-

56 518 163 559 verti
199 515 338 566 vellet,
369 515 420 556 ad
444 514 586 556 villam
620 529 755 564 suam,
788 527 884 567 quae
917 512 1030 552 viam
1062 519 1272 566 tangeret,
1294 510 1493 551 deversu-

57 589 166 616 rum.
188 588 264 614 cur
286 586 423 628 neque
445 581 544 612 ante
567 571 768 621 occurrit,
790 584 843 610 ne
874 568 942 610 ille
966 569 1009 609 in
1033 567 1131 608 villa
1155 568 1380 609 resideret:
1412 581 1491 608 nec

54 646 105 673 eo
129 632 169 672 iu
193 631 287 671 loco
312 629 517 680 subsedit,
540 644 625 684 quo
650 628 719 669 ille
747 636 876 668 noctu
901 636 1101 666 venturus
1123 627 1262 665 esset?

116 688 253 729 Video
277 687 416 728 adhuc
438 699 634 727 constare
656 683 1023 739 omnia‚judices:
1059 681 1216 722 Miloni
1241 681 1371 721 etiam
1393 678 1498 722 utile

61 745 191 786 fuisse
224 744 423 786 Clodium
457 745 624 784 vivere:
656 742 715 783 illi
748 741 800 782 ad
837 754 901 790 ea,
933 754 1029 796 quae
1059 738 1352 794 concupierat,
1375 747 1498 793 opta-

63 803 275 844 tissimum
307 802 528 842 interitum
561 799 767 841 Milonis:
800 797 947 838 odium
986 797 1116 837 fuisse
1149 795 1261 836 illius
1300 796 1342 836 in
1384 795 1499 836 hunc

60 859 398 908 acerbissimum,
423 859 464 898 in
489 857 607 897 illum
632 856 758 912 hujus
781 854 969 896 nullum:
1002 853 1356 896 consuetudinem
1385 851 1498 892 illius

63 926 312 974 perpetuam
352 916 394 955 in
437 915 474 954 vi
512 915 757 965 inferenda3
791 912 917 966 hujus
957 919 1123 952 tantum
1154 911 1198 951 in
1230 909 1496 965 repellenda:

63 984 246 1015 mortem
279 973 332 1013 ab
369 971 441 1012 illo
473 971 767 1012 denuntiatam
803 969 961 1010 Miloni
993 977 1036 1010 et
1057 968 1308 1024 praedictam
1333 966 1560 1023 palam352

61 1030 170 1072 nihil
192 1044 392 1085 umquam
417 1028 610 1069 auditum
633 1043 686 1069 ex
711 1027 905 1068 Milone:
939 1025 1218 1082 profectionis
1240 1024 1368 1079 hujus
1385 1023 1499 1064 diem
1511 1022 1544 1053 b,

63 1088 123 1130 illi
148 1097 324 1137 notum3
357 1085 540 1127 reditum
573 1085 683 1126 illius
718 1085 818 1125 huic
852 1084 1050 1140 ignotum
1083 1082 1237 1124 fuisse:
1269 1082 1396 1137 hujus
1420 1081 1501 1122 iter

63 1145 376 1194 necessarium
409 1143 519 1183 illius
542 1143 669 1183 etiam
694 1142 838 1198 potius
860 1142 1071 1182 alienum:
1103 1140 1218 1181 hunc
1249 1154 1337 1195 prae
1370 1153 1413 1179 se
1436 1147 1503 1179 tu-

65 1202 176 1253 lisse,
200 1216 243 1242 se
266 1201 337 1242 illo
359 1201 428 1242 die
460 1199 602 1241 Roma
622 1200 865 1250 exiturum3
896 1198 1016 1239 illum
1047 1211 1098 1239 eo
1131 1197 1200 1238 die
1231 1212 1275 1237 se
1303 1195 1504 1237 dissimu-

66 1259 173 1301 lasse
195 1258 430 1300 rediturum
451 1274 459 1299 z
492 1258 608 1298 hunc
632 1257 786 1298 nullius
809 1256 866 1297 rei
890 1265 1078 1296 mutasse
1099 1254 1352 1305 consilium;
1385 1253 1506 1294 illurn

67 1331 239 1358 causam
284 1315 478 1356 mutandi
520 1314 686 1356 consilii
735 1314 937 1365 finxisse3
984 1313 1100 1362 huic,
1142 1312 1175 1352 si
1217 1311 1504 1361 insidiaretur,

67 1383 239 1415 noctem
286 1387 417 1429 prope
459 1373 606 1413 urbem
648 1371 1010 1428 exspectandam;
1060 1369 1136 1420 illi,
1178 1368 1345 1409 etiamsi
1390 1368 1506 1409 hunc

70 1445 156 1472 non
186 1431 370 1480 timeret,
393 1440 537 1470 tamen
569 1444 787 1470 accessum
820 1428 873 1469 ad
904 1428 1055 1468 urbem
1085 1435 1345 1468 nocturnum
1375 1424 1507 1466 fuisse

69 1487 363 1530 metuendum.

126 1545 356 1586 Videamus
391 1558 505 1585 nunc
547 1543 605 1594 id,
637 1543 753 1599 quod
788 1551 920 1598 caput
957 1550 1048 1583 est:
1079 1540 1200 1581 locus
1242 1540 1294 1581 ad
1332 1539 1506 1581 insidias
1520 1529 1592 1577 20

70 1601 139 1643 ille
159 1602 264 1658 ipse,
287 1602 360 1641 ubi
383 1602 601 1656 congressi
633 1611 746 1651 sunt,
768 1600 853 1640 utri
885 1599 1058 1640 tandem
1091 1598 1221 1638 fuerit
1242 1597 1398 1653 aptior.
1459 1595 1508 1638 Id
1522 1601 1571 1635 53

70 1673 187 1710 vero,
224 1658 408 1714 judices,
446 1659 576 1698 etiam
617 1657 904 1699 dubitandum
946 1666 990 1697 et
1028 1656 1189 1697 diutius
1230 1655 1513 1711 cogitandum

71 1718 165 1757 est?
196 1716 311 1756 Ante
344 1715 525 1755 fundum
562 1714 720 1767 Clodii,
743 1729 828 1770 quo
858 1715 903 1755 in
943 1713 1094 1765 fundo,
1128 1721 1302 1768 propter
1343 1713 1513 1754 insanas

74 1773 166 1814 illas
199 1773 553 1822 substructiones,
577 1772 702 1814 facile
731 1772 848 1813 mille
879 1772 1105 1813 hominum
1132 1770 1412 1811 versabantur
1442 1784 1515 1811 va-

75 1829 272 1881 lentium,
292 1833 332 1864 73
345 1830 462 1870 edito
498 1829 726 1871 adversarii
759 1840 888 1884 atque
923 1827 1093 1870 excelso
1123 1827 1220 1868 loco
1251 1828 1514 1883 superiorem

76 1901 120 1928 se
157 1886 248 1927 fore
284 1888 464 1942 putabat
498 1886 626 1939 Milo,
649 1897 691 1929 et
727 1888 784 1928 ob
813 1901 909 1927 eam
946 1901 1035 1927 rem
1066 1899 1164 1926 eum
1195 1885 1338 1926 locum
1360 1885 1413 1925 ad
1435 1898 1515 1939 pu-

77 1959 207 2000 gnam
237 1945 508 1999 potissimum
538 1943 752 2000 elegerat?
783 1959 837 1984 an
873 1943 917 1984 in
959 1958 1010 1984 eo
1050 1942 1146 1983 loco
1168 1951 1233 1983 est
1262 1941 1407 1998 potius
1437 1955 1515 1982 ex-

77 2011 295 2057 spectatus
317 2002 371 2042 ab
394 2016 460 2052 eo,
483 2001 555 2056 qui
578 2002 712 2057 ipsius
743 2001 823 2042 loci
857 2015 932 2056 spe
953 2000 1094 2042 facere
1117 2000 1325 2055 impetum
1347 1999 1514 2054 cogita-

77 2062 172 2101 rat?
206 2058 290 2099 Res
321 2058 526 2114 loquitur,
541 2058 727 2113 judices,
758 2058 875 2114 ipsa:
907 2072 1005 2113 quae
1037 2071 1203 2113 semper
1240 2055 1354 2097 valet
1383 2056 1516 2112 pluri-

78 2129 214 2157 mum.
276 2115 320 2156 Si
351 2115 447 2156 haec
470 2129 554 2155 non
577 2125 699 2171 gesta
720 2114 940 2165 audiretis,
963 2114 1035 2155 sed
1058 2114 1175 2169 picta
1192 2113 1418 2154 videretis:
1451 2120 1514 2154 ta·
1527 2119 1577 2155 54

80 2187 181 2214 men
215 2181 453 2229 appareret,
484 2182 578 2213 uter
617 2183 728 2214 esset
766 2172 1007 2222 insidiator,
1038 2181 1132 2211 uter
1165 2170 1274 2212 nihil
1305 2170 1520 2226 cogitaret

82 2230 198 2281 mali,
222 2245 320 2271 cum
343 2230 449 2271 alter
481 2228 703 2271 veheretur
734 2229 778 2270 in
810 2229 942 2270 rheda
971 2228 1227 2284 paenulatus,
1249 2242 1336 2268 una
1357 2227 1522 2268 sederet

83 2301 208 2328 uxor.
233 2287 334 2343 quid
373 2287 525 2327 horum
557 2302 641 2327 uon
674 2286 1078 2342 impeditissimum?
1110 2286 1304 2336 vestitus,
1327 2299 1381 2325 an
1402 2284 1523 2326 vehi-

85 2344 244 2396 culum,
261 2359 316 2385 an
347 2347 518 2386 comes?
548 2344 652 2400 quid
691 2345 832 2385 minus
863 2352 1082 2401 promtum
1112 2343 1165 2384 ad
1197 2356 1403 2400 pugnam,
1424 2355 1524 2383 cum

130 2460 168 2490 71
193 2458 330 2489 dei-ertit
348 2458 476 2489 Clodius
488 2457 534 2488 ad
556 2468 601 2494 se,
624 2458 670 2488 ad
681 2458 782 2489 Alba·
825 2457 903 2497 quid
928 2457 1000 2487 vitii
1025 2456 1145 2487 habere
1169 2456 1316 2487 videtur:
1340 2465 1408 2486 non
1433 2455 1523 2486 enim

89 2499 185 2538 num]
223 2501 300 2530 Sine
334 2500 432 2530 dubio
468 2500 514 2529 ad
538 2501 705 2531 Albanum
733 2504 785 2530 est
826 2500 908 2530 bene
936 2499 1103 2530 cohaerent
1125 2499 1257 2529 omnia:
1283 2497 1341 2528 illa
1364 2498 1524 2537 suspicari

92 2541 198 2580 glossa
213 2543 384 2572 verborum
400 2542 446 2572 acl
464 2552 515 2571 se:
541 2552 613 2581 quae
635 2547 669 2573 et
691 2543 731 2572 ab
746 2552 786 2572 ea
828 2542 949 2579 debuit,
966 2543 1027 2573 &c.
1049 2551 1117 2571 non
1129 2541 1213 2571 bene
1227 2540 1462 2580 intelliguntur
1483 2549 1524 2570 ex

92 2582 228 2622 expulsa
248 2591 326 2613 sunt
349 2584 383 2613 in
408 2584 499 2614 libris
523 2584 595 2615 edd.
617 2589 651 2615 et
677 2594 739 2614 scr.
767 2593 787 2613 a
828 2583 1110 2620 antecedentibus,
1138 2588 1178 2613 ut
1209 2591 1298 2612 nunc
1324 2582 1453 2621 quidem
1489 2590 1523 2611 se

95 2624 236 2665 Grutero
251 2625 382 2657 demum
404 2626 559 2657 restituta
572 2637 590 2657 e
612 2627 676 2657 Ms.
701 2625 787 2656 anti·
829 2627 964 2657 habent.
1007 2627 1089 2657 Mox
1103 2626 1193 2656 mille
1207 2634 1283 2655 cum
1306 2623 1475 2664 singulari.
1490 2632 1524 2654 v.

95 2675 170 2706 quo·
831 2669 926 2699 Clav.

139 2710 180 2741 72
204 2708 302 2749 Quod
321 2709 383 2739 nisi
406 2710 504 2739 sciret
526 2709 592 2749 M]
620 2709 693 2740 Hoc
716 2720 790 2740 sen.
873 2712 914 2744 73
948 2710 1032 2740 edito
1057 2706 1244 2740 adversaria·
1269 2712 1366 2747 atque
1387 2716 1456 2738 exc.
1484 2706 1525 2747 1.]

98 2757 170 2797 suin
193 2750 401 2781 commodum
425 2760 492 2781 non
514 2751 632 2781 hahet:
657 2752 791 2784 dixisset
831 2751 1024 2782 Adversarii
1038 2752 1100 2782 int.
1117 2750 1242 2782 Clodii:
1259 2749 1316 2780 ubi
1329 2749 1530 2781 adversarius

98 2797 227 2832 potius:
264 2791 362 2832 „Quod
385 2793 413 2822 si
439 2794 576 2823 nesciret
601 2793 652 2823 M.
696 2794 793 2825 Edidi
836 2794 908 2824 loco
928 2794 962 2824 in
977 2794 1065 2824 edito
1081 2797 1163 2824 erat.
1219 2792 1272 2822 Sic
1296 2791 1412 2822 melius
1433 2797 1530 2829 puto,

101 2842 177 2863 cum
191 2833 319 2864 Graen‘o
333 2844 351 2864 e
365 2834 454 2865 libris
471 2844 534 2865 scr.
561 2835 658 2876 Quod
681 2840 720 2866 ut
733 2837 780 2866 sci
837 2845 936 2875 quam
961 2836 987 2865 si
1015 2835 1134 2875 plurali
1162 2843 1300 2868 numero
1326 2833 1534 2875 intelligatur

101 2873 214 2908 reeM.
257 2875 319 2909 Sed
331 2879 423 2909 totus
443 2876 498 2909 hic
518 2876 610 2909 locus
632 2876 713 2910 mihi
737 2877 796 2912 ali·
839 2877 1033 2909 adm-sarii.
