1769 3174
504 107 633 146 PRO
668 104 762 144 CN.
800 104 1102 145 PLANCIO.
1444 109 1521 148 963

16 209 54 261 ἐ
94 223 213 254 cere:
241 209 361 262 huic,
382 224 479 267 quae
502 225 580 268 pro
602 209 737 252 salute
758 223 853 250 mea
874 209 1038 260 fecerit,
1060 209 1094 250 si
1125 209 1266 251 minus
1297 210 1523 267 profutura

93 268 193 319 sint,
215 269 365 310 obesse
386 277 501 310 certe
522 282 607 308 non
630 268 864 323 oportere.)
923 266 977 308 N·
969 280 1053 317 im,
1077 265 1254 308 simulac
1284 282 1353 308 me
1386 268 1456 324 Dy
1461 283 1521 309 rr·

89 324 293 366 bachium
315 325 509 381 attigisse
535 324 724 366 audivit:
757 324 902 364 statim
937 323 989 364 ad
1020 337 1103 374 me,
1125 321 1349 364 lictoribus
1370 326 1519 366 dimis-

24 426 29 428 ,
88 381 161 433 sis,
203 359 444 438 insignibus
472 380 668 436 abJectis,
711 389 829 421 veste
868 388 1049 431 mutata,
1082 378 1301 444 profectus
1337 392 1415 422 est.
1475 382 1583 424 099

89 415 441 489 acerbam01nihi‚
465 438 650 493 judices,
684 437 936 478 memoriam
967 437 1171 492 temporis
1203 436 1315 477 illius
1344 446 1388 478 et
1419 437 1518 490 loci,

26 506 30 509 ’
87 510 187 537 cum
210 495 312 537 hic
302 510 346 536 111
369 509 437 536 me
458 495 624 546 incidit,
646 497 687 529 94
699 509 796 536 cum
819 492 1071 558 complex-us
1094 502 1172 544 est,
1194 495 1519 550 conspersitque

88 551 301 607 lacrymis,
326 566 404 593 nec
425 552 542 608 loqui
567 566 656 608 prae
686 565 874 593 moerore
905 551 1075 607 potuit?
1104 553 1183 592 950
1204 565 1292 592 rem
1315 565 1413 592 cum
1445 566 1522 592 au-

88 608 181 650 ditu
213 609 442 660 crudelem,
464 619 556 649 tum
589 609 682 649 visu
711 608 944 650 nefariam!
975 622 1001 650 o
1033 607 1217 662 reliquos
1249 621 1396 648 omnes
1429 608 1520 648 dies

23 699 25 701 .
85 674 320 720 noctesque
340 680 426 716 eas,
447 666 602 721 quibus
627 666 708 707 iste
738 681 764 706 a
791 679 861 706 me
890 679 977 706 non
1010 665 1226 716 recedens,
1240 664 1520 709 ,Thessaloni-

85 737 181 764 cam
215 737 297 773 me,
329 722 369 763 in
405 723 771 778 quaestoriumque
812 721 1037 778 perduxit!
1073 721 1161 763 Hic
1193 736 1277 778 ego
1315 736 1430 763 nunc
1464 722 1519 763 de

86 789 316 836 praetore
303 779 575 821 Macedoniae
608 779 716 821 nihil
749 779 889 820 dicam
922 778 1122 834 ampliUS,
1143 780 1240 831 nisi,
1262 793 1360 820 eum
1385 789 1428 819 et
1459 780 1521 820 ci-

86 850 180 877 vem
203 837 417 892 optimum
449 851 629 892 semper
650 846 694 877 et
725 836 831 877 mihi
864 836 1052 878 amicum
1082 835 1238 878 fuisse:
1271 837 1343 877 sed
1370 836 1521 877 eadem

85 893 292 958 timuisse,
323 909 419 949 quae
452 903 631 935 ceteros.
692 892 775 934 Cn.
807 892 1032 934 Plancium
1066 893 1198 934 fuisse
1235 907 1384 945 unum,
1417 908 1519 945 non,

82 951 157 1006 qui
187 951 329 992 minus
362 951 545 1001 timeret,
579 950 667 1001 sed,
699 950 732 991 si
767 950 1012 992 acciderent
1033 964 1097 1001 ea,
1119 965 1216 1006 quae
1252 951 1519 1002 timerentur,

81 1021 253 1049 mecum
283 1023 332 1049 ea
363 1009 505 1049 subire
535 1016 578 1048 et
610 1008 772 1072 perpeti
809 1007 950 1049 vellet.
1010 1007 1115 1059 Qui,
1145 1022 1244 1049 cum
1280 1008 1332 1048 ad
1366 1021 1434 1048 me
1469 1008 1518 1049 L.
1534 1021 1609 1055 100

22 1083 25 1086 ⁴
82 1063 270 1116 Tubero,
301 1079 419 1106 meus
450 1066 728 1116 necessarius,
762 1065 836 1120 qui
870 1063 991 1106 fratri
1024 1078 1120 1106 meo
1152 1065 1318 1121 legatus
1352 1064 1517 1117 fuisset,

81 1122 291 1164 decedens
313 1136 367 1163 ex
390 1122 495 1164 Asia
519 1122 716 1171 venisset,
739 1136 895 1176 easque
926 1121 1116 1172 insidias,
1138 1137 1243 1178 quas
1266 1122 1373 1163 mihi
1396 1137 1519 1183 para-

83 1189 146 1220 tas
176 1181 231 1220 ab
252 1179 473 1221 exsulibus
496 1179 732 1234 conjuratis
763 1179 972 1230 audierat,
994 1179 1139 1220 animo
1161 1179 1423 1220 amicissimo
1445 1180 1519 1220 de-

79 1235 271 1278 tulisset:
303 1237 402 1278 96in
432 1236 580 1278 Asiam
613 1250 680 1276 me
716 1236 776 1276 ire
807 1240 1003 1291 (propter
1032 1237 1126 1292 ejus
1159 1237 1395 1293 provinciae
1429 1252 1518 1278 me-

78 1308 179 1335 cum
199 1303 244 1334 et
265 1308 364 1334 cum
388 1308 482 1335 meo
507 1293 636 1334 fimatle
664 1293 1048 1345 necessitudinem)
1071 1302 1409 1350 comparantem,
1432 1309 1520 1335 non

14 1341 25 1354 ⁹
79 1360 143 1391 est
175 1365 348 1415 passus:
381 1352 422 1391 xi
454 1366 537 1401 me,
570 1351 760 1406 inquam,
784 1350 1002 1415 Plancius,
1025 1362 1068 1392 et
1087 1350 1318 1407 complexu
1355 1366 1431 1392 suo
1454 1366 1520 1392 1e-

80 1407 224 1459 tinuit,
249 1408 490 1472 multosque
522 1423 687 1448 menses
719 1423 743 1448 a
764 1409 907 1464 capite
938 1421 1034 1449 meo
1055 1423 1143 1450 non
1165 1408 1377 1460 discessit,
1399 1409 1519 1464 abje-

72 1476 148 1505 cta
168 1466 384 1520 quaestori·
378 1484 401 1506 ι
424 1481 619 1521 persona,
642 1465 900 1520 comitisque
923 1474 1077 1506 sumta.

137 1522 177 1563 O
219 1524 425 1564 excubias
463 1532 572 1574 tuas,
601 1522 683 1563 Cn.
709 1521 873 1572 Planci,
903 1522 1101 1564 miseras!
1134 1537 1161 1564 o
1202 1522 1365 1563 flebiles
1407 1522 1602 1579 figi-101

76 1578 180 1620 lias!
213 1595 238 1620 0
258 1590 404 1621 noctes
420 1581 617 1621 acerbas!
651 1594 676 1620 0
699 1579 938 1621 custodiam
970 1580 1099 1620 etiam
1130 1580 1214 1620 mei
1236 1579 1390 1644 capitis
1409 1580 1518 1622 infe·
1529 1581 1604 1630 42

77 1636 225 1678 licem'
260 1637 292 1677 si
324 1638 497 1692 quidem
530 1652 612 1693 ego
642 1637 721 1678 tibi
755 1637 880 1677 vivus
913 1651 997 1677 non
1020 1651 1209 1701 prosum,
1231 1638 1304 1691 qui
1337 1637 1518 1681 fortasse

77 1703 270 1735 mortuus
314 1694 582 1750 profuissem.
625 1693 801 1735 memini
844 1693 974 1745 enim,
1010 1694 1201 1745 memini,
1242 1708 1380 1750 neque
1423 1710 1518 1738 um-

37 1768 43 1772 ·
77 1765 205 1806 quam
235 1751 464 1793 obliviscar
492 1751 632 1793 noctis
665 1752 793 1802 illius,
824 1765 923 1792 cum
953 1751 1030 1792 tibi
1064 1751 1276 1807 vigilanti,
1300 1752 1520 1818 assidenti,

75 1808 293 1859 moerenti,
317 1824 424 1850 vana
453 1809 651 1864 quaedam
683 1809 826 1859 miser,
860 1816 988 1863 atque
1018 1808 1177 1873 inania,
1206 1808 1312 1850 falsa
1343 1824 1417 1866 spe
1455 1811 1521 1852 in-

75 1864 244 1917 ductus,
267 1865 524 1922 pollicebar:
556 1880 640 1916 me,
663 1866 694 1906 si
719 1880 855 1906 essem
877 1865 921 1906 in
943 1865 1127 1922 patriam
1149 1866 1386 1931 lestitutus,
1409 1883 1521 1924 prae-

75 1932 255 1974 sentem,
276 1924 356 1964 tibi
377 1923 561 1979 gratiam
583 1923 836 1965 relaturum:
869 1923 935 1964 sin
967 1933 1110 1964 autem
1143 1924 1277 1964 vitam
1299 1924 1404 1965 mihi
1429 1941 1519 1968 sors

13 1995 16 1998 ’
74 1979 315 2031 ademisset,
334 1991 408 2021 aut
429 1996 453 2020 v
460 1981 493 2021 is
511 1981 654 2036 aliqua
673 1980 812 2036 major
831 1980 1014 2022 reditum
1032 1981 1305 2037 peremisset·
1327 1981 1421 2032 hos,
1439 1983 1519 2025 hos

74 2041 200 2092 (quos
221 2037 336 2078 enim
367 2052 449 2094 ego
481 2046 572 2079 tum
607 2038 711 2079 alios
743 2038 888 2079 animo
922 2038 1121 2079 1ntueba1·
1134 2040 1167 2086 Ρ)
1198 2039 1344 2080 omnia
1366 2040 1445 2080 tibi
1469 2040 1520 2081 il-

72 2092 210 2136 lorum
233 2072 428 2136 laborum
449 2095 627 2151 praemia
649 2110 725 2151 pro
747 2110 816 2136 me
838 2095 1143 2151 persoluturos.
1205 2096 1323 2142 Quid
1353 2111 1422 2138 me
1443 2098 1518 2139 ad-

75 2154 268 2206 spectas?
299 2153 402 2207 quid
435 2167 530 2194 mea
552 2153 762 2208 promissa
782 2152 968 2208 repetis?
999 2153 1101 2207 quid
1123 2167 1263 2194 meam
1285 2154 1447 2196 fidem
1436 2170 1517 2196 1111-

25 2216 38 2229 ·
74 2208 241 2264 ploras?
271 2209 378 2250 nihil
401 2209 479 2251 tibi
502 2224 585 2266 ego
609 2219 700 2250 tum
723 2210 776 2251 de
797 2210 902 2250 meis
930 2210 1085 2265 opibus
1118 2210 1364 2266 pollicebar,
1387 2216 1426 2246 97
1442 2212 1515 2254 sed

72 2263 125 2306 de
145 2265 298 2308 horum
318 2281 421 2323 eiga
449 2281 519 2309 me
528 2245 840 2308 Obenivolentia
866 2268 1197 2324 promittebam:
1229 2267 1307 2308 hos
1335 2284 1414 2325 pio
1445 2284 1558 2316 mep
1575 2277 1648 2310 281.

113 2380 155 2413 94
167 2388 242 2410 cum
256 2381 441 2420 complexus
463 2380 523 2419 est]
554 2380 635 2412 Cum
659 2385 710 2411 est
733 2392 773 2412 ex

74 2418 143 2451 Erf.
158 2421 228 2451 edd.
242 2422 284 2453 R.
301 2423 360 2453 ΒΓ.
378 2425 469 2453 1480.
485 2423 571 2462 quod
587 2423 693 2464 prima
709 2424 773 2464 syl·

71 2460 193 2493 labain
208 2465 392 2504 comptem
406 2465 580 2505 absorpsit.

112 2507 152 2538 95
175 2515 192 2535 ο
215 2516 283 2536 rem
307 2517 333 2536 c.
357 2517 389 2537 α.
410 2508 575 2538 crudelem
601 2506 676 2546 &c.]
706 2507 774 2537 Cur

71 2542 130 2576 hos
151 2547 334 2587 amplexus,
359 2549 417 2579 has
439 2549 592 2580 lacrimas
607 2559 678 2580 rem
694 2560 770 2579 ern-

30 2618 36 2622 ,
71 2587 173 2619 delam
198 2595 232 2620 et
259 2590 427 2630 nefariam
453 2591 623 2632 appellat?
651 2601 769 2631 nempe

73 2637 140 2669 non
162 2641 218 2671 per
240 2643 287 2669 se,
310 2632 365 2663 sed
386 2634 427 2664 ob
442 2643 587 2669 causam,
604 2644 677 2673 quae
697 2639 769 2664 erat

73 2671 210 2704 crudelis
225 2680 259 2705 et
281 2675 422 2705 nefaria:
447 2675 557 2714 quod
549 2685 585 2705 1n
600 2685 654 2705 eas
672 2677 769 2706 mise-

73 2712 136 2744 rias
151 2717 317 2755 coniectus
337 2723 408 2747 erat
430 2718 721 2748 innocentissimus
735 2723 770 2748 et

72 2756 302 2788 meritissimus
316 2759 355 2789 de
370 2769 438 2799 rep.
456 2760 504 2789 sir
519 2760 579 2790 &c-

112 2798 179 2831 96
168 2808 203 2829 m
215 2801 256 2830 A.
268 2810 319 2830 me
335 2800 686 2841 ire—comparantem]
707 2800 771 2830 Lo

61 2846 125 2869 cus
142 2839 196 2871 hic
213 2843 300 2873 varie
326 2842 544 2884 interpolatus
558 2849 608 2876 est
630 2844 666 2874 in
687 2844 768 2875 Mss.

814 2385 849 2411 et
871 2380 945 2411 edd.
972 2385 1045 2412 ant.
1089 2381 1152 2412 Sed
1177 2381 1231 2412 hae
1257 2383 1396 2421 quidem
1414 2394 1516 2424 prope

815 2433 929 2453 omnes
953 2429 1210 2462 connum-antem,
1230 2425 1317 2464 quod
1338 2431 1372 2455 et
1395 2426 1516 2456 Grute-

816 2475 872 2495 rus
888 2466 1047 2503 restituit,
1064 2476 1137 2496 curn
1154 2477 1172 2497 e
1194 2467 1336 2498 Juntina
1348 2467 1514 2499 Victorius

815 2507 997 2537 induxisset
1006 2517 1042 2547 p.
1057 2518 1082 2537 e.
1095 2518 1150 2548 pr.
1168 2515 1289 2539 mentm
1306 2515 1337 2540 et
1352 2509 1514 2549 cumfra-

812 2554 863 2580 ίέ
898 2560 967 2580 meo
1002 2551 1088 2580 necis
1122 2552 1259 2581 ins-idias
1291 2557 1512 2591 comparatas,

812 2592 898 2631 quod
921 2600 952 2623 et
976 2592 1011 2622 in
1034 2592 1074 2623 R.
1099 2601 1158 2623 est.
1205 2594 1364 2624 Gruterus
1391 2596 1425 2624 in
1450 2596 1512 2625 Ms.

813 2635 934 2673 reperit
953 2639 1147 2673 parantem,
1164 2635 1251 2674 qnod
1273 2644 1321 2665 est
1345 2637 1511 2667 usitatius.

813 2676 875 2706 Sed
891 2684 925 2706 et
947 2686 1140 2716 comparare
1154 2687 1228 2707 cum
1252 2678 1417 2708 infinitivo
1433 2679 1512 2709 dici-

812 2722 869 2748 tur
885 2728 943 2758 pro
953 2728 1091 2758 parare.

856 2764 893 2794 97
910 2761 967 2790 sed
979 2761 1018 2790 de
1033 2762 1146 2791 horum
1156 2778 1198 2783 —
1210 2760 1435 2800 benivolentia]
1461 2760 1511 2792 Ex

814 2801 882 2833 Erf.
899 2808 960 2833 cst.
1006 2802 1114 2842 Vulgo
1126 2803 1183 2833 sed
1193 2804 1224 2832 Ιι.
1237 2803 1496 2835 benit-oIenciam.
