1812 3147
262 102 340 140 790
854 100 1104 139 ORATIO

204 218 253 252 54
268 209 387 256 parte
412 200 565 253 Italiae,
584 217 680 258 quae
700 204 889 244 maxime
910 220 960 246 ea
981 204 1224 261 suspicione
1246 206 1398 247 caruit.
1454 208 1571 254 Quid
1591 209 1700 265 ergo‘

266 259 443 310 indicat,
466 270 540 300 aut
563 260 666 314 quid
690 260 827 310 affert,
849 272 924 301 aut
945 262 1036 316 ipse
1068 262 1306 313 Cornelius,
1326 272 1400 303 aut
1433 279 1520 316 vos,
1543 267 1615 319 qui
1640 268 1696 307 ab

266 330 318 356 eo
346 315 439 358 haee
466 318 665 358 mandata
694 316 896 359 defertis?
949 318 1219 360 Gladiatores
1249 330 1386 360 emtos
1418 335 1523 372 esse,
1549 322 1695 364 Fausti

218 380 251 412 b.
267 373 552 424 simulatione,
575 374 627 415 ad
651 375 813 415 caedem
835 389 884 415 ac
909 376 1154 416 tumultum.
1207 376 1274 417 Ita
1296 391 1488 432 prorsus:
1513 379 1698 420 65inter-

266 430 395 485 positi
430 442 529 472 sunt
552 431 823 486 gladiatores,
846 446 952 485 quos
976 441 1232 473 testamento
1256 434 1386 488 patris
1411 436 1602 476 videmus
1624 436 1698 477 de-

265 488 370 528 beri.
402 487 640 543 66Arrepta
661 498 726 528 est
749 488 935 528 familia:
967 504 1064 544 quae
1088 489 1120 529 si
1144 498 1254 530 esset
1275 492 1575 546 praetermissa,
1599 508 1698 548 pos-

265 554 329 584 set
362 544 444 585 alia
475 545 638 585 fainilia
669 544 814 585 Fausti
853 559 1006 586 munus
1047 547 1250 601 praebere.
1314 548 1490 588 Utinam
1522 550 1696 604 quidem

263 599 358 642 haec
402 602 494 657 ipsa
535 616 619 642 non
663 602 793 642 modo
837 602 1080 656 iniquorum
1122 603 1310 652 invidiae,
1353 605 1425 645 sed
1466 616 1509 646 et
1550 622 1697 661 oequo-

264 672 359 698 rum
400 658 714 714 exspectationi
747 658 991 699 satisfacere
1033 661 1200 715 posset!
1255 659 1538 716 Properatum
1569 663 1697 704 vehe-

264 726 443 766 menter,
474 730 570 756 cum
610 715 736 771 longe
765 726 932 771 tempus
965 718 1152 758 muneris
1185 716 1365 757 abesset.
1428 718 1563 765 Quasi
1594 734 1696 761 vero

265 782 434 828 tempus
485 772 613 813 dandi
657 773 842 813 muneris
889 786 975 812 non
1024 773 1144 815 valde
1185 774 1565 830 appropinquaret.
1615 791 1694 818 nee

265 831 470 885 opinante
514 829 688 879 Fausto,
724 843 822 870 cum
861 829 896 869 is
934 844 1072 884 neque
1107 831 1248 880 sciret,
1287 845 1424 886 neque
1457 832 1598 884 vellet,
1629 833 1693 874 fa-

203 893 252 928 55
266 887 383 927 milia
405 896 469 927 est
490 895 752 942 comparata.
813 885 873 926 At
904 886 1056 928 littera:
1087 897 1186 928 sunt
1212 887 1372 939 Fausti,
1396 903 1469 944 per
1491 905 1594 945 quas
1626 890 1696 931 ille

265 944 463 1007 precibus
498 959 522 984 a
554 943 604 984 P.
639 943 756 983 Sulla
785 943 907 998 petit,
938 954 984 984 ut
1016 954 1131 985 emat
1163 944 1434 1000 gladiatoreS‚
1465 956 1508 987 et
1541 957 1586 988 ut
1618 947 1700 988 hos

263 1015 379 1056 ipsos
402 1011 540 1051 emat3
571 1014 706 1055 neque
737 1002 870 1041 solum
897 1001 948 1040 ad
977 1001 1137 1042 Sullam
1162 1002 1317 1052 missae,
1340 1003 1410 1043 sed
1436 1004 1487 1044 ad
1517 1003 1565 1044 L.
1598 1004 1697 1046 Cae-

262 1071 413 1108 sarem,
443 1057 804 1113 (QVPompeium,
838 1057 889 1097 C.
919 1057 1197 1099 Memmium:
1231 1073 1413 1113 quorum
1445 1059 1497 1100 de
1528 1072 1697 1102 senten-

263 1115 322 1154 tia
347 1124 436 1156 tota
457 1129 518 1155 res
542 1124 662 1169 gesta
683 1124 761 1155 est.
820 1113 880 1154 At
900 1114 1074 1170 praefuit
1096 1115 1270 1156 familiae
1296 1114 1536 1158 Cornelius.
1594 1118 1695 1160 Jam

262 1172 294 1212 si
330 1172 369 1212 in
394 1172 683 1226 comparanda
714 1171 876 1212 familia
900 1172 1087 1228 suspicio
1109 1184 1172 1214 est
1196 1173 1330 1214 nulla:
1365 1174 1480 1228 quod
1507 1175 1696 1230 praefuit,

262 1228 367 1269 nihil
391 1229 442 1269 acl
467 1244 552 1269 rem
577 1230 776 1283 pertinet.
837 1230 919 1270 Sed
941 1238 1082 1270 tamen
1110 1245 1284 1270 munere
1310 1230 1448 1271 servili
1472 1232 1632 1274 obtulit
1653 1247 1697 1274 se

261 1286 314 1326 ad
338 1285 591 1326 ferramenta
616 1285 929 1341 prospicienda.
959 1287 1132 1342 praefuit
1154 1302 1252 1327 vero
1273 1302 1530 1342 numquam3
1560 1304 1696 1345 eaque

262 1357 326 1383 res
349 1358 423 1398 per
444 1342 625 1384 Balbum
647 1342 789 1383 Fausti
811 1343 1025 1395 libertum,
1045 1344 1162 1385 omni
1186 1354 1379 1400 tempore
1400 1345 1699 1388 administrata

261 1409 338 1439 est.

177 1453 248 1503 (ΖΟ
317 1456 377 1496 At
408 1455 522 1496 enim
556 1455 731 1497 Cincius
765 1467 829 1498 est
861 1458 915 1498 ab
951 1457 1035 1499 hoc
1074 1458 1117 1498 in
1157 1457 1402 1499 ulteriorem
1437 1458 1695 1515 Hispaniam

198 1525 246 1557 56
261 1514 427 1562 missus,
450 1522 496 1553 ut
519 1528 610 1553 eam
643 1514 907 1568 provinciam
938 1516 1221 1571 perturbaret.
1284 1515 1476 1557 Primum
1501 1516 1695 1569 Cincius,

251 1570 437 1623 judiees,
474 1570 521 1610 L.
545 1571 678 1621 Aulio,
711 1570 762 1611 C.
789 1571 956 1628 Figulo,
979 1572 1240 1622 consulibus,
1275 1572 1491 1628 profectus
1523 1584 1588 1614 est
1617 1575 1693 1615 ali-

257 1637 420 1682 quanto
450 1638 548 1668 aute
580 1628 767 1668 furorem
797 1628 1014 1682 Catilinae,
1039 1639 1082 1670 et
1112 1639 1210 1669 ante
1241 1630 1529 1685 suspicionem
1566 1631 1694 1686 hujus

257 1684 593 1739 conjurationis:
625 1685 778 1726 deinde
807 1696 870 1726 est
902 1687 1119 1742 profectus
1152 1701 1237 1726 non
1264 1696 1354 1727 tum
1390 1688 1589 1743 primum,
1621 1689 1694 1730 sed

256 1757 353 1782 cum
382 1743 423 1782 in
459 1742 604 1782 iisdem
638 1742 743 1782 locis
774 1743 994 1798 aliquanto
1017 1754 1115 1784 ante
1137 1744 1284 1784 cadem
1307 1744 1360 1785 de
1382 1760 1509 1786 causa
1531 1745 1694 1800 aliquot

254 1814 388 1839 annos
420 1798 582 1839 suisset.
617 1814 667 1840 ae
703 1799 920 1856 profectus
951 1810 1016 1841 est
1047 1816 1130 1841 non
1165 1802 1294 1842 modo
1325 1803 1381 1843 ob
1403 1817 1590 1853 causam,
1623 1804 1694 1843 sed

254 1857 384 1897 etiam
408 1856 687 1897 necessariam
710 1872 896 1908 eausam,
920 1872 1077 1914 magna
1099 1858 1263 1899 ratione
1285 1874 1382 1900 cum
1416 1859 1695 1901 Mauritania)

255 1928 353 1969 rege
394 1923 630 1955 contracta.
688 1913 798 1954 Tum
840 1923 999 1965 autem,
1033 1915 1103 1955 illo
1145 1915 1352 1970 profecto,
1387 1916 1504 1957 Sulla
1543 1931 1696 1971 procu-

122 1987 153 2017 p.
175 1980 241 2011 173.
257 1981 374 2011 rante
396 1971 487 2025 ejus
512 1985 598 2011 rein
622 1979 665 2011 et
687 1982 875 2027 gerente,
898 1972 1090 2027 plurimis
1114 1982 1156 2012 et
1186 1973 1481 2027 pulcherrimis
1516 1973 1565 2014 P.
1590 1974 1695 2015 Cin-

211 2028 309 2068 ²²·cii
342 2028 514 2083 praediis
548 2028 747 2078 venditis,
776 2044 834 2069 aes
867 2029 1051 2070 alienum
1086 2029 1278 2084 ejusdem
1315 2030 1567 2071 dissolutum
1601 2041 1691 2073 est:

256 2093 316 2135 ut,
339 2087 376 2118 67
392 2100 487 2139 qum
515 2101 642 2125 causa
663 2096 826 2126 ceteros
854 2087 907 2127 ad
939 2086 1105 2128 facinus
1138 2086 1324 2142 impulit,
1347 2088 1559 2144 cupiditas
1592 2088 1691 2128 reti-

253 2142 404 2182 nendae
440 2142 731 2197 possessionis,
753 2158 804 2184 ea
826 2142 980 2184 Cincio
1011 2159 1097 2185 non
1130 2143 1272 2194 fuerit,
1304 2145 1476 2201 praediis
1499 2144 1695 2185 deminu-

191 2207 241 2246 57
256 2199 322 2239 tis.
382 2199 481 2240 Jam
516 2214 614 2240 vero
652 2199 755 2241 illud
789 2215 917 2256 quam
957 2201 1233 2242 incredibile?
1265 2216 1393 2256 quam
1431 2202 1691 2243 absurdum?

251 2257 322 2311 qui
350 2255 504 2297 Romae
527 2257 689 2297 eaedem
713 2257 866 2309 facere,
888 2258 961 2313 qui
994 2258 1105 2299 hane
1137 2258 1288 2299 urbem
1320 2259 1585 2299 inflammare
1608 2259 1694 2299 vel-

250 2313 322 2362 let,
345 2327 440 2353 eum
466 2313 843 2356 familiarissimum
875 2330 997 2355 suum
1020 2315 1236 2356 dimittere
1267 2316 1321 2356 ab
1353 2330 1396 2356 se
1417 2326 1461 2356 et
1491 2316 1693 2356 mandare

251 2371 291 2410 in
318 2370 487 2410 ultimas
511 2374 669 2412 terras?
701 2381 843 2413 utrum
869 2387 955 2427 quo
978 2372 1144 2414 facilius
1178 2372 1331 2413 Romae
1354 2387 1418 2423 ea,
1442 2387 1539 2428 quae
1563 2387 1693 2414 eona-

249 2428 390 2477 batur,
413 2428 614 2478 efficeret,
636 2428 675 2458 68
691 2429 723 2470 si
747 2430 789 2470 in
812 2429 1026 2486 Hispania
1047 2430 1266 2471 turbatum
1287 2432 1424 2471 esset?
1456 2430 1496 2464 b'9
1509 2429 1569 2470 At
1597 2430 1691 2471 haec

292 2541 331 2571 65
356 2542 532 2581 interpositi
545 2551 569 2571 s.
584 2541 647 2580 gL]
666 2552 695 2571 v.
710 2542 801 2572 clav.
992 2548 1105 2581 gatum
1122 2544 1204 2574 bene
1219 2542 1340 2579 habet3
1363 2542 1388 2571 si
1413 2552 1470 2582 per
1489 2553 1564 2573 eum
1581 2547 1692 2574 motus

292 2583 332 2613 66
354 2584 498 2622 Arrepta
522 2583 728 2623 estsamz'lia]
759 2585 886 2624 Nempe
903 2584 948 2614 se·
993 2586 1026 2615 in
1044 2585 1204 2626 Hispania
1219 2585 1374 2615 concitati
1389 2590 1507 2614 essent.

248 2625 373 2655 stinata
400 2626 501 2656 5111}ae
530 2626 673 2656 emtione
716 2636 772 2667 per
807 2627 947 2666 speciem
1034 2628 1074 2662 69
1097 2629 1141 2658 Ac
1171 2629 1236 2657 haec
1265 2626 1577 2666 ipsa—agebantur]
1609 2627 1692 2658 Hoec

251 2669 405 2697 muneris.
990 2670 1074 2708 ipsa,
1099 2680 1142 2699 se.
1164 2678 1237 2708 quae
1259 2669 1374 2700 Romae
1396 2669 1588 2704 conabatur,
1612 2678 1690 2708 age-

289 2710 325 2744 6:
344 2720 413 2748 [μαῖ’
428 2719 527 2739 causa
542 2709 673 2749 ceteros]
692 2720 722 2739 ν.
739 2709 836 2740 Catil.
854 2710 898 2746 ll,
914 2714 942 2739 8.
988 2712 1109 2743 bantur
1127 2721 1190 2751 per
1211 2721 1244 2741 se
1266 2722 1291 2741 s.
1310 2720 1336 2740 c.
1360 2711 1426 2750 ipse
1449 2711 1536 2740 solus
1559 2715 1691 2750 poterat

288 2753 327 2781 δή
351 2753 377 2781 sc·
403 2753 436 2781 in
461 2752 628 2792 Hispania
654 2753 823 2782 turianum
847 2752 940 2790 esset]
988 2754 1106 2789 facere,
1130 2754 1200 2783 sine
1226 2753 1313 2784 socio
1330 2753 1456 2788 Cincio,
1473 2762 1532 2783 nec
1555 2762 1593 2782 eo
1608 2762 1689 2793 opus

247 2793 326 2824 us„
350 2795 480 2832 qnidam
504 2796 590 2829 isset,
614 2805 698 2833 quon
723 2794 829 2834 placet
847 2794 940 2824 valde
988 2795 1139 2826 habebat.
1184 2795 1243 2825 Est
1258 2796 1397 2833 objectio
1410 2795 1584 2834 Torquati.
1620 2795 1687 2826 Ne-

249 2835 420 2870 Lambino,
441 2837 610 2867 intellecto
631 2837 767 2866 (ineius.
812 2835 875 2867 sed
897 2837 944 2866 ita
987 2838 1065 2873 seio,
1089 2847 1186 2877 quare
1212 2838 1246 2867 in
1274 2838 1335 2868 hoc
1357 2838 1427 2868 loco
1450 2837 1582 2868 haeserit
1599 2838 1689 2872 Grae·

245 2879 343 2908 etiam
362 2879 562 2919 IIzkrpcrrte'am
578 2879 674 2910 scribi
689 2878 832 2910 deberet.
863 2878 943 2909 Vul-
988 2880 1069 2914 vius,
1085 2888 1119 2911 et
1134 2889 1209 2913 euni
1227 2885 1418 2920 corruptum
1435 2879 1573 2920 putarit.
