1785 3185
308 93 405 129 {3¹22

883 90 1131 130 ORATIO

304 193 365 234 ita
386 192 565 246 tulisset,
587 194 703 250 pacis
722 200 765 234 et
786 192 984 236 foederis:
1007 194 1079 236 hic
1102 203 1240 236 vester
1260 194 1396 236 hostis
1418 196 1600 237 ves'tram
1622 196 1730 237 rem-
1772 193 1774 206 '

304 250 521 306 publicam
559 261 796 308 oppugnat,
828 252 918 308 ipse
950 252 1079 293 habet
1110 252 1293 294 nullam:
1337 262 1544 303 senatum,
1577 254 1619 294 id
1650 264 1728 305 est,
1772 265 1776 306 2:

303 307 419 348 orbis
451 316 572 349 terrae
604 308 843 359 eonsilium,
875 308 1013 350 delere
1043 310 1187 364 gestit,
1219 310 1309 365 ipse
1339 307 1562 351 consilium
1588 310 1728 366 publi-
1773 312 1777 363 “;

303 378 402 405 cum
434 364 594 406 nullum
622 365 773 407 habet:
806 366 1001 407 aerarium
1026 376 1210 406 vestrum
1242 366 1456 416 exhausit,
1488 381 1610 407 suum
1640 381 1726 407 non

304 420 448 463 habet.
480 436 578 463 nam
608 422 884 463 concordiam
917 422 1075 463 civium
1097 423 1169 476 qui
1201 422 1357 463 habere
1386 433 1543 479 potest,
1568 423 1726 464 nullam
1774 441 1778 472 ';

303 479 375 533 qui
399 478 554 520 habeat
575 479 822 520 civitatem?
854 476 971 534 pa'cis
993 492 1092 518 vero
1125 493 1219 532 quae

1251 489 1392 535 potest
1422 494 1512 520 csse
1545 495 1642 520 cum
1673 494 1726 521 eo
1775 487 1779 516 ’ἲ

238 546 284 582 15
303 535 425 587 ratio,
458 536 500 576 in
533 550 619 591 quo
640 543 705 576 est
726 534 986 576 incredibilis
1019 534 1259 586 crudelitas,
1292 536 1394 576 fides
1426 537 1562 578 nulla?
1593 540 1633 566 30
1648 535 1726 578 Est
1776 583 1779 589 ἱ

301 593 434 648 igitur
454 592 614 649 populo
639 591 837 632 Romano
863 592 1013 641 victori
1037 593 1229 632 omnium
1252 593 1460 647 gentium,
1483 607 1610 634 omne
1635 607 1725 634 cer-

298 660 439 690 tamen
461 664 559 690 cum
585 663 843 703 percussore,
865 663 963 689 cum
986 647 1162 697 latrone,
1189 663 1287 688 cum
1310 649 1531 705 Spartaco.

1592 650 1721 700 Nam,

294 707 409 762 quod
432 721 476 747 se
499 705 679 746 similem
700 719 790 745 esse
814 705 1013 746 Catilinae
1045 704 1215 761 gloriari
1239 705 1367 746 solet:
1411 708 1444 736 3¹
1467 705 1621 747 scelere
1649 721 1725 762 par
1779 708 1782 718 “

295 772 359 803 est
382 763 454 814 illi,
478 762 685 804 industria
705 761 894 803 inferior.

957 761 1046 812 Ille,
1070 777 1165 803 cum
1197 763 1435 803 exercitum
1458 763 1620 804 nullum
1643 764 1721 804 ha-

295 820 430 869 beret,
453 830 626 875 repente
648 820 874 860 conflavit:
897 819 966 860 hic
988 822 1027 849 32
1041 833 1137 860 eum
1161 819 1298 874 ipsum
1319 820 1572 870 exercitum,
1595 835 1722 874 quem

295 875 497 927 habebat,
519 875 676 917 amisit.

736 876 797 917 Ut
819 876 950 932 igitur
973 875 1203 917 Catilinam
1227 876 1452 932 diligentia
1472 891 1580 927 mea,
1603 891 1723 918 sena·
1781 917 1785 931 Ἰ

297 945 363 974 tus
380 934 651 984 auctoritate,
671 941 811 973 vestro
829 933 969 974 studio
988 944 1030 973 et
1055 934 1210 974 virtute
1232 933 1443 989 fregistis:
1467 934 1528 974 sic
1541 934 1721 975 Antonii

295 990 505 1031 nefarium
541 990 811 1031 latrocinium
843 999 981 1031 vestra
1013 1005 1110 1030 cum
1145 1000 1291 1030 senatu
1325 991 1555 1032 concordia
1585 1000 1719 1042 tanta,

295 1056 456 1102 quanta
477 1061 710 1102 numquam
743 1047 839 1098 fuit,
864 1046 1068 1088 felicitate
1097 1056 1140 1088 et
1162 1047 1320 1087 virtute
1342 1048 1609 1089 exercituum
1642 1048 1721 1088 du-

295 1118 480 1158 cumque
519 1114 772 1156 vestrorum,
822 1104 939 1145 brevi
992 1116 1184 1160 tempore
1223 1119 1473 1160 oppressum
1522 1105 1720 1147 audietis.

234 1172 280 1206 16
298 1160 524 1216 Equidem,
555 1172 762 1216 quantum
797 1176 912 1211 cura,
935 1160 1093 1212 labore,
1124 1160 1296 1216 vigiliis,
1326 1162 1594 1213 auctoritate,
1617 1177 1719 1203 con-

295 1217 405 1268 silio,
426 1217 532 1259 eniti
564 1228 692 1274 atque
715 1218 883 1259 efficere
914 1228 1079 1274 potero,
1102 1218 1206 1258 nihil
1240 1219 1579 1274 praetermittam‚
1601 1220 1716 1274 quod

292 1276 345 1317 ad
373 1274 614 1317 libertatem
637 1285 819 1316 vestram
849 1276 1061 1331 pertinere
1093 1276 1346 1316 arbitrabor.
1377 1279 1417 1307 33
1436 1290 1574 1331 neque
1601 1277 1717 1317 enim

290 1332 334 1374 id
365 1346 443 1388 pro
474 1333 623 1374 vestris
652 1332 924 1389 amplissimis
947 1333 988 1373 in
1020 1347 1088 1373 mc
1118 1332 1335 1373 beneficiis
1365 1333 1456 1373 sine
1478 1332 1632 1374 scelere
1654 1333 1716 1374 fa-

289 1404 385 1432 cere
418 1405 606 1445 possum.
637 1390 845 1431 hodierno
879 1398 1022 1431 autem
1053 1389 1121 1430 die
1152 1390 1353 1445 primum,
1384 1390 1592 1431 referente
1623 1390 1715 1431 viro

289 1445 525 1488 fortissimo
546 1447 754 1502 vobisque
782 1446 1056 1497 amicissimo,
1088 1445 1154 1487 M.
1177 1446 1259 1487 hoc
1291 1446 1487 1497 Servilio,
1519 1446 1717 1503 collegis-

287 1517 371 1559 que
402 1504 509 1559 ejuS‚
542 1504 823 1546 ornatissimis
858 1504 974 1554 viris,
1004 1503 1179 1560 optimis
1211 1504 1393 1555 civibus,
1424 1503 1554 1560 longo
1586 1505 1716 1545 inter-

286 1561 412 1611 vallo,
444 1576 513 1603 me
546 1571 721 1603 auctore
753 1570 796 1602 et
831 1561 1039 1618 principe,
1078 1561 1131 1602 ad
1164 1575 1283 1617 spem
1314 1561 1523 1602 libertatis
1553 1562 1715 1602 exarsi-

283 1633 394 1660 mUS·

323 1734 365 1763 30
388 1730 453 1762 Est
465 1733 572 1771 igitur
581 1741 657 1773 pop.
674 1731 784 1771 Rom]
805 1730 976 1763 MSS-vat.

281 1780 315 1805 et
338 1773 407 1810 alii,
429 1774 528 1805 etiam
553 1775 619 1806 Gu.
643 1774 681 1805 L.
706 1774 751 1804 H.
773 1779 808 1804 et
829 1774 902 1805 edd.
926 1783 974 1814 pr.

282 1817 348 1849 Est
362 1817 468 1854 igitur
480 1817 630 1858 ,Quivites
639 1827 712 1857 pop.
730 1816 826 1847 Rom.
841 1815 926 1846 unde
942 1821 976 1847 et

282 1858 427 1889 restituit
443 1860 600 1890 Graevius.
613 1858 696 1890 mihi
713 1859 771 1889 illa
784 1859 975 1899 conjunctio

282 1901 431 1942 Quirites
444 1911 518 1931 cum
530 1903 649 1942 populo
662 1901 757 1932 Rom.
773 1910 840 1931 non
855 1900 973 1941 placet.

281 1943 361 1973 Mox
378 1953 436 1982 pro
451 1954 620 1974 excursare
633 1943 704 1974 dedi
717 1953 914 1983 percussore,
935 1948 974 1974 ut

282 1985 428 2016 Graevius
443 1996 460 2015 e
479 1986 622 2025 vestigiis
639 1985 702 2016 Ms.
718 1986 825 2016 Vatic.

321 2029 359 2059 31
386 2029 502 2058 scelere
513 2038 578 2067 par
587 2033 630 2059 ese
643 2029 705 2064 illi,
716 2028 880 2059 industria
891 2026 969 2067 ἱηίῖ]

280 2070 333 2099 Sic
348 2069 432 2100 edidi
453 2081 470 2100 e
487 2070 564 2101 Vat.
585 2080 659 2100 cum
686 2070 811 2101 Faerno
832 2076 865 2100 et
888 2069 972 2107 aliis,

278 2121 338 2150 pro
353 2122 378 2141 ε.
391 2121 425 2151 p.
439 2116 496 2148 est,
510 2114 583 2143 belli
598 2113 664 2143 ind.
678 2112 739 2151 inf.
766 2112 972 2144 Indulsi-riam

279 2154 313 2182 in
329 2154 473 2185 Catilina
487 2155 600 2185 laudat
622 2159 655 2185 et
671 2155 747 2186 alibi
763 2156 896 2192 Cicero3
916 2155 972 2185 sed

278 2205 317 2227 ea
331 2197 477 2228 cernitur
500 2197 535 2228 in
560 2197 692 2238 agendis
715 2197 808 2229 rebus
829 2196 971 2228 maxime

1020 1730 1180 1767 civilibus,
1209 1741 1275 1762 non
1302 1732 1337 1762 in
1367 1730 1460 1762 bellis
1490 1731 1652 1771 gerendis.
1679 1742 1711 1763 v.

1020 1773 1111 1805 Clav.
1128 1774 1161 1803 in
1177 1773 1210 1804 h.
1227 1785 1256 1804 v.

1060 1818 1100 1847 32
1122 1825 1195 1846 eum
1218 1817 1324 1855 ipsum
1347 1815 1538 1855 exercitum]
1565 1815 1712 1846 Graevius

1019 1858 1136 1889 delevit
1153 1859 1269 1896 ipsum.
1296 1858 1406 1888 malim
1431 1860 1609 1888 exercitum
1625 1858 1711 1888 dele-

1017 1899 1187 1931 ri.‹1einde
1211 1911 1270 1940 pro
1285 1902 1404 1940 accepit
1430 1900 1493 1931 Ms.
1520 1900 1629 1940 Huyd.
1652 1901 1711 1931 ha-

1017 1943 1071 1972 bet
1099 1943 1252 1973 habebat:
1275 1943 1361 1982 quod
1390 1943 1530 1983 recipere
1555 1951 1620 1972 non
1649 1943 1707 1973 du-

1016 1985 1127 2015 bitavi.
1144 1986 1285 2025 primum
1301 1985 1438 2016 debebat
1451 1994 1531 2021 esse,
1545 1994 1639 2024 quem
1653 1995 1709 2015 ac-

1015 2032 1155 2066 ceperat.
1195 2027 1309 2057 deinde
1346 2028 1482 2057 habebat
1511 2027 1626 2057 melius
1658 2037 1708 2057 re-

1015 2069 1154 2110 spondet
1181 2069 1357 2111 superiori:
1393 2079 1467 2099 cum
1492 2071 1620 2099 nullum
1650 2070 1709 2099 ha-

1016 2113 1112 2141 beret.

1056 2157 1095 2184 33
1119 2164 1220 2194 vaeque
1241 2155 1326 2185 enim
1348 2154 1397 2194 id]
1421 2154 1484 2185 Ms.
1508 2153 1618 2194 Huyd.
1642 2162 1710 2183 non

1013 2195 1111 2227 habet
1128 2197 1173 2228 id.
