1785 3185
235 63 354 97 ‘121⁸
838 65 1086 105 ORATIO

251 177 338 205 non
362 164 556 208 habebit.
617 168 712 211 Erit
737 170 848 211 inter
867 185 940 212 eos
961 172 1109 223 etiam,
1129 172 1202 227 qui
1225 180 1467 222 nascentur,
1490 172 1601 213 sicut
1623 172 1692 214 in-

253 230 317 261 ter
340 237 416 262 nos
442 223 539 275 fuit,
563 239 720 283 magua
740 227 964 279 dissensio,
986 244 1082 270 cum
1116 229 1186 270 alii
1218 229 1414 270 laudibus
1448 229 1501 270 ad
1523 229 1685 271 coelum

252 292 318 319 res
342 288 436 321 tuas
458 291 599 337 gestas
621 284 813 335 efferent,
831 285 898 325 alii
925 285 1103 327 fortasse
1125 286 1286 341 aliquid
1305 286 1533 340 requirent,
1555 287 1685 340 idque

252 335 319 399 vel
342 339 596 391 maximum,
621 342 699 381 nisi
726 342 821 382 belli
845 342 982 383 civilis
1002 344 1246 384 incendium
1274 344 1410 384 salute
1441 342 1590 398 patriae
1622 357 1688 382 rc-

250 395 483 456 stinxeris;
517 407 563 437 ut
595 398 696 439 illud
729 399 805 439 fati
833 398 962 440 fuisse
986 401 1192 450 videatur,
1216 401 1298 441 hoc
1321 400 1503 441 consilii.
1566 399 1685 440 Servi

253 460 389 506 Igitur
408 453 459 493 iis
481 454 611 495 etiarn
627 455 864 509 judicibus,
886 457 957 510 qui
981 457 1127 497 multis
1152 467 1246 513 post
1277 457 1444 498 saeculis
1466 457 1518 498 de
1549 466 1591 497 te
1614 456 1690 511 ju-

254 506 477 561 dicabunt,
499 522 543 551 et
565 512 738 566 quidem
761 512 873 552 haud
897 513 1000 562 scio,
1022 528 1074 553 an
1107 514 1410 569 incorruptius,
1433 528 1560 569 quam
1592 528 1685 554 nos.

255 578 356 606 narn
377 576 421 607 et
441 568 532 608 sine
554 583 698 609 amore
720 578 762 608 et
790 569 880 609 siue
901 570 1152 625 cupiditate,
1174 581 1216 612 et
1237 584 1380 611 rursus
1411 572 1500 611 sinc
1521 570 1622 611 odio
1644 578 1688 611 et

195 622 349 666 zosine
380 623 834 679 invidiajudicabunt‚
896 625 946 667 Id
977 637 1120 668 autem
1143 627 1309 668 etiamsi
1343 637 1445 668 tunc
1475 627 1527 667 ad
1550 636 1607 678 te,
1638 636 1686 668 ut

258 679 432 734 quidam
465 681 570 722 falso
595 693 763 738 putant,
795 697 879 723 non
912 685 1169 739 pertinebit:
1203 698 1315 725 nunc
1337 694 1451 724 certe
1488 684 1688 738 pertinet,

257 749 350 777 esse
372 746 413 778 te
436 738 576 789 talem,
602 748 646 780 ut
672 749 764 780 tuas
795 739 938 781 laudes
961 742 1240 782 obscuratura
1262 740 1376 781 nulla
1397 755 1601 795 umquam
1631 741 1687 781 sit

180 791 435 841 100blivi0.
497 795 691 838 Diversae
724 797 965 839 voluntates
986 798 1146 840 civium
1176 798 1365 848 fuerunt,
1385 798 1689 853 distractaeque

259 853 497 893 sententiae.
532 867 618 894 non
647 855 762 895 enim
792 855 982 896 consiliis
1012 855 1164 907 solum,
1185 866 1229 896 et
1259 855 1425 905 studiis,
1455 855 1529 895 sed
1561 854 1689 896 armis

258 907 403 960 etiam,
424 918 468 950 et
497 912 647 951 castris
668 911 993 953 dissidebamus.
1020 924 1111 954 crat
1143 924 1284 954 autem
1308 912 1546 953 obscuritas
1568 926 1688 967 quae-

123 982 155 1014 p.
175 974 245 1004 136.
258 963 381 1007 dam:
413 977 503 1007 erat
527 977 743 1009 certamen
774 968 884 1010 inter
904 969 1160 1011 clarissimos
1181 971 1337 1012 duces:
1368 969 1492 1010 multi
1514 968 1687 1010 dubita-

212 1027 243 1047 ὃ·
259 1021 378 1073 bant,
399 1023 501 1078 quid
524 1025 738 1081 optimum
760 1037 894 1078 esset3
917 1027 1056 1077 multi,
1078 1028 1179 1082 quid
1203 1028 1282 1068 sibi
1307 1027 1555 1082 expediret3
1576 1025 1686 1067 mul-

192 1089 240 1123 31
259 1079 306 1129 ti,
335 1080 438 1134 quid
469 1081 664 1134 deceret3
695 1083 888 1124 nonnulli
917 1084 1062 1134 etiam,
1095 1085 1196 1140 quid
1231 1085 1391 1126 liceret.
1453 1083 1688 1125 Perfuncta

254 1137 499 1192 respublica
517 1150 582 1180 est
604 1140 687 1182 hoc
708 1140 878 1192 misero,
901 1140 1106 1196 fatalique
1138 1141 1272 1183 bello:
1306 1142 1410 1183 vicit
1431 1141 1481 1192 is,
1503 1140 1576 1196 qui
1598 1155 1687 1181 non

253 1191 429 1235 fortuna
450 1195 736 1240 inflammaret
756 1198 904 1239 odium
927 1212 1064 1250 suum,
1088 1199 1159 1240 scd
1184 1198 1377 1240 bonitate
1399 1198 1574 1240 leniret:
1605 1211 1686 1238 nec

253 1250 326 1304 qui
358 1266 521 1304 omneS,
553 1254 709 1310 quibus
742 1255 873 1297 iratus
903 1265 1027 1305 esset,
1058 1256 1230 1297 cosdem
1262 1256 1391 1296 etiarn
1421 1254 1574 1295 exsilio
1611 1264 1687 1295 aut

251 1317 392 1349 morte
421 1310 576 1366 dignos
602 1311 834 1366 judicaret.
887 1312 1026 1353 ·Arma
1055 1314 1161 1354 41ab
1191 1313 1284 1354 aliis
1318 1311 1472 1368 posita,
1504 1312 1558 1352 ab
1591 1311 1685 1352 aliis

253 1374 400 1420 erepta
421 1378 535 1409 sunt.
597 1369 798 1426 Ingratus
828 1380 893 1411 est
923 1370 1193 1426 injustasque
1222 1370 1344 1420 civis,
1365 1370 1438 1425 qui
1469 1383 1685 1409 armorum

253 1423 443 1476 periculo
464 1424 680 1477 liberatus,
712 1427 902 1468 animuin
935 1436 1076 1468 tamen
1101 1428 1255 1468 retinet
1285 1437 1520 1467 armatum:
1552 1435 1601 1467 ut
1621 1436 1685 1466 et-

253 1479 339 1520 iam
364 1479 431 1522 ille
453 1482 508 1523 sit
528 1484 693 1534 melior,
715 1485 787 1539 qui
812 1485 854 1525 in
879 1484 970 1526 acie
992 1485 1163 1533 cecidit,
1187 1485 1260 1539 qui
1285 1485 1327 1524 in
1350 1498 1477 1525 causa
1497 1483 1684 1524 animam

255 1537 463 1592 profudit.
485 1554 581 1595 quae
601 1542 714 1581 enim
740 1541 974 1598 pertinacia
994 1542 1267 1597 quibusdam,
1288 1541 1435 1582 eadem
1467 1539 1560 1581 aliis
1581 1554 1684 1581 con-

192 1597 244 1635 32
257 1595 415 1636 stantia
437 1598 568 1638 videri
602 1608 757 1653 potest.
818 1599 901 1640 Sed
927 1598 1018 1654 jani
1052 1600 1194 1640 omnis
1223 1599 1360 1639 fracta
1387 1598 1595 1638 dissensio
1624 1607 1689 1638 est

235 1653 398 1704 --a1-mis,
430 1664 474 1695 et
513 1657 730 1697 exstincta
770 1656 974 1712 aequitate
1019 1656 1217 1697 victoris:
1262 1664 1406 1705 restat,
1448 1665 1495 1695 ut
1536 1668 1684 1695 omnes

251 1722 385 1751 unum
419 1711 564 1764 velint,
585 1713 659 1767 qui
692 1714 820 1754 modo
845 1713 1005 1754 habent
1034 1713 1193 1768 aliquid
1227 1727 1311 1753 nou
1347 1712 1484 1752 solum
1518 1712 1686 1767 sapien-

250 1766 339 1817 tiae,
374 1768 444 1809 sed
477 1769 605 1810 etiam
639 1770 848 1811 sanitatis.
911 1769 1004 1811 Nisi
1041 1780 1097 1821 te,
1129 1771 1179 1811 C.
1204 1769 1365 1819 Caesar,
1398 1768 1530 1820 salvo,
1559 1778 1604 1810 et
1638 1769 1682 1809 in

250 1823 333 1864 ista
356 1827 581 1877 sententia,
602 1842 687 1882 qua
709 1842 807 1867 cum
839 1839 977 1878 antea,
1001 1837 1090 1868 tuin
1116 1827 1244 1868 hodie
1269 1827 1331 1867 vel
1363 1826 1552 1866 maxime
1584 1841 1684 1866 usus

249 1895 309 1931 es,
333 1893 545 1934 manente,
569 1885 671 1925 salvi
694 1899 783 1925 csse
807 1899 890 1926 non
917 1899 1157 1940 possumus.
1194 1884 1339 1930 Quare
1361 1897 1509 1923 omncs
1531 1893 1588 1933 te,
1610 1884 1683 1938 qui

249 1938 346 1980 haec
385 1941 500 1981 salva
534 1956 624 1982 esse
659 1941 867 1992 volumus,
898 1951 941 1982 et
976 1942 1211 1992 hortamur,
1243 1951 1286 1981 ct
1318 1941 1606 1991 obsecramus,
1638 1950 1685 1981 ut

248 1995 367 2047 vitae,
399 2007 446 2037 ut
479 1998 600 2038 saluti
639 2009 724 2040 tuae
757 1998 977 2040 consulas:
1010 2013 1242 2054 omnesque
1276 1998 1370 2048 tibi,
1407 2007 1454 2037 ut
1483 2012 1559 2053 pro
1591 1996 1684 2038 aliis

246 2053 378 2094 etiam
402 2054 564 2109 loquar,
587 2056 702 2111 quod
725 2057 777 2097 dc
800 2071 866 2097 me
889 2055 979 2112 ipse
1003 2057 1156 2106 sentio,
1178 2056 1380 2111 quoniam
1406 2055 1578 2095 subesse
1607 2054 1684 2094 ali—

248 2111 351 2164 quid
385 2123 523 2167 putas‚
546 2113 661 2168 quod
684 2114 921 2154 cavendum
955 2114 1024 2163 sit,
1052 2129 1136 2154 non
1170 2113 1297 2153 modo
1319 2112 1524 2153 excubias
1547 2121 1589 2152 ct
1610 2126 1684 2151 cu-

250 2168 424 2219 stodias,
447 2171 517 2211 sed
540 2171 671 2211 etiam
689 2170 867 2212 laterum
887 2181 1128 2212 nostrorum
1149 2170 1373 2226 oppositus
1393 2179 1434 2210 et
1452 2183 1683 2224 corporum

252 2224 517 2280 pollicemur.

173 2275 195 2320 1
212 2275 235 2321 l
310 2282 408 2333 Sed,
431 2284 540 2324 unde
561 2294 626 2324 est
647 2299 757 2334 orsa,
777 2285 816 2325 iu
838 2284 989 2325 eodem
1010 2283 1260 2325 terminetur
1278 2283 1430 2323 oratio.
1463 2282 1683 2322 Maximas

189 2346 240 2379 33
255 2339 332 2379 tibi
356 2354 503 2381 omnes
530 2342 688 2397 gratias
720 2342 902 2393 agimus,
927 2343 978 2383 C.
1003 2341 1164 2390 Caesar,
1186 2339 1368 2394 majores
1389 2340 1520 2380 etiam
1550 2339 1682 2380 habe-

252 2411 361 2437 mus.
423 2397 534 2438 Nam
558 2412 705 2438 omncs
728 2394 838 2438 itlem
863 2400 1077 2449 sentiuut3
1108 2398 1221 2453 qnod
1244 2412 1297 2437 ex
1321 2397 1514 2437 omnium
1546 2397 1684 2452 preci-

252 2454 329 2495 bus
349 2463 392 2495 et
414 2455 599 2496 lacrimis
622 2456 777 2496 sentire
804 2456 997 2511 potuisti.
1017 2455 1088 2496 sed
1108 2455 1208 2510 quia
1228 2468 1310 2494 non
1331 2463 1395 2494 est
1414 2456 1456 2485 42
1469 2454 1683 2495 stantibus

249 2568 301 2598 hic
315 2567 386 2599 cdd.
404 2578 452 2608 pr.
478 2578 554 2598 nam
577 2568 616 2599 R.
640 2568 738 2598 habet
759 2569 816 2599 sed
837 2569 942 2598 sedem*
983 2568 1157 2608 scriptum
1172 2571 1205 2597 ot
1228 2567 1295 2607 ipse
1310 2568 1424 2598 (icero
1438 2567 1530 2598 Vei-r.
1547 2567 1611 2604 ΙΙΙ,
1627 2570 1684 2599 48.

246 2611 397 2649 qzcidem:
423 2611 476 2641 W.
507 2612 613 2640 sedem
638 2615 769 2640 aulem:
792 2610 944 2641 similiter
985 2611 1039 2640 ubi
1066 2610 1113 2640 nil
1137 2611 1281 2639 Graevius
1306 2610 1490 2646 admonuit,
1514 2610 1548 2640 in
1562 2610 1675 2641 Vatin-

246 2653 329 2682 aliae.
375 2653 462 2684 Med,
490 2659 601 2684 autern
633 2653 732 2683 habet
757 2653 941 2692 vulgatum,
989 2655 1036 2683 1⁸2.
1050 2663 1080 2682 ν.
1097 2657 1129 2682 et
1145 2652 1270 2682 Duker.
1286 2652 1326 2681 ad
1342 2652 1410 2683 Liv.
1428 2651 1518 2688 XLI,
1536 2655 1583 2683 14.

245 2701 282 2726 ut
299 2701 332 2725 ct
347 2694 379 2725 J.
1024 2697 1065 2726 ⁴2
1079 2694 1254 2733 stantibus]
1282 2694 1362 2724 Eud.
1385 2695 1423 2726 R.
1442 2695 1493 2724 W.
1510 2694 1557 2724 M.
1572 2694 1605 2725 J.
1621 2695 1681 2725 &c.

284 2741 320 2768 41
351 2739 392 2767 ab
416 2739 491 2768 aliis
514 2738 633 2778 posita,
662 2737 703 2767 ab
730 2737 805 2767 aliis
830 2741 940 2776 erepta
982 2737 1177 2767 astantibus.
1237 2737 1365 2766 Primus
1409 2737 1562 2775 Faernus,
1590 2736 1680 2767 dedit

240 2781 332 2819 sune]
365 2780 512 2810 Grtevius
541 2784 639 2819 negat
662 2779 726 2810 dici
755 2780 879 2819 eripere
900 2779 940 2809 ab
982 2780 1155 2816 stantibus,
1169 2779 1256 2819 quod
1277 2785 1311 2810 et
1335 2779 1456 2811 inanis
1471 2778 1550 2811 Mss.
1574 2786 1681 2821 reper-

236 2820 362 2862 “li-quo,
379 2823 540 2863 delerique
557 2822 627 2854 vult
645 2822 697 2852 ab.
713 2825 748 2854 at
761 2823 806 2853 sic
821 2821 940 2863 optimi
983 2829 1056 2853 tuni
1072 2826 1133 2853 est.
