1769 3174
255 122 333 159 994
847 120 1096 159 ORATIO

256 220 414 261 buisse.
455 235 554 262 nam
593 236 647 263 ex
691 237 843 264 novem
886 225 1085 275 tribunis,
1118 227 1258 278 'lquos
1301 230 1403 263 tunc
1445 222 1694 271 habueram,

257 292 381 328 unus,
414 291 482 318 me
510 280 699 330 absente,
733 280 931 332 defluxit,
965 283 1037 336 qui
1072 294 1313 335 cognomen
1355 279 1436 320 sibi
1472 293 1525 319 ex
1559 278 1696 319 AElio-

258 348 354 374 rum
396 334 656 391 imaginibus
699 338 892 392 arripuit,
929 354 1014 392 quo
1056 338 1193 391 magis
1232 336 1419 377 nationis
1458 336 1550 390 ejus
1591 348 1697 383 esse,

197 398 389 445 70quam
421 393 603 446 generis,
635 393 861 435 videretur.
925 395 1023 435 Hoc
1057 394 1188 448 igitur
1220 408 1347 443 anno,
1378 391 1699 448 magistratibus

261 447 385 488 novis
417 449 665 505 designatiS,
699 464 796 491 cum
831 466 976 492 omnes
1016 451 1116 491 boni
1151 465 1320 490 omnem
1358 464 1475 505 spem
1514 448 1701 489 melioris

264 514 398 545 status
421 506 464 546 in
487 521 633 547 eorum
656 507 783 547 fidem
806 509 1142 548 convertissent:
1176 507 1373 562 princeps
1407 506 1456 547 P.
1482 504 1702 555 Lentulus,

265 562 521 603 auctoritate
550 579 600 604 ac
629 565 839 604 sententia
870 580 958 613 sua,
983 564 1139 604 Pisone
1170 573 1212 602 et
1245 563 1434 604 Gabinio
1458 576 1700 618 repugnan-

156 632 185 663 Γ·
206 623 252 654 ¹9·
267 619 396 669 tibus,
418 634 587 660 causam
612 621 813 676 suscepit,
837 621 1103 675 tribunisque
1128 620 1260 675 plebis
1282 630 1382 660 octo
1405 619 1702 669 referentibus,

221 674 251 694 ³·
267 677 661 730 praestantissimam
685 677 736 717 de
756 692 822 717 me
847 679 1101 718 sententiam
1123 677 1250 717 dixit.
1306 676 1393 722 Qui
1415 690 1512 717 cum
1535 676 1587 716 ad
1610 675 1703 731 glo-

266 733 372 772 riam
404 747 537 783 suam,
576 744 703 788 atque
742 734 792 774 ad
827 734 1075 789 amplissimi
1111 733 1308 774 beneficii
1346 733 1527 788 gratiam
1563 731 1701 787 magis

267 789 480 843 pertinere
502 790 678 840 videret,
701 805 871 832 causam
896 791 1007 832 illam
1032 792 1241 845 integram
1272 791 1323 830 ad
1356 804 1476 830 suum
1507 789 1703 830 consula-

270 855 359 885 tum
381 848 597 897 reservari,
616 856 757 887 tamen
779 862 864 888 rem
890 848 1014 888 talem
1038 862 1113 902 per
1133 847 1238 888 alios
1260 847 1541 902 citius,quam
1565 860 1639 902 per
1659 859 1704 886 se

186 895 255 943 33
272 902 431 943 tardius
452 904 607 944 confici
631 904 830 945 malebat.
892 904 991 945 Hoc
1014 905 1183 944 interim
1217 913 1407 959 tempore
1441 903 1490 944 P.
1514 903 1704 952 Sextius,

206 959 449 1015 leudiceS‚
471 960 733 1016 designatus,
756 961 835 1002 iter
856 961 907 1002 ad
933 962 984 1002 C.
1005 961 1218 1002 Caesarem
1242 975 1318 1017 pro
1342 975 1436 1001 mea
1457 960 1591 1000 salute
1613 973 1704 1000 sus-

269 1016 399 1071 cepit.
460 1017 578 1063 Quid
608 1018 758 1073 egerit,
785 1028 991 1072 quantum
1025 1017 1267 1073 profecerit,
1300 1017 1406 1058 niliil
1435 1017 1487 1058 ad
1519 1030 1706 1058 causam.
1768 1064 1769 1067 Ἴ

267 1073 465 1128 equidem
496 1074 714 1125 existimo,
739 1076 803 1115 8si
828 1075 895 1117 ille
916 1080 983 1128 (ut
1013 1076 1215 1123 arbitror)
1237 1090 1383 1130 eequus
1415 1074 1539 1115 nobis
1563 1073 1707 1123 suerit,

268 1129 376 1171 nihil
398 1131 452 1170 ab
474 1130 556 1171 hoc
579 1131 819 1186 profectum
838 1148 847 1173 z
872 1132 936 1172 sin
959 1133 1120 1183 iratior,
1139 1147 1225 1172 non
1247 1131 1444 1172 multum.
1466 1131 1538 1172 sed
1562 1139 1705 1170 tamen
1767 1138 1769 1149 ¹

268 1186 537 1227 sedulitatem
560 1198 688 1243 atque
720 1189 1011 1244 integritatem
1043 1189 1230 1230 hominis
1254 1188 1420 1229 videtis.
1483 1187 1709 1243 Ingredior

261 1244 356 1299 jam
380 1244 419 1283 in
446 1245 584 1285 Sextii
609 1245 888 1287 tribunatum.
921 1261 1019 1287 nam
1047 1246 1129 1287 hoc
1151 1246 1335 1301 primum
1358 1245 1437 1286 iter
1458 1245 1706 1300 designatus

269 1300 520 1355 reipublicae
552 1316 680 1343 causa
710 1303 910 1358 suscepit.
946 1303 1157 1359 pertinere
1186 1312 1228 1343 et
1259 1302 1310 1343 ad
1342 1301 1616 1343 concordiam
1647 1300 1708 1341 ci-

271 1357 387 1397 vium
413 1358 596 1413 putavit,
614 1369 656 1398 et
680 1360 732 1400 ad
758 1360 1010 1415 perficiundi
1034 1359 1296 1409 facultatem,
1316 1359 1507 1399 animum
1525 1357 1709 1399 Caesaris

273 1429 298 1456 a
318 1429 448 1455 causa
467 1429 553 1455 non
577 1416 817 1457 abhorrere.

329 1471 455 1512 Abiit
475 1471 544 1512 ille
572 1487 723 1514 annus.
755 1474 980 1529 respirasse
1009 1473 1204 1514 homines
1228 1472 1496 1521 videbantur,
1520 1470 1711 1512 nondum

272 1541 332 1577 re,
355 1528 427 1569 sed
448 1543 521 1583 spe
552 1529 800 1585 reipublicae
832 1531 1148 1586 recuperandae.
1210 1529 1421 1570 Exierunt
1451 1528 1571 1570 malis
1602 1528 1711 1568 omi-

268 1585 395 1625 nibus
427 1594 556 1639 atque
587 1587 953 1628 exsecrationibus
985 1587 1071 1628 duo
1098 1587 1273 1627 vulturii
1306 1585 1519 1641 paludati:
1552 1585 1707 1640 quibus

270 1641 432 1682 utinam
457 1641 560 1697 ipsis
583 1645 824 1685 evenissent
846 1660 909 1694 ea,
932 1659 1028 1699 quae
1055 1652 1143 1684 tum
1175 1644 1368 1683 homines
1400 1642 1709 1698 precabantur!

270 1712 408 1752 neque
441 1714 518 1740 nos
552 1701 818 1755 provinciam
857 1701 1159 1742 ivl‘acecloniam
1198 1715 1296 1741 cum
1329 1699 1538 1749 exercitu,
1574 1711 1712 1753 neque

271 1756 510 1809 equitatum
552 1757 595 1796 in
638 1757 776 1813 Syria,
811 1769 852 1798 et
890 1758 1089 1799 cohortes
1128 1759 1327 1813 optimas,
1368 1756 1711 1812 perdidissemus.

208 1811 432 1862 72111eunt
467 1814 765 1868 magistratum
799 1815 959 1855 tribuni
1001 1815 1148 1870 plebis,
1181 1815 1254 1869 qui
1288 1828 1436 1854 omnes
1475 1828 1517 1853 se
1555 1812 1608 1853 de
1644 1826 1712 1853 me

273 1869 619 1925 promulgaturos
648 1872 966 1912 confirmarant.
1029 1871 1094 1912 Ex
1133 1872 1196 1912 liis
1231 1871 1427 1926 princeps
1464 1869 1621 1910 emitur
1658 1870 1712 1910 ab
1766 1898 1767 1903 ,

272 1926 458 1967 inimicis
479 1926 586 1967 meis
607 1928 657 1979 is,
679 1943 806 1983 quein
832 1928 1025 1969 homines
1058 1930 1100 1969 in
1133 1929 1249 1969 luctu
1282 1927 1518 1976 irridentes,
1541 1926 1712 1967 9Grac-
1765 1943 1767 1950 ¹

272 1982 402 2023 chum
427 1985 662 2026 vocabant:
695 1986 897 2039 quoniam
924 1986 965 2026 id
996 1986 1124 2026 etiam
1158 1985 1293 2025 fatum
1325 1983 1513 2024 civitatis
1545 1982 1641 2033 fuit,
1664 1991 1713 2023 ut
1764 1983 1767 2040 J

273 2039 344 2080 illa
377 2043 414 2070 ¹0
426 2055 479 2081 ex
505 2041 740 2096 vepreculis
770 2052 965 2083 extracta
996 2042 1186 2083 nitedula
1208 2041 1516 2097 rempublicam
1538 2053 1714 2081 conare·
1764 2054 1766 2059 ’

275 2103 344 2137 tur
373 2098 582 2138 arrodere.
644 2096 765 2138 Alter
797 2114 909 2149 vero,
942 2114 1026 2140 non
1060 2099 1127 2139 ille
1159 2100 1362 2139 Serranus
1385 2099 1439 2138 ab
1462 2105 1617 2147 aratro,
1640 2096 1711 2138 sed
1765 2135 1767 2137 .

274 2167 328 2194 ex
361 2153 527 2194 deserto
564 2155 723 2196 llGavi
758 2155 868 2197 Oleli
902 2157 1052 2197 horreo
1077 2156 1225 2197 calatis
1247 2155 1406 2211 granis,
1429 2155 1470 2195 in
1492 2153 1712 2195 Calatinos

318 2311 336 2321 -r

324 2323 330 2341 ι
354 2317 430 2347 quos
445 2313 522 2338 tunc·
531 2310 724 2350 habueram]
745 2316 822 2341 tunc
836 2321 900 2341 non
918 2311 975 2342 lia-

275 2349 344 2385 bet,
359 2360 423 2388 quo
438 2351 610 2382 reseratur.
635 2358 692 2382 aut
715 2353 890 2383 delendum
912 2359 973 2391 est,
1018 2361 1203 2394 corruptus.

1064 2315 1095 2342 ll
1129 2313 1212 2342 Gavi
1232 2312 1314 2342 Oleli
1329 2314 1439 2341 horreo
1454 2310 1528 2350 &c.]
1548 2311 1653 2341 Locus
1667 2314 1717 2342 est
1763 2317 1766 2341 ἶ

1257 2354 1444 2384 Perizonius
1481 2353 1514 2382 in
1552 2352 1714 2384 animadv.
1763 2355 1765 2361 '

276 2396 335 2421 aut
350 2396 427 2421 (nite
441 2391 627 2430 legendnm.

320 2436 338 2463 8
361 2435 550 2473 si—(eqmcs
575 2436 663 2465 nol-is
679 2435 805 2476 fluv-it]
837 2437 975 2467 Ursinus

278 2474 312 2504 in
343 2475 426 2505 libro
454 2482 560 2506 vetere
584 2479 703 2517 reperit
724 2478 856 2518 suerat,
881 2479 975 2518 idque

279 2517 409 2556 probat,
426 2528 492 2547 non
516 2519 609 2549 male.
628 2531 638 2548 i
652 2521 710 2549 ihil
731 2521 771 2550 ab
794 2522 850 2550 hm:
869 2521 975 2560 strqfe-

279 2562 369 2588 ctum
384 2572 392 2587 .-
417 2570 491 2589 nani
510 2571 565 2599 per
580 2571 612 2590 se
630 2572 693 2591 non
712 2563 953 2593 adversabatur.

322 2604 343 2634 9
367 2601 568 2642 Gracchum]
586 2604 647 2634 int.
661 2604 857 2634 Numerium
873 2605 976 2644 Quin-

279 2642 381 2679 tium,
404 2644 460 2682 qui
482 2645 566 2674 infra
589 2653 879 2676 commemoratur.
897 2658 927 2678 ν.
944 2652 977 2676 et

282 2683 375 2715 Clav.

328 2730 366 2757 10
389 2737 428 2756 ea·
445 2737 532 2766 vepr.
549 2733 699 2758 extracta
714 2730 875 2770 nitedula]
897 2732 978 2762 Eum

283 2777 358 2797 vum
378 2769 524 2799 nitedula
539 2776 719 2810 cuiriparztt,
736 2772 813 2809 quia
829 2772 927 2803 hunus
942 2784 979 2803 ex

283 2819 362 2847 agro
389 2812 526 2841 Romam
555 2819 686 2843 venerat
714 2820 745 2842 et
771 2814 811 2844 ad
833 2816 981 2848 tribuna-

283 2853 357 2881 tum
372 2864 381 2884 2
406 2857 455 2884 est
469 2855 557 2885 enim
574 2857 709 2895 agrestis
726 2866 812 2888 nius.

1018 2396 1093 2426 hist.
1110 2408 1137 2426 ρ.
1158 2400 1183 2427 l.
1200 2397 1334 2435 corrigit
1350 2396 1411 2425 sic:
1436 2405 1476 2425 est
1499 2395 1620 2425 deserto
1648 2395 1715 2424 (Ia-
1763 2396 1765 2398 ’

1019 2440 1062 2468 ι·ἰὶ
1084 2438 1235 2476 Capionis
1253 2438 1352 2476 (quod
1375 2447 1494 2467 nomen
1518 2437 1661 2467 occurrit
1675 2435 1715 2467 ad

1017 2480 1087 2510 Att.
1105 2480 1146 2515 V,
1164 2480 1230 2519 20.)
1250 2482 1373 2516 horreo,
1391 2481 1508 2509 calatis
1524 2479 1642 2518 granis
1660 2478 1716 2518 (ri-

1017 2522 1162 2551 diculum
1185 2533 1223 2552 cx
1247 2523 1430 2561 inopinato,
1449 2532 1506 2561 pro
1529 2521 1647 2550 calatis
1667 2529 1716 2550 co·
1762 2542 1763 2547 ,

1019 2564 1131 2602 mitiis)
1151 2565 1184 2593 in
1212 2565 1377 2594 Calatinos
1398 2564 1527 2594 duilio-v
1551 2563 1608 2592 &e.
1633 2560 1715 2592 nihil
1762 2567 1763 2570 ’

1020 2606 1136 2635 melius
1152 2606 1245 2635 fat-ile
1260 2607 1330 2643 quis
1351 2606 1479 2636 dixerit.
1524 2607 1717 2636 Ceterorum
1762 2605 1763 2609 ’

1020 2657 1132 2677 sensus
1159 2658 1226 2677 esse
1254 2648 1380 2678 videtur
1407 2648 1557 2677 Graevioz
1582 2656 1657 2676 cum
1682 2645 1717 2676 in

1021 2689 1141 2719 tabulis
1164 2691 1317 2719 censoriis
1344 2699 1463 2719 nomen
1495 2688 1586 2719 Sexti
1611 2686 1720 2719 Attilii
1760 2695 1763 2703 ·

1025 2731 1162 2761 Serrani
1185 2732 1280 2761 scribi
1297 2733 1460 2770 jussisset,
1483 2739 1602 2761 nomen
1623 2737 1718 2760 suum
1761 2754 1763 2763 ,

1022 2773 1061 2803 de
1076 2774 1188 2803 tabula
1204 2774 1477 2813 promulgationis
1489 2771 1634 2803 sustulit.
1660 2771 1721 2801 Be-

1024 2825 1075 2845 ne.
1121 2814 1244 2846 Totum
1268 2820 1317 2846 est
1340 2815 1381 2847 ad
1402 2815 1570 2846 hominem
1587 2812 1721 2845 iri-iden-
1761 2838 1763 2841 .

1024 2857 1115 2888 dum.
