1785 3185
287 131 384 166 1154
877 122 1124 164 ORATIO

284 240 364 281 est,
388 229 503 286 quod
526 229 695 271 invites.
718 230 936 271 admoneri
957 244 1026 271 me
1048 230 1178 270 satius
1212 236 1290 271 est.
1312 228 1611 272 Gssadmonebit
1639 246 1714 273 au-

286 299 374 328 tem
398 302 524 329 nemo
544 287 665 338 alius,
687 288 767 328 nisi
790 287 1036 342 reipublicae
1057 298 1249 343 tempus:
1281 287 1395 342 quod
1415 287 1518 329 mihi
1539 288 1714 344 quidem

289 346 427 400 magis
461 345 642 395 videtur,
673 359 801 399 quam
833 353 878 385 tu
910 359 1110 399 umquam
1143 345 1370 385 arbitratus
1393 359 1451 395 es,
1482 346 1715 402 appropin-

206 404 279 459 39
292 416 435 458 quare.
496 401 662 457 Ecquid
703 402 834 452 vides,
866 402 1019 456 ecquid
1057 402 1202 453 sentis,
1231 401 1324 457 lege
1355 401 1588 456 judiciaria
1614 402 1716 452 lata,

291 473 398 514 quos
420 458 784 516 posthacjudices
807 459 937 498 simus
967 458 1182 499 habituri?
1213 459 1348 498 63non
1382 474 1503 513 aeque
1535 460 1716 516 legetur,

159 531 191 565 p.
212 517 482 572 loo-quisquis
507 516 708 557 voluerit:
743 529 836 564 nec,
857 515 1049 569 quisquis
1072 514 1270 564 noluerit,
1292 529 1378 555 non
1400 515 1579 571 legetur.
1610 515 1714 557 nulli

247 576 278 596 a.
291 573 576 629 conjicientur
598 573 640 613 in
663 572 780 613 illum
799 572 1007 621 ordinem,
1028 570 1132 611 nulli
1155 571 1420 612 eximentur:
1452 574 1493 603 64
1509 588 1594 614 non
1626 587 1716 613 am-

292 631 400 672 bitio
423 631 475 672 ad
507 629 704 685 gratiam,
731 643 816 669 non
850 628 1054 682 iniquitas
1087 627 1141 667 ad
1174 627 1488 669 simulationem
1511 630 1716 685 conjicie-

290 697 373 728 tur.
433 686 885 741 Judieesjudicabunt
908 685 951 736 ii,
974 699 1080 740 quos
1102 683 1172 724 lex
1204 685 1309 740 ipsa,
1332 699 1414 725 non
1439 700 1545 740 quos
1577 687 1717 728 homi-

288 759 393 785 num
415 744 549 785 libido
571 743 791 798 delegerit.
852 742 982 788 Quod
1004 756 1102 783 cum
1126 742 1185 782 ita
1207 743 1275 792 sit,
1298 741 1402 782 mihi
1427 743 1567 794 crede,
1587 744 1628 774 65
1641 758 1716 784 ne-

286 802 448 842 minem
477 800 662 841 invitum
695 799 922 840 invitabis:
954 812 1019 839 res
1052 799 1159 854 ipsa,
1189 808 1233 839 et
1267 798 1515 854 reipublicae
1546 809 1715 856 tempus

288 868 363 899 aut
383 872 451 900 me
473 859 628 914 ipsum,
648 857 761 912 quod
781 856 928 907 nolim,
946 864 1020 897 aut
1041 856 1170 896 alium
1187 856 1448 912 quempiam,
1467 865 1541 897 aut
1562 858 1717 898 invita-

291 917 370 965 bit,
393 924 466 957 aut
487 915 799 956 dehortabitur.

349 972 574 1028 Equidem,
597 981 644 1012 ut
677 970 817 1027 paullo
840 977 938 1011 ante
970 970 1077 1020 dixi,
1107 985 1194 1012 non
1215 970 1362 1011 eadem
1396 970 1607 1027 supplicia
1625 985 1717 1012 esse

290 1031 334 1070 in
358 1029 604 1071 hominibus
626 1028 843 1079 existimo,
860 1042 957 1082 quae
979 1026 1158 1068 fortasse
1179 1027 1383 1083 plerique,
1405 1029 1717 1079 damnationes,

288 1087 577 1142 expulsiones,
613 1099 762 1126 neces:
794 1085 978 1139 denique
1011 1084 1169 1125 nullam
1199 1085 1304 1125 mihi
1338 1100 1514 1140 poenam
1550 1086 1717 1126 videtur

287 1144 445 1184 habere
475 1143 532 1193 id,
554 1143 669 1198 quod
700 1142 892 1184 accidere
926 1142 1161 1192 innocenti,
1183 1142 1298 1196 quod
1320 1141 1437 1192 forti,
1459 1143 1573 1197 quod
1605 1143 1717 1198 sapi-

286 1201 392 1252 enti,
414 1201 528 1256 quod
566 1201 678 1241 bono
702 1200 793 1240 viro
821 1209 863 1240 et
892 1199 976 1239 civi
1007 1208 1163 1254 potest.
1226 1198 1460 1239 Damnatio
1492 1200 1586 1250 ista,
1618 1215 1715 1255 quae

285 1259 331 1298 in
364 1266 405 1298 te
437 1258 670 1313 flagitatur,
694 1257 855 1312 obtigit
888 1256 938 1296 P.
964 1255 1144 1306 Rutilio,
1167 1256 1282 1309 quod
1314 1257 1530 1311 specimen
1563 1256 1716 1298 habuit

285 1315 381 1356 haec
403 1316 554 1356 civitas
585 1315 860 1355 innocentiae.
891 1312 1029 1367 major
1051 1313 1154 1353 mihi
1181 1313 1380 1368 judicum
1402 1324 1445 1354 et
1467 1313 1714 1370 reipublicae

285 1387 420 1428 poena
442 1372 512 1412 illa
534 1372 623 1412 visa
643 1381 721 1421 est,
743 1385 872 1426 quam
895 1370 1064 1410 Rutilii.
1129 1370 1176 1410 L.
1201 1370 1401 1426 Opimius
1424 1370 1586 1425 ejectus
1609 1381 1672 1411 est
1692 1385 1716 1412 e

284 1430 438 1486 patria,
462 1430 510 1479 is,
533 1431 605 1484 qui
630 1438 789 1485 praetor
809 1438 852 1468 et
873 1427 1021 1468 consul
1045 1427 1244 1468 maximis
1276 1428 1585 1483 rempublicam
1607 1428 1718 1484 peri-

287 1487 394 1528 culis
428 1487 642 1527 liberarat.
673 1501 758 1526 non
795 1486 836 1526 in
861 1500 927 1535 eo,
949 1485 1017 1525 cui
1051 1485 1165 1525 sacta
1186 1493 1250 1525 est
1280 1484 1451 1539 injuria,
1475 1485 1545 1526 sed
1578 1485 1621 1526 in
1652 1485 1720 1535 iis,

285 1545 359 1598 qui
385 1544 590 1593 fecerunt,
611 1543 778 1584 sceleris
801 1558 849 1583 ae
871 1542 1146 1583 conscientiae
1169 1542 1210 1572 66
1225 1556 1356 1596 poena
1379 1543 1625 1598 permansit.
1658 1541 1718 1583 At

285 1611 438 1642 contra
477 1602 539 1641 bis
579 1600 768 1642 Catilina
807 1599 1052 1641 absolutus:
1086 1599 1264 1639 emissus
1296 1600 1426 1639 etiam
1464 1599 1532 1640 ille
1567 1609 1717 1641 auctor

286 1667 384 1699 tuus
407 1659 657 1714 provinciae,
677 1672 775 1699 cum
798 1667 993 1712 stuprum
1015 1657 1148 1697 Bonae
1169 1656 1260 1696 deae
1285 1655 1581 1711 pulvinaribus
1603 1657 1718 1698 intu-

283 1715 418 1756 lisset.
479 1716 589 1761 Quis
613 1715 696 1755 fuit
720 1715 761 1755 in
785 1724 904 1755 tanta
925 1714 1116 1763 civitate,
1139 1713 1212 1768 qui
1238 1712 1356 1753 illum
1379 1713 1542 1754 incesto
1566 1713 1719 1755 libera·
1782 1757 1785 1762 ,

284 1780 393 1824 tum,
417 1773 455 1806 67
470 1787 555 1813 non
589 1787 676 1824 COS,
707 1772 780 1828 qui
815 1773 875 1812 ita
897 1771 1150 1826 judicarint,
1183 1770 1274 1826 pari
1311 1769 1466 1811 scelere
1487 1771 1718 1812 obstrictos
1781 1768 1785 1821 ξ

229 982 278 1018 95

1783 1859 1785 1872 l

324 1903 365 1933 62
387 1903 569 1932 admonebit
589 1912 680 1932 nemo
703 1901 803 1941 alius]
829 1901 980 1940 Langiiet
1023 1906 1116 1931 norat
1151 1901 1184 1931 in
1221 1905 1367 1931 mentem
1403 1899 1597 1940 conferetur.
1656 1900 1719 1932 Sed
1778 1899 1782 1913 ³

283 1944 317 1974 τὸ
332 1946 427 1975 alius.
453 1946 553 1974 inuno
570 1946 694 1975 melius.
717 1954 914 1983 quamquam
939 1954 979 1974 ne

282 1988 328 2018 sic
341 1987 470 2026 quidem
486 1987 564 2017 satis
579 1987 696 2027 placet.
708 1987 792 2017 forte
805 1985 978 2016 delendum

282 2036 345 2060 est.

325 2073 364 2102 63
387 2081 450 2101 non
476 2080 561 2110 oeque
586 2071 725 2109 legetur]
754 2069 915 2100 Referunt
941 2070 980 2099 ad

282 2114 480 2154 superiorem
511 2114 615 2151 legem
651 2113 875 2151 judiciariam:
914 2122 981 2143 non

283 2165 372 2194 aeque
405 2165 442 2186 ac
471 2155 541 2195 lege
569 2155 751 2194 superiori3
775 2154 860 2193 quod
888 2155 980 2184 nobis

283 2197 400 2227 durum
430 2197 569 2231 videtur,
600 2204 633 2227 et
661 2202 733 2227 tota
762 2197 866 2226 forma
897 2196 979 2233 haee,

280 2248 345 2269 non
381 2249 478 2278 oeque,
506 2240 658 2278 quisquis,
689 2239 780 2269 nobis
806 2248 871 2268 non
902 2241 980 2270 satis

281 2281 386 2311 latina
400 2281 537 2311 videtur.
553 2281 602 2312 An
620 2283 734 2311 Cicero
748 2281 888 2320 scripsit,
904 2291 979 2318 non,

281 2333 382 2362 neque
398 2325 524 2361 legetur
537 2324 552 2352 .7
566 2323 650 2353 hanc
666 2324 804 2353 sormam
820 2322 980 2354 desiderat

282 2376 332 2396 res
346 2371 379 2395 ct
395 2365 560 2395 Ciceronis
575 2365 796 2395 consuetudo:
821 2371 854 2394 et
868 2365 901 2394 in
919 2365 980 2396 hac

281 2407 423 2437 formula
444 2416 509 2436 non
533 2416 606 2436 raro
621 2407 762 2446 primum
786 2406 867 2436 illud
882 2416 981 2446 neque

282 2450 332 2479 vel
355 2459 412 2479 nec
433 2454 490 2478 aut
505 2449 660 2478 omissum
683 2455 741 2478 aut
756 2448 908 2478 vitiatum
932 2459 980 2479 re—

281 2492 435 2531 perimus.
479 2490 518 2520 lu
541 2490 591 2520 ed.
616 2491 710 2521 Rom.
733 2497 782 2519 est
807 2500 868 2520 mm
890 2500 977 2530 eque.

282 2534 320 2563 1η
359 2533 422 2563 Ms.
451 2532 513 2562 fuit
549 2533 632 2561 forte
663 2542 814 2571 nomque,
844 2533 979 2571 antiqua

280 2576 442 2614 scriptura
456 2573 556 2604 semel
579 2575 700 2614 scripta
714 2574 821 2609 litera,
836 2584 907 2612 quae
931 2576 977 2604 bis

281 2617 465 2657 legeretur:
502 2626 540 2646 ex
577 2627 642 2656 quo
670 2626 754 2656 sa‘pe
790 2617 870 2646 vitia
905 2622 978 2647 orta

279 2665 368 2690 sunt.

321 2702 362 2732 64
384 2709 445 2730 non
469 2700 600 2730 ambitio
622 2699 667 2728 ad
685 2699 976 2739 ,aratiam—conji-

279 2743 397 2782 cietur]
432 2742 504 2772 Hoc
532 2750 629 2771 nemo
650 2741 804 2781 explicet.
850 2742 975 2772 Vitium

279 2790 328 2815 est
346 2787 485 2825 primum
503 2785 536 2813 in
549 2782 750 2823 cmcjicielur,
763 2783 848 2821 quod
863 2794 879 2814 e
896 2793 976 2822 prae-

279 2827 468 2857 cedentibus
491 2831 600 2855 ortum
627 2830 677 2855 est
701 2831 836 2856 temere.
881 2826 976 2856 Faer-

281 2878 340 2899 nus
363 2868 498 2907 conjicit
511 2868 703 2898 comitetur.
749 2867 908 2898 Lambinu
924 2878 977 2898 ve—

1021 1943 1098 1982 quid
1110 1947 1159 1973 est
1170 1944 1324 1982 iniquitas
1337 1943 1383 1973 ad
1393 1944 1634 1974 simulationem
1647 1954 1719 1974 con·
1777 1946 1780 1968 ἱ

1022 1987 1146 2015 nitetur
1162 1986 1210 2015 vel
1226 1986 1433 2026 conferetur?
1455 1994 1520 2015 non
1545 1986 1647 2026 magis
1669 1987 1719 2016 in·
1776 2004 1777 2022 2

1022 2027 1147 2066 telligo.
1195 2028 1370 2058 Simulalz'o
1384 2027 1436 2057 hic
1451 2026 1533 2057 nihil
1548 2033 1608 2058 est.
1623 2027 1718 2058 debet
1773 2032 1777 2062 j

1023 2079 1091 2099 esse
1113 2070 1260 2107 verbum,
1276 2069 1361 2109 quod
1380 2075 1567 2110 opponatur
1586 2071 1719 2109 gratia,
1774 2083 1775 2101 ³

1023 2116 1061 2141 ut
1078 2113 1238 2142 simultas.
1262 2122 1320 2142 nec
1343 2112 1499 2151 iniquitas
1520 2111 1600 2142 bene
1620 2122 1720 2152 oppo-
1772 2112 1775 2129 ³

1024 2154 1115 2184 nitur
1129 2155 1306 2185 ambitioni.
1329 2152 1547 2194 Exspectandi
1561 2153 1634 2184 libri
1651 2164 1718 2185 me-
1771 2156 1774 2194 j

1023 2195 1128 2226 liores.

1065 2239 1104 2269 65
1127 2239 1289 2268 neminem
1304 2238 1426 2268 invitus
1446 2237 1612 2278 invitabis]
1639 2239 1719 2269 Cor-

1024 2280 1134 2320 rigunt
1162 2281 1313 2310 invitum.
1340 2280 1440 2309 bene:
1471 2279 1565 2318 idque
1591 2281 1720 2311 unicui-
1766 2276 1770 2324 J

1023 2333 1084 2361 que
1103 2322 1223 2361 legenti
1249 2323 1283 2351 in
1308 2327 1452 2351 mentem
1476 2323 1613 2353 venerit.
1640 2332 1716 2353 narn
1764 2357 1766 2364 ,

1023 2355 1189 2436 relsdplzine
1210 2365 1271 2394 hoc
1293 2363 1463 2394 desiderat.
1486 2364 1594 2404 itaque
1617 2370 1651 2395 et
1673 2366 1718 2395 sic
1764 2386 1766 2390 ,

1022 2417 1039 2436 e
1064 2416 1073 2435 1
1098 2417 1119 2436 1.

1064 2448 1105 2478 66
1124 2457 1222 2487 parua
1240 2447 1437 2487 permansit]
1462 2458 1479 2477 e
1502 2447 1566 2478 Ms.
1592 2447 1662 2479 Erf.
1684 2451 1720 2478 et
1764 2456 1766 2461 ’

1023 2489 1090 2519 Pal.
1121 2490 1209 2519 (ledit
1237 2490 1408 2520 Gruterus.
1451 2489 1538 2521 Ante
1566 2495 1638 2520 erat
1666 2500 1718 2520 re-
1760 2511 1762 2514 ψ

1022 2533 1162 2562 mansit:
1186 2531 1232 2561 nil
1248 2532 1395 2561 interest.
1758 2566 1760 2573 ‚

1062 2574 1101 2607 67
1118 2584 1180 2603 non
1193 2584 1254 2610 eos,
1267 2575 1321 2613 qui
1335 2572 1719 2613 z'tajudicarunt—-arbi-
1756 2608 1759 2613 ¹

1020 2615 1183 2654 traretur]
1215 2615 1427 2645 Scribendum
1446 2614 1656 2655 judicarant.
1683 2617 1718 2646 in
1756 2643 1758 2647 ,

1020 2657 1069 2687 ed.
1099 2659 1151 2688 W.
1178 2662 1212 2687 et
1239 2657 1310 2688 aliis
1339 2662 1419 2687 vett.
1446 2663 1496 2687 est
1513 2658 1717 2698 judicarint,

1021 2700 1107 2739 quod
1120 2700 1226 2739 ipsum
1243 2699 1358 2730 melius
1372 2705 1421 2729 est
1440 2699 1583 2739 vulgato.
1607 2700 1717 2739 itaque
1753 2700 1756 2710 ³

1019 2742 1082 2772 hoc
1093 2742 1209 2772 saltem
1227 2743 1342 2782 recepi.
1370 2742 1449 2771 Mox
1462 2743 1632 2772 adstrictos
1645 2742 1716 2772 edd.
1751 2751 1755 2770 .’

1020 2790 1101 2814 vett.
1126 2784 1284 2814 Gruterus
1304 2795 1321 2813 e
1345 2784 1423 2814 Mss.
1445 2784 1548 2814 voluit
1570 2783 1645 2814 dare
1667 2784 1717 2814 ob—

1019 2827 1158 2863 strictos,
1173 2825 1227 2856 sed
1241 2835 1348 2866 operae
1371 2835 1437 2857 non
1460 2835 1607 2866 paruere.
1631 2830 1718 2857 recte
1748 2839 1755 2856 .’1

1021 2868 1141 2908 recepit
1158 2868 1314 2899 Graevius.
