1769 3174
613 98 727 136 PRO
762 99 818 136 M.
862 98 1070 137 COELIO.
1463 103 1562 137 1043

126 201 271 244 statim
294 202 445 243 mereri
467 201 681 266 stipendia
695 216 980 266 cteperamus,
999 203 1225 244 castrensis
1249 204 1356 245 ratio
1378 219 1428 246 ac
1449 202 1561 244 mili-

125 259 241 300 taris.
263 274 349 315 qua
371 260 412 300 in
432 269 574 311 aetate,
592 274 673 300 nisi
694 274 768 314 qui
791 274 834 300 se
856 274 947 315 1pse
968 274 1043 300 sua
1061 260 1272 315 gravitate
1293 271 1337 301 et
1357 260 1560 302 castimo-

123 316 209 366 nia,
230 326 274 357 et
297 331 397 358 cum
427 316 654 373 disciplina
683 316 934 367 domestica,
956 326 1048 357 tum
1075 317 1205 357 etiam
1238 317 1418 358 naturali
1450 331 1558 372 quo·

121 372 221 414 dam
246 374 359 415 bono
381 373 652 425 defenderat,
671 387 846 429 quoquo
867 373 996 414 modo
1019 388 1043 414 a
1063 373 1149 414 suis
1171 374 1409 414 custoditus
1431 385 1556 424 esset,

123 438 266 471 tamen
299 430 570 472 15infamiam
607 445 748 472 veram
781 430 970 486 effugere
1000 444 1087 471 non
1122 439 1305 486 poterat.
1366 430 1449 471 Sed
1481 431 1555 485 qui

125 487 537 542 ¹6p11ma1llmnitia
550 488 689 529 aetatis
706 489 731 528 i
724 499 872 544 itegra
884 496 1019 551 atque
1038 486 1243 528 inviolata
1263 488 1553 543 praestitisset:

120 543 174 584 de
194 558 288 608 eJus
311 543 425 586 fama
445 560 494 586 ac
517 545 739 602 pudicitia,
762 559 858 586 cum
883 545 1022 600 isJam
1045 559 1089 585 se
1110 544 1487 594 cor-robmavissct,
1506 559 1555 585 ac

121 600 186 641 vir
219 603 330 643 inter
359 603 470 643 viros
503 612 628 653 essct,
649 617 775 643 nenio
806 602 1075 666 loquebatur.
1136 601 1311 642 Studuit
1339 600 1615 666 Catilinae,12

119 672 219 699 cum
237 659 330 714 jam
353 660 519 715 aliquot
541 674 674 700 annos
695 669 806 700 esset
828 660 871 700 in
896 659 1005 710 foro,
1030 658 1211 700 Coelius.
1245 667 1290 698 et
1317 659 1441 699 multi
1472 657 1555 699 hoc

118 714 233 757 idem
254 731 309 757 ex
341 731 459 757 omni
489 716 652 767 ordine,
679 728 806 780 atque
827 730 880 757 ex
904 717 1021 757 omni
1045 726 1172 757 aetate
1194 715 1402 756 fecerunt.
1465 715 1556 756 Ha-

120 772 215 813 buit
236 773 349 814 enim
372 773 456 824 ille,
478 774 604 814 sicuti
627 773 871 814 meminisse
900 789 974 814 vos
1001 773 1198 823 arbit1··,01
1226 772 1438 837 pennulta
1466 787 1558 814 ma-

118 823 349 882 xiinarum,
378 845 464 871 non
493 844 695 886 exprzesm
728 831 839 886 sign
828 846 866 881 a,
891 834 926 864 17
942 831 1012 872 sed
1046 830 1302 872 adumbrata
1333 830 1556 870 vii-,tutum

119 885 334 929 Utebatur
355 887 602 928 hominibus
623 888 830 943 improbis
853 887 1021 930 multis:
1053 897 1096 928 et
1117 887 1291 942 quidem
1313 887 1489 942 optimis
1513 902 1556 927 se

118 943 219 984 viris
241 944 434 986 deditum
461 959 552 985 csse
574 944 817 986 simulabat.
880 944 1014 986 Erant
1046 946 1159 1000 apud
1193 944 1312 985 illum
1344 944 1555 986 illecebrae

117 999 346 1042 libidinum
367 1001 540 1043 multae:
572 1010 693 1042 erant
714 1003 844 1043 etiam
875 1002 1096 1043 industiiae
1118 1002 1293 1057 quidam
1323 1002 1483 1042 stimuli
1506 1016 1556 1042 ac

116 1056 289 1099 lab01is.
306 1059 549 1115 flagrabant
568 1059 672 1100 vitia
688 1059 878 1100 libidinis
901 1059 1014 1115 apud
1035 1059 1177 1101 illum:
1202 1059 1408 1115 vigebant
1424 1059 1556 1100 etiam

115 1115 257 1157 studia
275 1116 332 1156 rei
351 1116 562 1157 militaris.
582 1130 720 1171 neque
737 1131 819 1173 ego
838 1131 1041 1171 umquam
1063 1116 1194 1157 fuisse
1215 1118 1298 1157 tale
1318 1126 1556 1158 monstrum

116 1171 160 1212 in
193 1173 313 1214 terris
338 1173 471 1214 ullum
503 1183 625 1230 puto,
650 1183 736 1214 t·11n
768 1189 823 1215 ex
856 1183 980 1214 contr
983 1174 1082 1214 ·mis
1109 1176 1143 1204 18
1158 1173 1453 1229 diveisisque
1443 1185 1556 1214 mter

116 1243 161 1270 se
184 1231 478 1286 pugnantibus
504 1241 669 1272 naturae
700 1230 851 1272 studiis
882 1229 1278 1286 cupiditatibusque
1299 1231 1550 1272 conflatum.

117 1286 226 1334 Quis
249 1287 499 1329 clarioribus
522 1288 622 1329 viris
644 1288 758 1343 quod
762 1303 829 1328 ·1m
853 1297 1045 1343 tempoie
1060 1287 1322 1352 jucundior?
1344 1288 1439 1343 quis
1462 1297 1598 1354 tur-6

114 1344 308 1400 pioribus
327 1344 628 1400 conjunctior?
659 1361 729 1401 qui
722 1360 753 1385 .s
776 1346 881 1386 civis
904 1345 1126 1386 meliorum
1152 1344 1337 1400 partium
1359 1345 1550 1400 aliquan-
1567 1379 1612 1412 13

115 1401 200 1444 do?
225 1416 325 1466 quls
356 1402 519 1443 taenior
549 1402 685 1443 hostis
716 1403 814 1443 huic
837 1403 1033 1444 civitati?
1063 1403 1158 1457 quis
1190 1416 1231 1442 in
1252 1403 1594 1468 xoluptatibusp
1611 1430 1663 1458 40.

114 1459 405 1514 inquinatior?
429 1459 523 1514 quis
547 1459 588 1500 in
612 1459 830 1500 l·2boribus
851 1460 1109 1514 patientjor?
1131 1459 1226 1514 quis
1251 1474 1292 1501 ιιι
1316 1470 1593 1514 rapaton-nea.

114 1518 308 1558 avarior?
339 1517 434 1572 quis
469 1517 510 1557 in
549 1516 775 1573 largitione
808 1517 1009 1558 effusior?
1044 1516 1121 1557 Illa
1153 1530 1269 1568 vero,
1292 1516 1478 1571 judices,
1508 1518 1553 1558 in

114 1574 187 1614 illo
216 1573 391 1614 homine
425 1574 637 1614 mirabilia
666 1574 854 1624 fuerunt,
884 1573 1246 1629 comprehendere
1270 1573 1426 1614 multos
1447 1575 1554 1614 ami-

113 1631 231 1682 citia,
267 1631 374 1672 tueri
408 1631 632 1686 obsequio,
665 1646 763 1672 cum
797 1631 998 1671 omnibus
1024 1630 1359 1681 communicare,
1387 1632 1554 1686 19quod

112 1688 494 1739 habebat,se1vne
528 1689 793 1752 temporibus
823 1702 997 1728 suorum
1021 1687 1215 1729 omnium
1238 1687 1435 1744 pecunia,
1457 1703 1555 1745 gra-

112 1746 186 1797 tia,
218 1746 361 1786 lab01e
393 1760 599 1802 corporffi,
622 1749 662 1776 -2‘0
676 1745 832 1786 scelere
867 1745 1013 1796 etiam,
1045 1745 1079 1786 si
1111 1759 1219 1801 opus
1251 1755 1376 1795 esset,
1406 1756 1447 1786 et
1478 1761 1553 1786 au-

111 1804 258 1844 daci-2:
292 1817 456 1843 ιθιεειιθ
486 1817 605 1843 suam
636 1814 846 1851 naturam,
872 1804 966 1842 met
998 1816 1145 1858 regere
1186 1801 1238 1842 ad
1273 1811 1458 1857 tempus,
1488 1814 1554 1843 at-

111 1875 195 1916 que
216 1860 300 1901 huc
321 1870 366 1900 et
387 1859 486 1902 illuc
510 1872 707 1914 torquere
737 1870 780 1900 et
812 1860 1007 1901 flectere:
1039 1874 1139 1900 cum
1173 1859 1365 1899 tristibus
1392 1873 1551 1910 severe,

111 1932 208 1959 cum
232 1917 639 1972 remissisjucunde,
662 1931 760 1958 cum
783 1918 955 1958 senibus
976 1918 1178 1973 graviter,
1202 1931 1299 1957 cum
1316 1916 1551 1971 juventute

153 2062 190 2090 15
213 2058 392 2099 infamiam
414 2068 527 2089 veram
550 2068 577 2088 e.
598 2058 693 2098 n.p.]
717 2058 807 2098 Quo-

109 2101 208 2133 modo
223 2110 334 2131 veram
351 2101 544 2131 infamiam?
564 2111 688 2138 vereor,
704 2110 745 2131 ne
760 2101 806 2131 vi-

107 2145 231 2175 tiosum
247 2143 302 2174 sit.

154 2187 191 2217 16
207 2187 322 2225 prima
350 2187 410 2216 illa
435 2184 591 2225 impet-ia]
627 2185 680 2214 Sic
703 2184 805 2215 edidit

109 2229 268 2259 Gruterus
283 2238 320 2258 ex
337 2238 403 2258 uno
417 2228 481 2259 Ms.
504 2227 592 2257 Ante
608 2226 679 2256 edd.
694 2227 804 2263 initia,

109 2270 196 2310 quod
220 2270 359 2300 restitui.
381 2270 521 2308 imperia
543 2269 648 2299 <etatis
661 2269 805 2308 primum

109 2323 177 2344 non
190 2313 271 2343 bene
281 2313 449 2347 dicuntur,
458 2319 492 2342 et
503 2310 665 2350 quomodo
675 2312 806 2349 integra

109 2360 143 2385 et
170 2356 329 2385 inviolata
355 2355 527 2384 dieantur:
560 2358 596 2384 at
625 2354 717 2384 aetati
744 2354 808 2384 ista

108 2398 310 2428 conveniunt
325 2400 359 2426 et
374 2398 443 2434 ejus
459 2395 574 2426 initiis.

154 2443 190 2473 17
212 2440 268 2469 sed
280 2440 479 2469 adumbrata
493 2437 540 2477 zu]
566 2437 618 2467 An
630 2437 806 2477 legendum

108 2486 146 2512 ut
158 2482 371 2518 adunzbrzsa,
389 2481 439 2511 vel
460 2480 515 2510 sed
536 2480 737 2509 adumbrata
756 2484 807 2509 ia-

109 2533 183 2554 men
194 2536 203 2553 .·
226 2533 303 2554 nani
316 2533 429 2553 sensus
443 2522 604 2553 desiderat
620 2521 806 2561 hujusmodi

108 2565 196 2604 quid.
213 2566 290 2596 alibi
305 2566 434 2605 quidem
449 2571 511 2600 est,
524 2572 563 2594 ut
576 2564 628 2594 hic
643 2565 676 2594 in
691 2570 785 2594 textu
798 2576 803 2593 :

109 2608 164 2638 sed
185 2618 260 2638 cum
284 2607 457 2638 dicendum
479 2612 562 2643 erat,
579 2606 716 2636 virtutes
739 2615 806 2635 non

109 2649 208 2680 fuisse
231 2659 334 2686 veras,
358 2649 414 2680 sed
437 2648 607 2679 simulatas
630 2654 665 2678 et
687 2648 806 2688 imper-

111 2691 213 2722 fectas
224 2702 234 2721 ε
257 2691 342 2730 quod
357 2691 410 2722 hic
423 2701 514 2721 secus
529 2697 590 2721 est.

155 2736 193 2764 18
215 2734 409 2773 diversisque
423 2734 509 2763 inter
529 2743 562 2762 se
576 2732 805 2771 pugnantibus

110 2784 144 2805 π.
155 2774 212 2814 st.]
229 2774 307 2805 Non
320 2775 427 2815 placet
438 2775 511 2806 hoc.
524 2774 606 2805 Edd.
618 2784 668 2814 pr.
680 2774 804 2804 habent

109 2818 211 2847 etiam
239 2818 508 2856 repugnantibus.
564 2816 669 2847 Credo
698 2816 804 2845 diver-

108 2860 212 2900 sisque
226 2868 294 2889 esse
309 2869 328 2890 a
342 2859 460 2899 glossa,
476 2858 714 2898 legendumque
732 2867 804 2888 eon-

850 2058 976 2094 trariis,
987 2058 1073 2087 inter
1082 2067 1174 2096 seque
1180 2058 1410 2096 pugnantibus
1420 2062 1549 2088 natm-ce

848 2100 965 2130 studiis
977 2112 986 2128 .·
1019 2107 1058 2129 ut
1086 2099 1164 2129 alibi
1201 2099 1315 2130 Cicero
1345 2109 1413 2130 nou
1446 2101 1548 2131 semel

849 2142 944 2172 dixit.

895 2187 931 2218 19
954 2183 1037 2223 quod
1056 2183 1206 2223 habebat]
1233 2183 1318 2213 Puto
1341 2194 1455 2215 verum
1479 2195 1547 2215 esse

849 2227 992 2256 haberet.
1010 2235 1098 2261 mox,
1114 2227 1142 2255 si
1156 2236 1235 2265 opus
1243 2230 1334 2262 esset,
1350 2236 1417 2256 non
1433 2232 1516 2257 erut.

892 2270 932 2298 ΞΟ
954 2269 1083 2304 scelere,
1110 2269 1137 2298 si
1162 2278 1241 2307 opus
1271 2272 1362 2304 esset,
1377 2273 1408 2298 et
1442 2270 1548 2299 auda-

849 2310 915 2349 cia]
953 2309 1114 2349 Copulam
1142 2309 1229 2340 delet
1267 2311 1426 2348 Graevius,
1461 2312 1548 2350 quod

849 2352 976 2382 abesset
990 2352 1054 2382 Ms.
1070 2352 1138 2382 Erf.
1163 2358 1199 2381 at
1221 2362 1280 2382 nec
1294 2359 1344 2382 est
1362 2354 1395 2382 in
1410 2353 1479 2384 edd.
1497 2364 1546 2394 pr.

849 2394 888 2424 ad
901 2394 976 2425 Ald.
990 2404 1103 2433 usque.
1149 2394 1211 2424 Sed
1224 2395 1319 2424 credo
1337 2396 1370 2424 in
1383 2395 1432 2425 his
1447 2406 1547 2436 copu-

849 2436 914 2466 lam
943 2437 1130 2476 absorptam
1158 2447 1177 2466 a
1206 2436 1298 2467 finali
1332 2437 1545 2476 praecedentis

849 2479 952 2509 verbi.
968 2489 1044 2510 nam
1060 2487 1172 2508 sensus
1189 2489 1256 2509 non
1278 2479 1419 2509 efficitur
1441 2480 1546 2510 bonus

850 2520 959 2551 deleta
972 2520 1101 2561 copula.

891 2565 928 2594 ‘21
953 2567 985 2593 et
999 2573 1112 2601 regere
1126 2563 1172 2593 ad
1185 2562 1225 2601 Α]
1243 2563 1389 2592 Graevius
1403 2563 1546 2594 malebat

850 2609 968 2643 tegere.
985 2605 1081 2635 male.
1099 2615 1157 2635 nec
1178 2606 1267 2634 enim
1292 2606 1446 2635 convenit
1468 2616 1542 2636 enm

849 2657 980 2677 versare
993 2653 1026 2677 et
1032 2647 1182 2687 flectere,
1196 2648 1284 2676 inter
1308 2656 1378 2684 quae
1401 2647 1542 2677 medium

849 2697 909 2718 est.
954 2689 1014 2719 Ed.
1031 2689 1071 2719 R.
1087 2689 1202 2719 vitiose
1217 2698 1347 2727 urgere,
1363 2689 1448 2718 sicut
1468 2700 1541 2720 mox

847 2731 980 2769 quidam
996 2730 1147 2772 affligere
1159 2730 1371 2770 proflectere.
1398 2730 1541 2761 Verbum

847 2777 995 2812 torquere
1017 2773 1166 2803 homines
1190 2772 1349 2807 turbavit,
1363 2772 1451 2810 quod
1473 2774 1542 2803 vul-

847 2815 915 2853 gari
933 2824 1028 2845 sensu
1051 2814 1254 2854 accipiebant
1275 2815 1309 2844 in
1325 2813 1446 2844 malam
1470 2826 1540 2856 par-

848 2863 930 2887 tem.

793 2905 919 2940 δι’-5
