1785 3185
228 107 327 142 1343
817 99 1068 139 ORATIO

231 205 402 248 ¹6JAN1
427 215 576 246 Mssmr
597 215 845 246 PATRONO.
908 204 1061 245 Itane?
1091 202 1226 245 Janus
1248 202 1413 243 medius
1434 202 1477 244 in
1502 201 1550 244 L.
1570 201 1666 244 An·

234 262 341 303 tonii
369 261 568 303 clientela
589 261 674 302 sit?
705 262 800 316 quis
830 275 1033 316 umquam
1058 261 1100 301 in
1126 260 1197 300 illo
1226 259 1338 301 Jano
1365 260 1561 301 inventus
1583 270 1662 311 est,

236 320 307 374 qui
334 318 382 359 L.
404 317 597 359 Antonio
619 318 733 359 mille
754 333 930 359 numum
955 317 1082 358 ferret
1103 331 1367 373 expensum
1360 320 1373 347 ³
1433 316 1516 357 Sed
1538 317 1666 357 nimis

233 375 370 417 multa
397 375 451 416 de
481 375 632 430 nugis:
673 376 725 416 ad
756 389 927 416 causam
958 373 1199 428 bellumque
1231 373 1475 414 redeamus:
1517 387 1667 428 quam-

232 447 362 488 quam
390 446 475 474 non
517 432 701 473 alienum
734 431 830 482 fuit,
859 445 1058 486 personas
1096 445 1166 485 qu
1159 431 1227 470 isd
1233 445 1299 470 im
1332 446 1356 470 a
1388 431 1508 471 vobis
1550 444 1669 472 reco-

234 489 410 545 gnosci:
459 493 493 523 17
509 498 569 540 ut,
599 488 856 544 quibuscum
885 486 1043 527 bellum
1076 499 1307 542 gereretur,
1337 487 1516 543 possetis
1548 486 1668 528 taciti

228 547 442 602 judicare

296 602 391 659 Ego
413 611 554 643 autem
582 615 655 642 vos
685 600 846 651 hortor,
875 599 1083 651 Quirites,
1113 609 1158 640 ut
1184 600 1351 641 eti-unsi
1377 599 1526 641 melius
1553 600 1669 643 aliud

236 639 498 712 fuit,0ta1ne11
520 658 759 713 legatorum
783 657 963 698 reditum
984 657 1244 712 exspectetis
1264 658 1407 697 animo
1431 672 1570 712 aequo.
1601 672 1671 699 ce-

238 717 381 758 leritas
412 716 604 756 detracti
634 714 686 755 de
717 728 844 754 causa
873 723 961 755 est:
993 714 1095 754 boni
1129 725 1269 754 tamen
1301 713 1461 768 aliquid
1493 715 1673 755 accessit

182 785 228 820 16
242 774 294 815 ad
325 786 511 814 οειιι5ηῃ.
573 771 685 812 Cum
715 771 830 811 enim
852 770 982 827 legati
1005 771 1302 816 renuntiarint,
1326 770 1441 825 quod
1472 779 1586 811 certe
1609 785 1674 812 re-

241 830 518 894 nuntiabunt,
537 842 622 869 non
646 828 690 868 in
709 837 849 868 vestra
870 836 1094 883 potestate,
1114 843 1198 869 non
1223 829 1263 868 in
1284 837 1454 868 senatus
1472 838 1562 869 esse
1583 826 1675 868 An·

241 887 433 929 touium:
466 886 561 941 quis
582 885 663 926 erit
687 893 773 924 tam
798 884 1019 948 improbus
1049 885 1170 936 cuis,
1193 885 1265 940 qui
1290 884 1406 925 illum
1430 884 1568 925 civem
1600 884 1676 926 ha-

193 946 226 978 b.
243 944 429 985 bendum
450 943 599 998 putet?
661 940 789 982 Nunc
811 942 925 982 enim
944 950 1057 992 sunt,
1080 942 1203 997 pauci
1224 941 1282 982 illi
1300 941 1493 1006 quidem,
1516 942 1588 982 sed
1613 952 1676 982 ta-

242 1015 340 1042 men
363 1000 518 1056 plures,
539 1012 668 1053 quam
695 998 914 1054 republica
935 998 1115 1054 dignum
1138 1008 1217 1049 est,
1237 999 1309 1053 qui
1339 999 1398 1038 ita
1420 998 1676 1053 loquantur:

241 1072 297 1099 ne
318 1057 480 1112 le‹ratos
503 1055 676 1111 quidem
701 1055 1079 1111 exspectabimus?
1140 1055 1272 1096 Istam
1294 1065 1408 1097 certe
1434 1069 1596 1106 vocem,
1621 1057 1678 1096 si-

241 1114 607 1177 mulationemque
633 1111 888 1163 clementiae,
907 1113 1216 1167 extorquebit
1209 1112 1259 1153 1is
1288 1127 1352 1153 res
1376 1113 1467 1167 ipsa
1488 1112 1676 1167 publica.

241 1171 345 1217 Quo
367 1171 512 1221 etiarn,
530 1179 577 1210 ut
599 1169 807 1211 confiteal
825 1169 964 1221 vobis,
987 1169 1194 1220 Quirites,
1217 1169 1356 1209 minus
1378 1168 1585 1210 hodierno
1607 1170 1677 1211 die

243 1227 462 1278 contendi,
501 1227 642 1267 minus
683 1226 890 1277 laboravi,
923 1235 972 1267 ut
1003 1226 1108 1267 mihi
1142 1236 1311 1267 senatus
1344 1226 1577 1266 assentiens
1612 1237 1680 1268 tu-

244 1284 428 1325 multum
451 1284 712 1334 decerneret,
735 1298 838 1339 saga
855 1283 1167 1339 sumijuberet.
1197 1283 1326 1324 malui
1350 1281 1505 1338 viginti
1528 1282 1678 1324 diebus

246 1349 347 1397 post
376 1341 632 1382 sententiam
663 1355 803 1381 menn
833 1340 993 1382 laudari
1024 1341 1079 1381 ab
1102 1341 1315 1391 omnibus,
1337 1352 1465 1395 quam
1488 1354 1512 1379 a
1534 1341 1682 1395 paucis

188 1403 237 1442 17
250 1398 377 1439 hodie
401 1397 647 1454 vituperari.
708 1398 998 1454 Qualeoptei,
1021 1397 1228 1448 Quirites,
1250 1405 1498 1453 exspectate
1518 1397 1683 1453 legato-

247 1469 343 1496 rum
368 1455 552 1496 reditum
578 1463 622 1495 et
646 1469 881 1511 paucorum
905 1455 1070 1496 dierum
1100 1454 1340 1496 molestiam
1361 1453 1578 1495 devorate
1608 1455 1683 1510 qui

247 1526 348 1553 curn
375 1511 647 1562 1edie1int,si
677 1526 824 1567 pacem
850 1510 1057 1564 afferent3
1087 1511 1291 1567 cupidum
1317 1525 1409 1552 me:
1442 1510 1476 1550 si
1500 1511 1685 1564 bellu1n;

248 1569 476 1625 providum
494 1543 753 1625 judicatote.
794 1568 863 1608 An
886 1583 967 1625 ego
988 1583 1073 1609 non
1096 1568 1343 1624 provideam
1366 1567 1470 1608 meis
1492 1545 1685 1610 civibus}

250 1641 338 1667 non
363 1626 453 1667 dies
476 1635 709 1681 noctesque
731 1627 783 1667 de
808 1635 947 1667 vestra
976 1626 1186 1676 libertate,
1206 1626 1257 1666 de
1280 1624 1528 1680 leipublicae
1551 1626 1687 1667 salute

253 1683 471 1739 cogitem?
533 1683 650 1729 Quid
669 1683 783 1723 enim
805 1697 890 1724 non
913 1683 1050 1724 debeo
1074 1683 1211 1733 vobis,
1235 1682 1442 1732 Quirites,
1460 1696 1587 1736 quem
1612 1697 1686 1723 vos

255 1755 280 1780 a
317 1754 361 1780 se
401 1749 557 1791 ortum,
591 1733 836 1781 bominibus
874 1740 1166 1790 nobilissimis,
1197 1740 1396 1781 omnibus
1437 1738 1687 1791 honoribus,

253 1796 537 1854 piaetulistis?
596 1797 665 1837 An
693 1797 885 1853 ingratus
914 1799 1035 1839 sum?
1066 1797 1160 1852 quis
1185 1797 1352 1838 minus?
1385 1796 1523 1860 ¹8qui,
1552 1798 1686 1852 partis

256 1853 508 1904 honoribus,
530 1854 701 1895 eosdem
727 1854 947 1919 gesserim
956 1855 999 1895 in
1024 1853 1118 1895 foro
1143 1854 1322 1904 labores,
1341 1867 1454 1917 quos
1474 1853 1516 1892 in
1541 1863 1690 1910 peten-

258 1911 338 1952 dis.
382 1911 497 1952 rudis
526 1912 570 1952 in
593 1912 840 1967 republica?
877 1911 972 1967 quis
1001 1911 1290 1974 exercitatior,
1312 1911 1384 1967 qui
1417 1910 1570 1965 viginti
1594 1926 1691 1966 jain

211 1969 394 2021 'Jannos
428 1967 585 2009 bellum
623 1982 768 2024 geram
802 1983 900 2009 cum
937 1968 1081 2024 impiis
1113 1968 1308 2010 civibus?
1380 1968 1690 2019 Quamobrem,

201 2040 248 2075 18
262 2025 469 2076 Quirites,
487 2025 682 2077 consilio,
703 2035 911 2080 quantum
931 2036 1096 2081 potero,
1115 2025 1273 2076 labore,
1293 2023 1386 2081 plus
1409 2039 1546 2089 paene,
1562 2039 1692 2080 quam

260 2091 426 2146 potero,
450 2083 677 2123 excubabo
695 2082 968 2139 vigilaboque
994 2097 1070 2138 pro
1094 2082 1231 2123 vobis.
1255 2083 1414 2122 etenim
1432 2083 1526 2137 quis
1546 2092 1609 2123 est
1630 2082 1692 2124 ci·

258 2154 338 2190 νι5,
366 2140 604 2195 praeseltim
635 2139 718 2180 hoc
743 2140 894 2204 gradu,
922 2155 1007 2195 quo
1038 2153 1107 2179 me
1138 2154 1213 2180 vos
1243 2153 1334 2180 esse
1364 2139 1574 2191 voluistis,
1603 2149 1691 2181 tam

258 2196 419 2237 oblitus
443 2196 642 2238 beneficii
668 2199 811 2248 vestu,
835 2206 921 2238 tun
946 2198 1170 2238 immemor
1193 2196 1360 2253 patriae,
1384 2206 1470 2238 tam
1492 2196 1692 2238 inimicus

306 2325 344 2356 16
364 2324 449 2356 Janz'
463 2325 545 2355 med.
562 2324 723 2365 Patrono]
748 2325 823 2356 Vnt.
841 2335 862 2355 a
888 2325 956 2357 ·Ia-
998 2330 1079 2357 nota
1088 2335 1146 2356 sua
1152 2326 1298 2365 possetis,
1309 2325 1363 2355 scd
1375 2326 1444 2356 sine
1455 2325 1694 2363 admonitione,

260 2376 302 2397 mo
318 2368 420 2398 medio
436 2367 537 2397 Patr.
554 2367 641 2406 quod
663 2368 844 2408 repudiavit
861 2368 955 2398 Faer-
999 2368 1097 2399 habet
1111 2383 1118 2398 :
1142 2372 1177 2398 at
1190 2369 1223 2398 in
1238 2368 1302 2398 Ms.
1317 2368 1392 2398 Vat.
1406 2367 1636 2406 essejudicare
1647 2368 1696 2399 di-

263 2419 337 2445 nus,
353 2414 388 2439 at
404 2409 554 2449 probavit
573 2410 722 2440 Ursinus.
747 2415 858 2449 estque
873 2415 908 2440 et
923 2412 956 2440 in
1000 2411 1058 2447 cit,
1071 2411 1157 2449 quod
1171 2410 1273 2450 recepi
1290 2425 1297 2440 ι
1314 2420 1390 2440 nam
1405 2411 1550 2449 cogitare
1564 2419 1694 2452 semper

262 2451 335 2481 edd.
348 2461 396 2491 pr.
407 2451 646 2482 sineatamen.
678 2452 956 2493 Interpretantur,
1000 2456 1050 2483 est
1073 2453 1188 2483 taciti.-
1225 2460 1260 2482 at
1282 2452 1438 2489 judicium
1460 2460 1528 2482 esse
1553 2453 1693 2484 tacitum

262 2498 432 2532 tamquam
447 2494 488 2523 ab
502 2493 690 2523 hominibus
712 2505 731 2524 a
745 2494 831 2524 ‹lano
851 2494 958 2524 medio
1001 2499 1122 2534 potest.
1167 2495 1211 2525 Et
1227 2503 1276 2525 res
1291 2495 1360 2535 ipsa
1374 2494 1404 2524 id
1420 2494 1554 2525 verbum
1578 2499 1695 2535 postu-

264 2536 372 2575 posita
389 2536 444 2571 sit,
465 2536 487 2567 i.
510 2545 539 2565 e.
562 2536 838 2575 negotiatoribus:
865 2535 959 2575 idque
1002 2536 1062 2567 lat.

265 2576 416 2608 formula·
438 2577 472 2607 in
493 2578 706 2608 monimentis
724 2578 865 2616 antiquis
882 2588 960 2608 eon-
1048 2581 1083 2609 18
1115 2578 1335 2618 qui—eosdem
1358 2578 1624 2619 gessi—labores]
1651 2578 1697 2610 At

265 2619 380 2649 sentit.
404 2619 496 2650 Infra
506 2619 584 2657 vll,
595 2619 624 2650 6.
638 2624 687 2649 est
699 2620 776 2651 Jani
791 2620 887 2650 medii
902 2620 960 2651 Pa·
1001 2630 1078 2650 mox
1101 2620 1134 2650 in
1158 2620 1269 2650 eadem
1294 2620 1400 2651 forma
1424 2626 1486 2658 est,
1500 2621 1555 2661 qui
1576 2622 1696 2660 viginti

266 2667 395 2692 tronus,
993 2661 1073 2703 jam
1094 2672 1195 2692 annos
1217 2663 1336 2692 bellum
1351 2672 1480 2701 geram.
1525 2663 1613 2701 Ergo
1637 2667 1696 2694 aut

314 2705 350 2736 17
373 2707 424 2739 ut,
441 2703 630 2742 quibuscum
650 2704 768 2733 bellum
783 2709 961 2741 gerweter,
1005 2704 1070 2734 illic
1085 2703 1196 2734 debuit
1209 2703 1314 2734 dicere
1325 2706 1493 2742 gesserim,
1504 2709 1563 2735 aut
1576 2704 1628 2735 hic
1638 2714 1698 2744 ge-

267 2745 362 2775 taciti
370 2745 497 2784 possitis
507 2745 554 2785 c.]
572 2746 705 2776 correxi
715 2746 848 2784 possetis
859 2758 869 2775 .·
885 2756 962 2776 nam
1004 2756 1051 2776 ro.
1096 2746 1159 2776 Sed
1182 2745 1263 2776 illud
1293 2746 1419 2777 melius.
1457 2747 1551 2786 idque
1580 2747 1698 2787 recepi.

266 2788 393 2828 possitis
405 2788 439 2817 in
453 2787 513 2817 hoc
526 2792 684 2818 contextu
699 2788 768 2817 sine
781 2797 902 2827 magno
916 2789 962 2818 vi·
1006 2789 1068 2819 Pro
1082 2789 1234 2828 improbis
1245 2789 1305 2820 civ.
1321 2789 1422 2821 etiam
1436 2789 1541 2830 recepi
1556 2789 1664 2831 impiis
1678 2798 1696 2820 e

268 2829 317 2860 tio
329 2828 435 2861 dicere
449 2838 516 2862 non
528 2830 649 2871 potuit.
668 2829 805 2862 Ursinus
817 2831 917 2863 etiam
928 2832 962 2862 in
1005 2830 1081 2862 Vat.
1095 2836 1135 2863 ut
1146 2830 1213 2862 alii.
