1785 3185
421 84 533 121 PRO
567 85 612 121 T.
640 81 834 120 ANNIO
867 78 1120 120 MILONE.
1393 80 1487 117 1181

42 187 286 243 judicatum
310 195 371 228 est
396 203 420 228 a
445 186 669 241 Pompeio,
691 185 808 235 satis,
832 184 938 226 falso
970 185 1052 225 ista
1073 185 1256 226 conferri
1288 185 1329 226 in
1355 183 1489 225 Milo-

48 259 171 286 nem:
203 245 328 298 94qui
360 243 499 299 legem
532 243 643 293 tulit,
668 257 766 298 qua,
790 250 836 282 ut
869 256 951 296 ego
984 241 1378 292 sentim-Milonem
1412 242 1487 282 ab·

48 301 154 342 solvi
177 316 202 341 a
222 301 343 341 vobis
366 309 596 356 oporteret,
619 309 667 340 ut
688 312 836 340 omnes
856 298 1133 348 confitentur,
1154 297 1316 339 liceret.
1357 299 1486 346 Quod
1499 302 1546 340 71

46 372 146 399 vero
178 359 219 398 in
253 358 323 398 iilo
352 357 461 408 loco,
484 361 524 392 95
539 366 667 412 atque
690 356 771 397 illis
794 355 1065 411 publicorum
1094 354 1393 411 praesidiorum
1415 371 1488 396 co-

77 415 128 455 iis
150 414 434 456 circumfusus
458 414 599 455 sedet:
633 414 734 454 satis
764 412 966 464 declarat,
997 426 1040 453 se
1073 425 1160 452 non
1190 420 1393 452 terrorem
1424 414 1488 453 in-

45 427 156 512 ferre
179 471 316 522 vobis,
337 472 460 526 (quid
481 472 595 512 enim
620 471 691 512 illo
714 470 854 511 minus
877 470 1074 526 dignum,
1096 482 1225 523 quam
1248 482 1417 523 cogere,
1440 479 1489 510 ut

45 541 121 569 vos
143 542 240 570 eum
257 529 568 579 condemnetis,
591 529 632 569 in
663 542 789 584 quem
818 527 1156 568 animadvertere
1179 525 1284 581 ipse,
1307 535 1349 565 et
1369 540 1487 566 more

43 585 256 640 majorum
280 596 323 627 et
345 586 548 642 suojure,
569 596 712 642 posset
726 588 758 635 ἓ)
781 585 852 626 sed
883 583 1083 640 praesidio
1110 597 1227 624 esse:
1260 591 1308 622 ut
1329 582 1484 624 intelli-

43 643 171 698 gatis,
190 653 342 684 contra
362 643 602 684 hesternam
626 643 881 684 concionem
913 641 1028 682 illam
1058 640 1185 682 licere
1209 640 1345 691 vobis,
1366 640 1483 695 quod

43 700 253 752 sentiatis,
274 701 406 742 libere
421 701 632 756 judicare.
1104 753 1107 757 λ
1534 748 1564 757 as

100 757 196 799 Nec
237 772 337 799 vero
371 772 453 808 me,
479 758 664 812 jndices,
698 757 958 798 Clodianum
1000 756 1164 798 crimen
1198 764 1369 798 movet:
1402 747 1559 801 necQ(

42 821 130 855 tam
158 829 251 855 sum
284 815 472 866 demens,
498 826 668 870 tamque
701 815 826 855 vestri
861 829 1006 855 sensus
1039 814 1214 870 ignarus
1247 823 1375 868 atque
1405 819 1544 856 etz-722.

44 885 156 926 pers,
178 883 226 913 ut
254 872 456 922 nesciam,
487 872 589 926 quid
620 872 673 912 de
705 882 843 912 morte
877 872 1017 913 Clodii
1053 871 1262 912 sentiatis.
1301 872 1354 911 de
1384 885 1483 925 qua,

42 929 77 968 si
104 928 198 984 jam
231 929 388 970 nollem
427 929 487 969 ita
519 928 680 969 diluere
715 929 891 980 crimen,
915 938 963 969 ut
986 928 1108 979 dilui,
1131 936 1274 969 tamen
1306 928 1484 984 impune

43 983 202 1026 Miloni
226 986 365 1042 palam
388 985 571 1026 clamare
588 986 629 1021 96
643 996 770 1041 atque
801 986 971 1027 mentiri
997 985 1182 1042 gloriose
1206 986 1377 1027 liceret:
1410 1000 1483 1026 oc-

41 1042 142 1093 cidi,
172 1043 326 1093 occidi,
358 1058 445 1083 non*
475 1043 549 1099 Sp.
573 1042 789 1093 Maelium,
811 1044 884 1099 qui
919 1058 1090 1084 annona
1119 1043 1314 1093 levanda,
1336 1042 1482 1097 jactu-

38 1099 181 1154 risque
213 1101 272 1140 rei
302 1100 536 1150 familiaris,
569 1102 670 1156 quia
702 1101 829 1141 nimis
860 1100 1062 1156 amplecti
1095 1100 1265 1156 plebem
1298 1100 1481 1155 putaba-

37 1165 121 1207 tur,
143 1157 186 1197 in
209 1158 494 1213 suspicionem
521 1158 673 1198 incidit
704 1159 822 1214 regni
852 1158 1108 1213 appetendi:
1141 1172 1227 1198 non
1249 1156 1316 1198 Ti.
1341 1156 1478 1198 Grac·

35 1213 181 1265 chum,
203 1216 276 1269 qui
299 1214 477 1270 collegae
500 1216 797 1271 magistratum
831 1229 906 1271 per
937 1214 1192 1256 seditionem
1222 1214 1474 1270 abrogavit:

33 1285 218 1326 quorum
253 1271 548 1312 interfectores
583 1271 815 1328 implerunt
855 1272 1004 1313 orbem
1038 1280 1245 1312 terrarum
1287 1271 1476 1312 nominis

33 1329 97 1369 sui
122 1328 281 1385 gloria:
315 1329 386 1370 sed
409 1343 520 1379 eum,
543 1329 736 1382 (auderet
757 1329 870 1370 enim
894 1329 1049 1379 dicere,
1071 1343 1170 1370 cum
1194 1329 1377 1384 patriam
1402 1342 1474 1383 pe-

32 1385 167 1426 riculo
190 1400 267 1427 suo
288 1385 542 1437 liberasset,)
570 1386 693 1441 cujus
721 1387 951 1428 nefandum
976 1385 1233 1427 adulterium
1260 1385 1302 1426 in
1334 1386 1473 1442 pulvi·
1487 1395 1517 1426 b.

35 1443 209 1484 naribus
232 1443 510 1484 sanctissimis
524 1444 803 1485 nobilissimae
823 1443 1010 1485 faeminae
1031 1443 1449 1499 comprehenderunt
1465 1444 1537 1485 2715

35 1513 150 1551 eum,
171 1500 294 1555 cujus
317 1500 529 1556 supplicio
552 1511 722 1542 senatus
743 1501 967 1542 sollemnes
989 1501 1218 1557 religiones
1240 1501 1477 1556 expiandas

37 1571 153 1612 saepe
185 1557 376 1598 censuit:
409 1572 521 1608 eum,
544 1572 672 1613 quem
706 1573 805 1599 cum
840 1571 983 1599 sorore
1021 1557 1227 1614 germana
1265 1557 1479 1599 nefarium

0 1619 5 1624 '
39 1623 234 1670 stuprum
257 1614 409 1655 fecisse
433 1614 481 1655 L.
507 1614 897 1671 Lucullusjt11·atus
929 1629 987 1666 se,
1017 1615 1331 1670 quaestionibus
1355 1614 1480 1655 habi-

35 1671 106 1722 tis,
128 1670 241 1712 dixit
262 1672 546 1727 comperisse:
580 1687 693 1723 eum,
716 1672 789 1728 qui
813 1673 967 1724 civem,
991 1688 1118 1727 quem
1142 1682 1328 1723 senatus,
1351 1686 1480 1727 quem

33 1728 233 1784 populus,
255 1743 383 1784 quem
425 1743 573 1770 omnes
607 1738 772 1785 gentes,
809 1730 926 1770 urbis
960 1744 1009 1770 ac
1043 1731 1145 1771 vitae
1178 1730 1339 1770 civium
1373 1744 1478 1770 con-

34 1795 293 1826 servatorem
329 1789 369 1820 97
386 1786 650 1842 judicarant,
695 1801 914 1828 servorum
968 1787 1096 1828 armis
1143 1786 1476 1828 exterminavit:

33 1857 148 1893 eum,
170 1843 243 1898 qui
266 1857 400 1899 regna
425 1844 558 1895 dedit,
581 1844 755 1895 ademit,
772 1846 939 1885 sorbem
972 1854 1194 1895 terrarum,
1216 1844 1477 1899 quibuscum

31 1899 184 1950 voluit,
218 1901 399 1955 partitus
431 1910 520 1941 est:
567 1915 681 1953 eum,
714 1902 803 1956 qui,
838 1901 1031 1957 plurimis
1067 1902 1259 1943 caedibus
1299 1901 1342 1941 in
1382 1900 1476 1942 foro

32 1956 174 2007 factis,
197 1957 402 2013 singulari
424 1957 581 1998 virtute
611 1969 655 1999 et
685 1959 823 2014 gloria
844 1959 982 2000 civem
1017 1959 1195 1999 domum
1219 1959 1257 1998 vi
1282 1968 1325 1999 et
1347 1959 1476 1999 armis

31 2013 267 2069 compulit:
290 2015 487 2066 eum,cui
509 2015 616 2056 nihil
635 2029 838 2071 umquam
862 2015 981 2056 nefas
998 2014 1081 2056 fuit
1100 2030 1178 2056 nec
1202 2016 1244 2055 in
1268 2014 1474 2066 facinore,

30 2084 112 2111 nec
144 2071 189 2112 in
218 2070 421 2113 libidine:
454 2086 567 2123 eum,
588 2073 663 2127 qui
697 2073 834 2113 aedem
868 2072 1172 2128 Nympharum
1197 2072 1404 2123 incendit,
1427 2084 1475 2114 ut

32 2129 73 2161 98
87 2128 336 2169 memoriam
361 2128 579 2184 publicam
602 2129 876 2181 recensionis,
899 2129 1056 2171 tabulis
1088 2129 1272 2185 publicis
1295 2130 1473 2186 impres-

773 2254 828 2294 qui
844 2253 994 2285 homines
1009 2254 1173 2295 improbos
1185 2254 1390 2293 interfecere,
1403 2265 1471 2286 non

773 2297 871 2327 modo
886 2297 1034 2338 impune,
1050 2297 1106 2328 sed
1127 2298 1229 2328 etiam
1251 2308 1327 2328 cum
1350 2308 1472 2338 magna

72 2254 114 2287 94
134 2252 190 2292 qui
219 2253 324 2292 legem
347 2253 438 2293 tulit]
474 2253 729 2285 Incommodum

31 2298 82 2325 est
103 2294 342 2334 quodammodo
365 2297 433 2334 qui,
456 2307 530 2326 cum
556 2297 730 2327 antecedat

0 2964 3 3051 l

32 2337 179 2376 proxime
204 2346 324 2368 nomen
352 2338 500 2369 Milonis.
543 2340 596 2369 An
619 2339 730 2379 legen-

31 2377 111 2408 dum
125 2388 225 2418 quum
241 2381 345 2418 legem
359 2381 449 2417 tulit,
464 2391 507 2411 se.
522 2381 707 2421 Pompeius.

74 2423 115 2454 95
137 2425 233 2460 atque
245 2422 313 2452 iltis
322 2422 430 2462 publ]
450 2422 564 2454 Delevi
579 2424 626 2460 in,
642 2422 729 2462 quod

32 2462 224 2500 quibusdam
239 2465 372 2504 optimis
394 2465 474 2495 Mss.
491 2466 595 2502 abest,
610 2470 643 2496 et
658 2466 728 2495 sine

31 2503 124 2534 libris
138 2513 263 2543 quoque
293 2506 480 2545 delendum,
499 2508 645 2538 deletum
655 2508 727 2548 jam

35 2555 56 2577 a
68 2545 184 2577 Lamb.
200 2552 233 2577 et
246 2547 386 2578 Graevio.

74 2587 115 2621 96
136 2591 233 2628 atque
253 2591 385 2621 mentiri
404 2592 554 2631 gloriose]
580 2592 658 2622 Non
674 2602 725 2622 ce-

34 2638 109 2669 pere
123 2628 185 2659 hoc
200 2631 319 2670 plureS‚
334 2638 367 2662 et
389 2633 425 2662 in
447 2635 579 2664 mentiri
598 2634 725 2664 labora-

33 2675 126 2707 runt,
142 2672 242 2701 etiam
258 2674 446 2714 corrigenda
470 2676 620 2706 lectione.
665 2677 725 2706 Est

33 2718 162 2743 autem:
188 2719 295 2753 posset
308 2715 413 2746 dicere
428 2718 675 2756 gloriabundus,
691 2728 725 2748 se

33 2754 233 2785 interfecisse
261 2766 317 2796 per
343 2758 474 2790 insidias
498 2765 533 2790 et
561 2770 618 2800 per
644 2762 724 2797 vim,

33 2795 120 2835 quod
135 2796 168 2825 in
185 2807 223 2827 ea
237 2798 323 2829 caede
339 2799 421 2830 bene
436 2802 571 2831 meritus
587 2808 671 2832 esset
686 2802 725 2832 de

32 2837 209 2879 ¹.epublica‚
219 2845 316 2879 atque
326 2841 404 2872 adeo
419 2843 534 2874 melius
544 2854 641 2883 quam
655 2844 725 2881 aiii,

94 2893 201 2921 ΥΟΕ.
229 2896 283 2923 11.
308 2897 350 2924 P.
375 2898 429 2925 11.

716 2892 793 2928 411

773 2339 891 2379 gloria.

815 2385 854 2416 97
869 2380 1084 2422 judicarant]
1109 2382 1163 2412 Sic
1185 2383 1308 2422 reperit
1329 2383 1364 2412 in
1387 2382 1468 2413 Mss.

771 2422 890 2455 Lamb.
905 2428 1003 2463 atque
1018 2424 1138 2454 edidit:
1163 2424 1249 2463 quod
1271 2424 1353 2454 mihi
1368 2425 1471 2455 etiam

770 2466 806 2496 in
819 2470 966 2497 mentem
981 2476 1041 2497 sua
1061 2472 1178 2507 sponte
1192 2467 1296 2504 venit,
1310 2476 1368 2507 pro
1373 2465 1470 2507 judi-

770 2510 902 2539 cabant.
1369 2511 1371 2513 '

812 2553 852 2585 98
885 2552 1076 2582 memoriam
1106 2551 1275 2591 publicam
1297 2560 1360 2580 rec.
1389 2549 1465 2588 δια]

767 2592 947 2624 Lambinus
961 2593 1180 2632 tautologiam
1197 2593 1340 2622 sentiens
1355 2593 1388 2622 in
1404 2591 1468 2622 hoc

767 2634 854 2672 loco,
870 2635 1011 2665 correxit
1024 2637 1165 2675 publica?
1184 2635 1385 2664 recensionis.
1410 2643 1466 2663 ne·

767 2687 825 2707 mo
844 2687 920 2707 eum
943 2685 1073 2707 secutus
1096 2682 1168 2714 est3
1192 2682 1290 2715 atque
1311 2678 1380 2714 ejus
1395 2686 1466 2706 eor—

768 2719 946 2749 rectionem
961 2719 1062 2749 etiam
1085 2720 1333 2758 impugnarunt.
1349 2727 1467 2748 memo-

768 2762 823 2791 ria
833 2762 966 2800 publica
981 2771 1058 2790 sane
1082 2762 1163 2790 bene
1179 2760 1316 2789 dieitur:
1340 2759 1408 2796 sed,
1423 2769 1466 2790 an

769 2804 927 2833 memoria
937 2804 1082 2842 publica,
1107 2803 1227 2832 tabulis
1243 2802 1384 2841 publicis
1406 2803 1464 2833 im-

763 2854 892 2883 pressa,
906 2845 1064 2876 Cicerone
1087 2844 1222 2884 dig-num
1246 2844 1301 2880 sit,
1325 2843 1358 2874 id
1379 2853 1465 2883 quae-
