1785 3185
176 1792 182 1798 '
196 1769 215 1800 ²
236 1789 267 1842 a:
280 1784 518 1819 revocatus.

275 104 375 144 1350

326 213 560 258 anteponant,
576 214 689 258 neque
699 207 910 252 Antonium,
929 220 1031 258 quem
1046 208 1221 246 inclusum
1240 214 1274 245 et
1292 213 1390 255 perne
1407 209 1634 247 constrictum
1648 216 1705 249 te-

862 89 1114 143 oRATm

325 266 448 302 neunt,
466 262 560 299 elabi
578 273 596 298 e
613 261 774 298 manibus
788 263 992 310 patiantur,
1007 263 1069 298 sed
1085 262 1255 310 rempubl.
1275 264 1310 298 in
1322 264 1534 308 perpetuum
1552 268 1645 299 metu
1663 269 1700 300 et

324 313 486 361 periculo
505 315 663 352 liberent.

235 391 552 457 IPARVIS
584 409 636 451 de
668 411 808 462 rebus,
831 410 904 454 sed
936 408 1114 450 fortasse
1146 411 1389 452 necessariis
1422 409 1696 461 consulimur,

313 475 422 508 atres
441 467 688 523 conscripti.
732 468 799 509 De
821 465 966 525 Appia
987 467 1068 517 via,
1087 475 1130 506 et
1150 465 1202 506 de
1224 465 1419 518 Moneta,
1442 468 1614 508 consul:
1645 469 1697 508 de

280 483 487 580 {nupercis
508 523 703 565 tribunus
726 524 861 579 plebis
895 521 1038 564 refert.
1069 535 1247 577 quarum
1279 538 1417 564 rerum
1450 525 1527 565 etsi
1560 523 1699 565 facilis

279 581 514 637 explicatio
535 581 715 632 videtur,
739 591 881 623 tamen
909 580 1102 620 lauimus
1131 580 1298 620 aberrat
1319 596 1343 621 a
1365 581 1588 631 sententia,
1609 595 1699 620 sus-

277 652 435 695 pensus
475 638 587 679 curis
629 637 878 692 majoribus.
937 636 1137 678 Adducta
1169 643 1234 676 est
1269 637 1397 688 enim,
1428 647 1566 692 patres
1595 651 1700 678 con-

279 695 443 751 scripti,
468 708 531 736 res
554 694 597 734 in
619 693 854 736 maximum
881 692 1131 751 periculum,
1152 702 1195 732 et
1212 702 1451 734 extremum
1473 707 1595 749 piene
1613 693 1700 734 dis-

279 766 456 794 Cl'lmen.

517 749 619 793 Non
639 749 730 792 sine
751 765 879 793 causa
898 751 1135 808 legatorum
1168 749 1291 790 istam
1324 751 1569 791 missionem
1592 764 1701 791 sem-

275 824 355 908 per
376 808 515 859 timui,
533 821 765 863 numquam
790 808 965 866 probavi
985 825 993 849 :

1025 820 1203 863 quorum
1236 806 1395 847 reditus
1427 807 1530 862 quid
1560 806 1615 847 sit
1640 806 1701 847 al*

296 874 454 916 aturus,
487 865 663 920 ignoro:
695 865 962 922 exspectatio
991 865 1163 920 quidem
1192 873 1398 918 quantum
1430 864 1579 904 afferat
1611 863 1702 904 lan-

280 923 426 979 guoris
449 922 616 972 animis,
658 923 753 976 quis
783 937 868 964 non
893 922 1036 964 videt?
1066 936 1150 963 non
1180 920 1292 962 enim
1324 935 1368 961 se
1390 920 1602 970 terrentii,
1625 921 1699 975 qui

283 988 476 1021 senatum
495 978 642 1019 dolent
664 978 750 1020 2ad
772 978 1042 1021 auctoritatis
1066 978 1256 1034 pristinae
1290 991 1406 1033 spem
1432 976 1698 1027 reviviscere,

282 1035 564 1100 conjunctum
585 1034 685 1078 huic
703 1036 841 1078 ordini
866 1035 1069 1092 populum
1096 1034 1354 1086 Romanum,
1382 1035 1700 1090 conspirantem

243 1094 270 1129 2
284 1091 468 1144 Italiam,
489 1101 658 1148 paratos
680 1094 908 1144 exercitus,
926 1091 1152 1148 expeditos
1172 1091 1315 1132 duces.
1372 1092 1470 1134 Jarn
1491 1106 1604 1132 nuuc
1622 1090 1702 1131 fin·-

281 1158 392 1205 gunt
433 1162 636 1205 responsa
667 1149 862 1201 Antonii,
885 1152 1053 1204 3eaque
1085 1147 1334 1190 defendunt.
1373 1148 1443 1188 alii
1486 1147 1700 1204 postulare

279 1206 416 1258 illum,
439 1215 487 1247 ut
508 1219 655 1247 omnes
678 1207 891 1250 exercitus
914 1206 1201 1247 dimittantur.

1261 1204 1434 1246 Scilicet
1456 1205 1618 1260 legatos
1647 1206 1700 1247 ad

279 1277 378 1305 eum
410 1262 619 1314 misimus,
641 1277 727 1305 non
757 1273 804 1305 ut
835 1271 1014 1319 pareret,
1039 1272 1083 1303 et
1103 1262 1220 1303 dicto
1249 1262 1424 1303 audiens
1456 1271 1567 1302 esset
1600 1261 1701 1304 huic

279 1319 436 1371 ordini,
469 1319 542 1361 sed
566 1329 612 1361 ut
643 1320 914 1364 conditiones
943 1320 1086 1370 ferret,
1108 1318 1222 1375 leges
1245 1319 1495 1375 imponeret,
1518 1333 1701 1360 reserare

280 1391 359 1418 nos
379 1377 539 1419 exteris
559 1377 760 1433 gentibus
785 1377 952 1419 Italiam
979 1377 1174 1432 juberet:
1207 1391 1249 1417 se
1279 1376 1515 1432 praesertim
1537 1375 1701 1417 incolu-

280 1433 358 1485 mi,
379 1447 507 1490 aquo
526 1433 663 1489 majus
697 1434 949 1491 periculum,
972 1448 1100 1489 quam
1137 1434 1191 1474 ab
1222 1432 1317 1474 ullis
1349 1433 1596 1475 nationibus
1624 1447 1700 1474 ex-

280 1489 593 1533 timescendum
613 1500 690 1532 est.
714 1491 799 1543 alii,
819 1492 1033 1533 remittere
1054 1504 1150 1532 eum
1172 1491 1297 1531 nobis
1320 1492 1339 1520 4
1353 1489 1538 1531 Galliam
1559 1490 1704 1532 citeri-

245 1548 425 1590 3orem:
458 1547 572 1589 illam
605 1548 799 1592 ultimam
824 1549 1065 1605 postulare:
1098 1547 1324 1604 praeclare:
1354 1562 1408 1589 ex
1431 1562 1515 1602 qua
1535 1562 1620 1588 non
1643 1547 1701 1589 le-

280 1605 432 1661 giones
462 1604 614 1655 solum,
638 1606 710 1646 sed
733 1606 864 1647 etiam
891 1606 1087 1647 nationes
1113 1605 1166 1646 ad
1199 1605 1347 1646 urbem
1370 1614 1548 1646 conetur
1568 1605 1702 1647 addu-

279 1677 390 1703 cere.
413 1660 500 1712 alii,
523 1665 541 1693 5
556 1661 663 1703 nihil
679 1677 775 1704 eum
792 1663 884 1717 jam
908 1662 987 1703 nisi
1010 1661 1249 1702 modestum
1274 1662 1500 1719 postulare.
1552 1661 1702 1704 Mace-

278 1719 455 1761 doniam
477 1732 596 1761 suam
616 1729 742 1761 vocat
762 1720 963 1761 omnino:
995 1718 1198 1773 quoniam
1222 1717 1351 1759 Caius
1374 1717 1503 1759 frater
1523 1729 1587 1760 est
1603 1720 1702 1762 inde

323 1920 336 1948 1
363 1918 494 1948 animus
507 1916 654 1958 aberras]
688 1916 727 1948 ln
740 1916 791 1949 ed.
807 1917 903 1948 Grut.
920 1921 971 1948 est

279 1959 394 1991 aberat
422 1968 530 1990 errore
557 1969 744 2000 operarum,
776 1960 829 2001 (ut
857 1960 891 1989 in
919 1960 970 1990 ed.

279 2002 377 2040 Ven.)
396 2002 495 2040 quiet
511 2002 544 2032 in
560 2003 807 2041 repetitionibus
823 2003 891 2041 ejus
907 2011 971 2031 ser-

280 2048 374 2074 vatus
387 2048 446 2074 est.
478 2043 542 2075 Sed
555 2044 632 2082 qnid
645 2049 711 2074 est:
736 2046 868 2074 animus
881 2044 973 2074 aber-

279 2090 337 2116 rat
351 2096 371 2116 a
385 2086 571 2116 sententia?
592 2086 737 2126 profecto
761 2085 853 2116 nihil.
877 2085 974 2115 intel-

277 2126 391 2167 ligunt
417 2128 565 2158 dicenda.
609 2127 672 2158 Sed
699 2128 770 2166 quis
795 2130 841 2158 sic
869 2128 971 2158 dixit?

280 2170 385 2200 Credo
413 2170 605 2200 Ciceronem
627 2170 820 2210 simpliciter
842 2170 971 2206 dixisse,

279 2213 336 2242 sed
359 2212 490 2241 animus
510 2213 655 2248 aberrat,
677 2216 716 2242 ut
738 2212 779 2242 ad
800 2211 869 2242 Att.
891 2211 972 2248 XII,

279 2257 330 2284 23.
353 2253 516 2283 scribendo
532 2255 629 2291 levor,
641 2254 697 2284 secl
711 2259 821 2284 tamen
836 2254 950 2284 aberro
960 2265 970 2282 .-

280 2296 303 2326 i.
319 2306 348 2326 e.
365 2295 540 2334 impeditur
554 2296 682 2325 animus
698 2305 801 2331 meus,
823 2305 887 2335 quo
910 2296 970 2326 mi-

281 2346 342 2367 nus
365 2337 465 2377 possit
480 2338 539 2368 Sne.
555 2337 715 2378 glossator
729 2337 852 2368 addidit
867 2348 888 2368 a
902 2348 972 2369 sen-

281 2380 395 2410 tentia.

324 2425 343 2452 2
357 2422 531 2461 ‹td—spem
542 2421 743 2461 reviviscere]
761 2421 836 2452 Vat.
851 2423 971 2452 revire-

280 2474 382 2501 scere,
403 2469 489 2494 unde
511 2467 546 2493 et
566 2463 712 2493 Graevius
733 2463 846 2500 edidit,
868 2465 973 2504 quiet

281 2505 439 2546 exemplis
453 2506 540 2536 notis
554 2504 712 2536 defendit.
729 2516 788 2535 nec
803 2506 972 2545 quisquam

280 2548 410 2579 dubitet
425 2549 616 2578 revirescere
630 2556 688 2586 pro
703 2548 838 2578 recreari
853 2548 971 2579 dicere.

281 2589 344 2620 Sed
357 2590 522 2620 Ciceronis
534 2589 691 2619 usitatum
706 2595 741 2620 ct
755 2589 887 2620 solenne
902 2600 971 2620 ver-

281 2632 361 2662 bum
376 2636 426 2662 est
442 2632 640 2667 reviviscere,
657 2641 731 2661 eum
748 2631 786 2662 ‹le
806 2631 971 2668 libertate,

282 2684 350 2714 rep.
373 2678 488 2703 senatu
504 2672 724 2712 similibusque
741 2673 894 2712 loquitur.
911 2674 972 2703 ita-

280 2726 342 2754 que
358 2716 390 2745 id
404 2716 540 2752 servavi,
557 2715 737 2755 praesertim
752 2720 886 2755 propter
895 2725 973 2745 con-

280 2758 496 2787 structionem
524 2758 572 2787 ad
596 2766 683 2795 spem
704 2758 853 2797 pristim&
880 2762 968 2788 auct.

280 2800 333 2830 Sic
347 2804 381 2829 et
395 2800 457 2829 Ms.
474 2799 582 2829 Guelf.
599 2799 709 2839 Huyd.

321 2844 342 2872 3
362 2843 536 2884 eademque
549 2840 740 2883 deffendunt]
758 2841 858 2874 Recte
873 2851 972 2884 eaque

579 1776 662 1817 Sed
685 1791 781 1832 quae
804 1777 1059 1834 6provincia
1089 1784 1168 1827 est,
1197 1790 1252 1816 ex
1284 1791 1368 1831 qua
1400 1776 1469 1816 illa
1492 1775 1564 1817 fax
1584 1778 1704 1819 exci-

1013 1916 1112 1947 edidit
1135 1927 1152 1947 e
1176 1917 1300 1947 duobus
1323 1917 1402 1948 Mss.
1419 1918 1578 1955 Graevius,
1601 1922 1633 1949 et
1655 1920 1702 1950 sie

1014 1959 1112 1990 habet
1126 1961 1226 1990 etiam
1244 1960 1350 1989 Guelf.
1375 1962 1428 1999 qui
1451 1967 1484 1990 et
1506 1967 1582 1991 ante
1606 1961 1704 1992 habet

1013 2001 1096 2031 «Iam
1121 2011 1218 2038 nunc,
1240 2007 1278 2032 ut
1298 2002 1369 2032 edd.
1394 2003 1433 2034 R.
1456 2003 1538 2033 Ven.
1560 2003 1616 2033 ΒΓ.
1640 2004 1702 2034 διο.

1015 2053 1074 2083 pro
1092 2053 1156 2082 quo
1172 2045 1205 2074 in
1221 2044 1294 2074 Ald.
1310 2045 1481 2084 irrepserat
1497 2055 1572 2075 non.

1057 2088 1077 2116 4
1111 2085 1258 2118 Galliam
1284 2087 1377 2117 illam
1405 2088 1572 2127 ultimam]
1604 2098 1634 2118 v.
1662 2087 1704 2118 ad

1015 2127 1058 2165 V,
1075 2128 1104 2157 ⁶2.

1058 2172 1075 2200 5
1102 2169 1288 2199 nihil—nisi
1311 2171 1442 2201 modesti
1460 2171 1511 2211 μ]
1557 2172 1608 2201 Sic
1628 2171 1700 2203 edd.

1014 2220 1063 2250 pr.
1088 2212 1168 2242 Mss.
1193 2212 1337 2250 quidam,
1365 2215 1463 2244 etiam
1491 2214 1553 2243 Gu.
1598 2214 1659 2244 Sed
1686 2225 1705 2244 e

1011 2253 1088 2284 Vat.
1124 2254 1255 2292 quidam
1290 2255 1427 2285 modeste
1453 2255 1591 2286 edidere.
1622 2256 1703 2286 bene

1014 2305 1102 2326 sane.
1134 2296 1218 2326 nihil
1243 2297 1373 2328 modesti
1399 2297 1529 2333 dicitur,
1557 2298 1611 2328 scd
1636 2307 1704 2329 non

1013 2339 1096 2368 nillil
1109 2339 1172 2368 nisi
1192 2339 1332 2369 modesti.
1377 2340 1530 2370 Ceterum
1553 2340 1701 2380 adjectivi

1015 2380 1205 2410 commodus
1220 2386 1304 2411 esset
1317 2390 1428 2411 sensus
1441 2393 1447 2410 ε
1473 2382 1619 2412 modesta
1633 2391 1704 2412 om-

1014 2423 1069 2452 nia
1081 2423 1176 2462 petit,
1189 2423 1209 2452 i.
1220 2433 1249 2453 e.
1260 2423 1443 2458 mediocria,
1455 2424 1593 2460 modica,
1605 2430 1700 2463 quem

1014 2473 1144 2494 sensum
1167 2464 1219 2495 hic
1242 2464 1331 2495 locus
1356 2465 1525 2496 desiderat.
1567 2465 1654 2506 Quid
1676 2466 1703 2496 si

1016 2507 1092 2536 fuit:
1124 2507 1208 2537 nihil
1227 2516 1301 2536 eum
1314 2506 1393 2547 jam
1414 2517 1477 2537 non
1500 2508 1702 2538 modestum?

1017 2548 1107 2578 Dum
1141 2548 1345 2584 haesitabam,
1378 2549 1542 2588 vulgatius
1575 2559 1703 2581 servare

1015 2590 1186 2621 volebam:
1229 2592 1369 2630 acceptis
1404 2591 1599 2622 lectionibus
1637 2593 1700 2622 Ms.

1014 2632 1105 2662 Leid.
1129 2633 1231 2671 reperi
1248 2633 1335 2662 hune
1350 2633 1468 2663 habere
1483 2643 1516 2664 n.
1531 2643 1606 2664 eum
1620 2633 1700 2675 jam

1013 2675 1078 2704 nisi
1095 2675 1293 2705 modestum.-
1317 2675 1349 2705 id
1365 2676 1481 2715 recepi.
1672 2695 1682 2699 ι

1057 2716 1077 2746 6
1096 2717 1262 2755 provincia
1275 2721 1333 2753 est,
1349 2727 1388 2747 ea·
1401 2727 1570 2756 qua—non
1579 2718 1699 2758 posset]

1013 2759 1066 2788 Sic
1095 2768 1209 2788 omnes
1240 2758 1326 2795 libri,
1356 2768 1437 2798 quos
1470 2759 1547 2796 vidi,
1582 2765 1702 2800 praeter

1014 2800 1121 2830 (ἔκ-ων.
1147 2801 1180 2830 in
1196 2810 1259 2839 quo
1273 2802 1373 2831 tacite
1382 2801 1482 2840 possit
1496 2801 1619 2832 editum
1641 2807 1702 2832 est.

1015 2843 1147 2874 Coi-rexi
1164 2844 1341 2874 necessario
1359 2844 1470 2884 pouit.
1492 2842 1573 2876 illud
1594 2853 1652 2875 nee
1668 2844 1704 2878 in
