1812 3147
614 87 732 125 PRO
765 87 810 125 L.
843 87 1088 126 FLACCO.
1496 90 1576 130 739

135 199 440 235 commoveret.
502 190 574 232 Sic
623 191 886 242 adolescens,
926 190 1091 247 ingenii
1137 188 1299 245 plenus,
1340 189 1575 246 locupletes
1592 197 1638 230 15

138 258 271 301 metu,
301 260 447 292 tenues
483 249 678 304 praemio,
710 248 917 290 2⁵stult0s
944 261 1086 288 errore
1117 247 1350 303 permovit:
1385 247 1445 288 sic
1479 259 1577 289 sunt

135 316 334 363 expressa
366 308 446 348 ista
479 305 696 361 praeclara,
726 321 827 362 quae
865 305 1116 355 recitantur,
1150 304 1457 360 psephismata,
1490 319 1576 346 non

137 366 372 414 sententiis,
392 377 528 419 neque
550 364 882 405 auctoritatibus
899 362 1127 412 declarata,
1144 362 1185 392 26
1199 376 1277 402 nec
1291 361 1576 416 jurejurando

133 423 379 472 constricta,
411 422 481 462 sed
514 420 775 477 porrigenda
804 435 949 470 manu,
982 418 1369 476 profundendoque
1390 418 1577 460 clamore

131 477 416 520 multitudinis
438 478 683 519 concitatae.

194 535 235 576 O
270 547 430 577 morem
473 535 742 592 praeclarum,
777 534 1152 590 disciplinamque,
1180 547 1307 589 quam
1344 547 1368 573 a
1400 532 1619 597 majori-7

133 591 211 633 bus
244 594 505 649 accepimus,
537 593 570 633 si
604 593 779 647 quidem
813 593 1080 633 teneremus!
1115 591 1185 632 sed
1222 591 1366 631 nescio
1390 605 1476 645 quo
1499 605 1573 646 pa-

131 650 308 705 ctojam
332 652 384 691 de
398 651 594 690 manibus
617 650 815 691 elabitur.
876 652 913 683 27
933 649 1106 690 Nullam
1129 649 1242 689 enim
1262 647 1323 695 illi
1347 648 1483 688 nostri
1506 663 1572 688 sa-

132 707 390 762 pientissimi
413 718 456 748 et
478 708 736 749 sanctissimi
761 707 842 747 viri
866 706 952 748 vim
976 707 1198 747 concionis
1221 720 1313 746 esse
1331 705 1572 746 voluerunt.

131 778 229 818 quae
253 766 451 806 scisceret
484 764 643 820 plebes,
674 775 749 806 aut
780 779 878 819 quae
911 764 1095 820 populus
1122 764 1324 819 juberet3
1357 772 1573 804 summota

132 823 356 871 concione,
379 823 620 863 distributis
652 822 860 879 partibus,
884 822 1082 862 tributim
1111 832 1153 862 ct
1189 820 1465 862 centuriatim
1498 820 1573 862 de-.

133 879 302 936 scriptis
323 881 559 930 ordinibus,
577 880 798 931 classibus,
822 880 1039 930 aetatibus,
1062 879 1219 920 auditis
1239 878 1503 928 auctoribus,
1527 892 1572 919 re

132 937 289 978 multos
320 938 409 978 dies
433 938 708 994 promulgata
728 948 771 978 et
794 937 987 993 cognita,
1008 936 1154 993 juberi
1180 935 1401 990 vetarique
1425 934 1569 976 volue-

131 1003 244 1034 runt.
306 994 559 1036 G-raecorum
585 1006 726 1036 autem
753 1005 857 1036 totae
892 996 1146 1050 respublicae
1182 993 1368 1034 sedentis
1392 993 1568 1034 concio·
1584 1003 1631 1036 16

131 1052 197 1092 nis
221 1053 459 1093 temeritate
489 1053 858 1094 administrantur.
920 1051 1087 1108 Itaque,
1120 1061 1167 1091 ut
1199 1051 1309 1092 hanc
1333 1049 1566 1102 Graeciam,

128 1122 226 1162 quae
242 1109 412 1164 jamdiu
436 1110 521 1150 suis
552 1111 742 1152 consiliis
765 1109 960 1166 perculsa
979 1119 1022 1150 et
1045 1109 1206 1150 afflicta
1227 1117 1305 1158 est,
1337 1108 1535 1148 omittam
1555 1127 1564 1150 :

131 1165 202 1206 illa
233 1177 368 1218 vetus,
399 1182 495 1222 quae
538 1169 756 1223 quondam
789 1167 961 1223 opibus,
991 1166 1189 1224 imperio,
1224 1165 1362 1221 gloria
1404 1165 1611 1217 floruit‚b.

131 1223 214 1265 hoc
244 1238 330 1266 uno
361 1225 474 1265 malo
504 1227 711 1277 concidit,
750 1224 948 1266 libertate
989 1223 1273 1265 immoderata
1313 1237 1363 1264 ac
1394 1222 1569 1264 licentia

129 1282 406 1323 concionum.
484 1281 596 1324 Cum
642 1284 685 1324 in
729 1282 897 1324 theatro
940 1280 1128 1339 imperiti
1172 1279 1385 1331 homines,
1427 1295 1569 1322 rerum

131 1339 323 1380 omnium
359 1340 482 1381 rudes
516 1340 742 1396 ignarique
780 1339 1088 1381 consederant:
1131 1347 1223 1379 tum
1261 1337 1368 1379 bella
1399 1338 1569 1379 inutilia

131 1396 449 1452 suscipiebant3
482 1407 572 1438 tum
597 1399 822 1439 seditiosos
849 1398 1043 1438 nomines
1074 1396 1324 1453 reipublicae
1356 1396 1568 1451 praeficie-

131 1453 261 1494 bant:
315 1466 406 1495 tum
446 1456 610 1511 optime
651 1455 827 1506 meritos
872 1455 988 1497 cives
1030 1469 1054 1495 e
1095 1454 1274 1496 civitate
1316 1452 1567 1508 ejiciebant.

131 1509 299 1557 Quodsi
324 1511 416 1552 haec
444 1511 629 1553 Athenis
653 1523 759 1563 tum,
781 1527 880 1554 curn
914 1512 996 1554 illae
1029 1527 1116 1553 non
1140 1511 1278 1552 solum
1309 1510 1352 1551 in
1379 1510 1568 1563 Graecia,
1584 1517 1633 1556 17

130 1566 203 1609 sed
227 1583 360 1625 prope
381 1571 549 1611 cunctis
572 1572 775 1626 gentibus
798 1570 1036 1621 enitebant,
1059 1568 1254 1610 accidere
1285 1578 1385 1609 sunt
1416 1568 1568 1610 solita:

127 1639 257 1681 quam
292 1627 629 1668 moderationem
662 1628 822 1684 putatis
847 1629 888 1668 in
915 1627 1108 1684 Phrygia
1130 1636 1205 1667 aut
1227 1627 1271 1667 in
1297 1625 1446 1682 Mysia
1467 1641 1571 1668 con-

129 1682 303 1724 cionum
341 1683 499 1727 fuisse?
539 1686 720 1726 Nostras
765 1686 998 1727 conciones
1034 1685 1202 1726 illarum
1235 1684 1463 1725 nationum
1494 1684 1574 1725 ho-

128 1740 265 1781 mines
300 1741 549 1798 plerumque
585 1743 856 1799 perturbant.
932 1742 1068 1794 Quid,
1099 1756 1197 1782 cum
1230 1741 1308 1782 soli
1344 1752 1443 1782 sunt
1472 1741 1571 1797 ipsi,

129 1798 302 1839 tandem
326 1799 415 1840 fieri
450 1801 638 1856 putatis?
672 1800 822 1842 Caesus
854 1810 919 1843 est
950 1801 1084 1857 virgis
1111 1799 1318 1855 Cymaeus
1345 1798 1413 1840 ille
1435 1798 1574 1840 Athe-

127 1869 326 1912 nagoraS,
366 1859 440 1912 qui
484 1858 527 1899 in
571 1858 683 1899 fame
726 1858 991 1900 frumentum
1029 1869 1261 1913 exportare
1300 1865 1391 1897 erat
1429 1871 1572 1897 ausus.

130 1911 247 1954 Data
269 1916 421 1955 concio
448 1915 580 1957 Laelio
602 1926 682 1957 est.
705 1917 913 1973 processit
935 1915 1019 1968 ille,
1040 1925 1084 1956 et
1107 1914 1289 1956 Graecus
1308 1914 1421 1970 apud
1446 1914 1573 1955 Grae-

127 1985 201 2012 cos
230 1985 315 2012 non
341 1972 392 2013 de
414 1973 540 2028 culpa
562 1989 637 2014 sua
667 1974 794 2025 dixit,
830 1974 901 2016 sed
924 1974 976 2015 de
1011 1986 1145 2030 poena
1167 1981 1344 2028 questus
1367 1981 1446 2012 est.
1472 1986 1572 2027 por-

127 2039 333 2070 rexerunt
356 2044 527 2073 manns:
561 2031 808 2088 psephisma
831 2040 980 2073 natum
1004 2038 1083 2071 est.
1146 2029 1248 2071 Hoc
1270 2029 1571 2070 testimonium

128 2088 220 2127 est?
253 2086 403 2142 Nuper
433 2089 609 2144 epulati,
643 2089 785 2144 paullo
824 2098 924 2130 ante
957 2087 1075 2130 omni
1105 2087 1337 2144 largitione
1375 2086 1570 2137 saturati,

129 2142 400 2200 Pergameni,
423 2146 538 2201 quod
564 2145 859 2199 Mithridates,
881 2146 955 2203 qui
986 2144 1310 2186 multitudinem
1342 2143 1458 2185 illam
1481 2159 1571 2185 non

127 2202 397 2253 auctoritate,
417 2204 488 2245 sed
512 2204 662 2259 sagina
686 2205 874 2257 tenebat,
899 2218 942 2245 se
964 2202 1070 2244 velle
1101 2202 1232 2253 dixit,
1254 2202 1297 2243 id
1321 2212 1501 2252 sutores,
1525 2201 1571 2242 id

129 2259 288 2311 zonarii
332 2260 672 2303 conclamarunt.
752 2261 853 2304 Hoc
894 2261 1192 2302 testimonium
1235 2267 1300 2300 est
1350 2259 1570 2300 civitatis?

130 2312 225 2372 Ego
249 2325 376 2358 testes
406 2333 431 2358 a
454 2318 602 2360 Sicilia
622 2319 795 2375 publice
817 2319 939 2360 duxi.
965 2332 1112 2359 verum
1147 2326 1268 2359 erant
1301 2330 1352 2357 ea
1373 2317 1570 2358 testimo-

126 2373 198 2415 nia
232 2387 319 2415 non
347 2375 577 2418 concitatae
613 2377 853 2429 concionis,
888 2376 962 2417 sed
989 2376 1127 2431 jurati
1162 2375 1349 2416 senatus.
1423 2375 1570 2421 Quare
1586 2380 1633 2415 18

170 2505 210 2535 25
231 2506 346 2535 stultos
358 2506 481 2547 errore]
507 2506 602 2538 Falsa
615 2507 770 2548 opinione
787 2506 826 2537 de
870 2505 998 2543 abnuit,
1013 2506 1039 2536 si
1061 2516 1079 2536 e
1102 2504 1193 2536 libris
1207 2505 1262 2535 sit.
1307 2505 1454 2535 Graevius
1477 2513 1572 2544 repu-

126 2543 273 2586 Pompeii
289 2547 470 2579 voluntate.
869 2548 951 2585 diat,
968 2549 1055 2588 quod
1069 2558 1130 2579 nee
1152 2549 1185 2578 in
1208 2546 1326 2578 Faerni
1349 2547 1493 2578 editione
1515 2547 1573 2582 sit,

171 2589 212 2619 26
233 2588 408 2630 necjurcgj.
422 2595 540 2622 constr.
556 2591 613 2621 sed
618 2593 748 2631 pov-rig.
764 2591 823 2631 m.]
870 2600 931 2621 nec
956 2591 989 2621 in
1016 2591 1097 2621 Mss.
1121 2590 1235 2620 franc.
1281 2590 1325 2620 At
1350 2600 1410 2620 eur
1433 2599 1500 2620 non
1523 2589 1574 2619 in-

129 2639 192 2660 non
205 2629 238 2671 j.
253 2630 286 2671 j.
308 2634 495 2671 constricta,
514 2637 554 2663 ut
575 2635 767 2664 testimonia
781 2634 828 2664 le.
868 2643 1000 2673 spexere
1010 2633 1324 2664 edd.vett.Graevius
1332 2633 1472 2672 primam
1482 2631 1574 2662 illam

130 2672 223 2716 gibus
244 2673 341 2705 Rom.
388 2675 466 2705 Mox
489 2687 518 2708 c.
533 2679 562 2710 7.
579 2680 629 2705 est
643 2676 830 2716 psephisma
872 2685 979 2713 suam,
993 2682 1027 2706 et
1042 2675 1131 2706 Med.
1175 2675 1300 2705 Omnes
1322 2673 1394 2705 edd.
1419 2680 1499 2704 vett.
1516 2673 1574 2704 ha-

118 2716 234 2753 Jurati
256 2720 398 2748 senatus.
417 2719 621 2758 porrigenda
635 2729 738 2749 manu
752 2719 829 2758 quid
871 2718 964 2748 bent.
988 2718 1118 2749 Primus
1127 2717 1238 2748 omisit
1250 2717 1285 2747 P.
1297 2717 1471 2747 Manutius
1484 2719 1576 2746 1540.

128 2755 183 2789 sit,
198 2758 310 2796 paullo
324 2763 397 2798 post
410 2760 479 2800 ipse
494 2760 608 2792 Cicero
622 2761 730 2792 docet.
870 2761 956 2791 forte
972 2770 1058 2792 casu.
1103 2760 1175 2801 Ego
1189 2760 1333 2797 restitui,
1344 2759 1575 2798 conseruitque

170 2800 208 2832 27
232 2799 376 2830 Nullam
387 2802 439 2832 illi
449 2802 498 2842 πμ]
514 2802 547 2833 J.
562 2802 746 2834 Gronovius
757 2812 827 2834 mo-
869 2808 905 2833 et
920 2803 985 2835 Ms.
1007 2803 1116 2834 Gueif.

131 2845 201 2878 net,
229 2840 412 2875 victorium
445 2844 602 2876 addidisse
629 2846 731 2876 mim.-
766 2855 826 2876 nec

784 2894 920 2930 Sc*
