1817 3169
539 115 604 154 IN
631 114 676 154 L.
703 112 985 152 PISONEM.
1379 117 1475 152 1131

50 223 149 267 teris
172 219 485 278 implorandum
510 218 694 275 putavit.
717 217 800 258 mei
822 216 977 272 capitis
1004 217 1198 258 servandi
1229 232 1358 259 causa
1389 218 1478 259 Ro-
1491 221 1584 260 P-87·

51 294 163 323 mam
195 293 281 319 uno
312 287 518 333 tempore,
539 275 658 331 quasi
692 275 816 330 signo
847 274 963 323 dato,
987 271 1113 314 Italia
1143 283 1235 314 tota
1263 273 1523 318 eonvenit.⁸'

51 338 104 379 de
127 350 221 377 mea
242 334 390 384 salute,
415 334 463 374 P.
486 332 670 382 Lentuli,
694 330 1037 387 praestantissimi
1062 330 1155 380 viri,
1178 341 1305 385 atque
1329 334 1484 388 optimi

52 392 252 443 consulis,
286 391 368 433 Cn.
400 390 614 446 Pompeii,
647 387 869 430 clarissimi
904 396 1033 443 atque
1064 387 1333 428 invictissimi
1363 391 1486 440 civis,

53 459 376 504 ceterorumque
398 448 656 504 principum,
679 445 967 486 celeberrimae
990 452 1033 484 et
1056 446 1094 475 55
1105 445 1361 500 gratissimae
1385 461 1489 487 con-

53 508 197 548 ciones
230 505 416 547 fuerunt.
478 504 545 546 De
577 518 644 545 mc
667 512 836 544 senatus
860 502 920 542 ita
940 501 1145 553 decrevit,
1170 501 1252 542 Cn.
1277 502 1489 558 Pompeio

54 574 242 614 auctore,
264 573 307 604 et
337 562 429 617 ejus
460 560 684 602 sententiae
718 559 925 616 principe,
955 567 1017 609 ut,
1049 558 1082 599 si
1115 559 1210 614 quis
1242 559 1492 615 impedisset

57 621 239 662 reditum
271 633 428 669 meum,
451 619 494 659 in
526 617 714 659 hostium
746 630 923 657 numero
954 625 1205 672 putaretur:
1239 616 1376 672 iisque
1400 631 1492 657 ver-

59 678 123 719 bis
145 692 195 718 ea
215 677 268 718 de
290 691 357 717 me
391 684 561 716 senatus
586 674 817 716 auctoritas
847 672 1060 714 declarata
1081 683 1159 724 est,
1184 682 1230 713 ut
1252 674 1410 714 nemini
1436 674 1492 714 sit

59 734 302 790 triumphus
335 732 704 782 honorificentius,
740 745 866 785 quam
904 730 1009 770 mihi
1045 731 1154 771 salus
1191 731 1492 786 restitutioque

60 793 309 849 perscripta.
356 790 424 832 De
446 804 526 840 me,
547 803 644 830 cum
668 802 815 829 omnes
838 787 1111 843 magistratus
1134 787 1556 844 promulgassent,35

61 859 215 905 praeter
246 862 374 888 unum
409 859 649 903 praetorem,
672 860 696 885 a
718 859 803 899 quo
835 859 919 884 non
954 843 1036 884 fuit
1068 844 1386 900 postulandum,
1412 846 1495 886 fra-

64 917 166 946 trem
199 905 361 945 inimici
393 903 490 953 mei,
515 916 752 959 praeterque
773 901 880 942 duos
902 902 954 942 de
976 901 1116 958 lapide
1137 913 1275 943 emtos
1300 903 1495 943 tribunos

62 963 214 1019 plebis,
237 962 374 1018 legem
405 960 591 1002 comitiis
622 960 872 1001 centuriatis
906 957 1003 999 tulit
1036 959 1086 1000 P.
1112 959 1317 1000 Lentulus
1349 960 1499 1001 consul

63 1021 116 1060 de
145 1018 322 1075 collegae
356 1018 412 1065 Q.
438 1017 604 1058 Metelli
627 1016 867 1058 sententia:
901 1030 1028 1071 quein
1052 1031 1220 1058 mecum
1242 1017 1389 1058 eadem
1414 1031 1499 1057 res-

64 1076 251 1133 publica,
282 1090 378 1130 quae
417 1075 460 1116 in
493 1075 710 1116 tribunatu
743 1074 835 1129 ejus
867 1073 1150 1128 disjunxerat,
1182 1075 1224 1115 in
1257 1074 1498 1126 consulatu,

67 1134 224 1175 virtute
254 1133 407 1188 optimi
437 1147 486 1173 ac
517 1131 746 1187 justissimi
783 1131 875 1180 viri,
909 1131 1222 1186 sapientiaque,
1251 1132 1497 1188 conjunxit.

67 1191 177 1238 Quae
209 1190 277 1231 lex
309 1189 669 1245 quemadmodum
703 1197 881 1244 accepta
912 1187 981 1239 sit,
1014 1189 1118 1243 quid
1152 1203 1218 1229 me
1249 1190 1405 1231 attinet
1434 1189 1565 1230 di-36

65 1249 187 1289 cere?
218 1261 272 1288 ex
297 1248 418 1288 vobis
449 1246 592 1297 audio,
615 1245 775 1287 nemini
807 1245 892 1286 civi
925 1245 1069 1296 ullam,
1091 1260 1176 1300 quo
1208 1247 1349 1288 minus
1379 1247 1501 1288 ades-

67 1314 147 1356 aet,
169 1305 270 1345 satis
295 1304 458 1359 justam
489 1303 812 1344 excusationem
843 1315 934 1342 esse
963 1303 1123 1344 visam:
1157 1303 1282 1344 nullis
1313 1304 1501 1345 comitiis

69 1375 288 1417 umquam,
326 1362 365 1392 56
379 1375 516 1416 neque
546 1360 866 1401 multitudinem
897 1359 1121 1401 hominum
1157 1369 1333 1412 tantam,
1364 1375 1505 1417 neque

71 1419 401 1476 splendidiorem
432 1418 589 1460 fuisse:
622 1417 705 1458 hoc
727 1426 842 1458 certe
866 1416 1004 1467 video,
1027 1417 1141 1472 quod
1166 1417 1357 1459 indicant
1380 1420 1505 1460 tabu-

70 1476 121 1518 lae
154 1476 354 1533 publicae,
385 1478 423 1509 57
438 1490 513 1517 vos
544 1484 778 1531 rogatores,
810 1488 885 1514 vos
916 1474 1176 1525 diribitores,
1201 1490 1274 1515 vos
1306 1477 1505 1518 custodes

70 1533 201 1575 fuisse
239 1533 502 1574 tabularum:
534 1542 592 1583 et,
624 1532 739 1588 quod
778 1531 821 1571 in
860 1531 1095 1573 honoribus
1135 1540 1372 1574 vestrorum
1407 1549 1505 1590 pro—

70 1591 330 1648 pinquorum
373 1604 456 1630 non
500 1588 656 1640 facitis,
698 1588 762 1629 vel
804 1589 943 1629 aetatis
987 1590 1281 1640 excusatione,
1320 1591 1384 1632 vel
1427 1592 1505 1633 ho·

71 1648 201 1699 noris,
224 1647 268 1689 id
297 1648 342 1689 in
373 1647 507 1689 salute
536 1661 646 1698 mea,
668 1646 784 1687 nullo
815 1656 1009 1702 rogante,
1032 1649 1071 1678 53
1089 1662 1160 1688 vos
1185 1656 1324 1689 vestra
1351 1660 1504 1706 sponte

74 1704 251 1747 fecistis.

133 1761 296 1804 Confer
327 1775 455 1813 nunc,
478 1759 665 1816 Epicure
694 1768 854 1811 noster,
876 1775 929 1802 ex
961 1761 1064 1802 hara
1094 1761 1317 1819 producte,
1340 1778 1425 1804 non
1448 1779 1502 1806 ex
1521 1745 1589 1799 16

75 1819 236 1870 schola,
263 1818 426 1870 confer,
455 1818 488 1859 si
521 1819 666 1869 audes,
693 1818 933 1859 absentiam
963 1828 1080 1860 tuam
1113 1835 1213 1861 cum
1242 1820 1351 1861 mea.
1412 1821 1568 1863 Ob-37

75 1876 244 1918 tinuisti
278 1875 544 1931 provinciam
577 1875 843 1917 consularem
886 1875 1044 1917 finibus
1078 1876 1144 1928 iis,
1183 1892 1291 1932 quos
1327 1877 1397 1919 lex
1431 1894 1507 1920 cu-

76 1933 271 1990 piditatis
293 1942 394 1984 tuae,
411 1947 498 1974 non
522 1947 628 1989 quos
651 1932 720 1974 lex
743 1933 889 1988 generi
921 1934 982 1975 tui
1015 1934 1253 1990 pepigerat.
1277 1950 1390 1987 nam,
1412 1935 1506 1993 lege
1518 1933 1550 1964 b.

79 1990 263 2033 Caesaris
291 1990 532 2046 justissima
564 1999 692 2045 atque
730 1990 909 2046 optima,
944 1991 1090 2047 populi
1129 1992 1268 2042 liberi,
1305 1992 1430 2048 plane
1464 2003 1509 2036 et

79 2061 177 2090 vere
198 2056 320 2089 erant
348 2046 495 2089 liberi:
527 2047 621 2102 lege
647 2056 791 2088 autem
819 2061 883 2099 ea,
904 2062 1034 2103 quam
1061 2063 1187 2090 nemo
1218 2049 1371 2105 legem,
1400 2066 1513 2108 prae-

79 2113 144 2147 ter
173 2114 214 2146 te
249 2113 292 2146 et
320 2104 530 2161 collegam
562 2113 700 2156 tuum,
722 2105 907 2161 putavit,
931 2105 1070 2146 omnis
1097 2115 1187 2147 erat
1218 2107 1297 2148 tibi
1332 2107 1514 2160 Achaia,

123 2241 162 2271 55
182 2240 381 2278 grattesimoe
409 2238 583 2279 conciones]
621 2239 776 2270 Gratissi-
819 2238 886 2270 dit:
920 2239 994 2271 inde
1026 2242 1284 2281 praetermissum
1316 2243 1351 2274 in
1379 2243 1514 2277 Aseens.

85 2289 144 2311 moe
160 2283 280 2312 velute
297 2282 414 2313 Faerni
436 2282 638 2312 correctione
657 2281 776 2312 editur.
819 2283 905 2312 unde
933 2282 1032 2313 ducta
1059 2283 1190 2321 Aldina,
1217 2285 1292 2315 inde
1320 2286 1355 2316 in
1384 2288 1514 2325 ceteris,

85 2323 147 2354 Sed
169 2323 202 2354 id
223 2329 274 2354 est
291 2325 363 2364 jam
378 2325 413 2355 in
435 2324 485 2355 ed.
500 2325 596 2355 Rom.
614 2324 667 2354 W.
685 2324 776 2354 Med.
819 2329 916 2355 tanta
930 2325 1132 2365 negligentia
1145 2326 1308 2357 editorum
1329 2328 1404 2360 fuit.
1451 2330 1514 2360 Pro

86 2364 158 2396 Ald.
171 2365 258 2397 vict.
278 2367 336 2397 ἃς.
356 2367 562 2406 gravissima?
583 2367 698 2406 primae
720 2366 777 2396 ha·
820 2367 1068 2406 splendidiorem
1096 2378 1172 2399 mox
1199 2369 1343 2400 Faernus
1371 2373 1515 2411 splendo-

86 2407 165 2438 bent
183 2407 255 2439 edd.
272 2411 362 2439 1480.
377 2408 472 2439 Junt.
517 2408 603 2439 Illud
618 2418 695 2439 sane
712 2418 779 2438 me·
819 2419 888 2439 rem
899 2410 1006 2446 malit,
1018 2411 1117 2441 etiam
1133 2412 1167 2440 in
1181 2411 1244 2442 Ms.
1259 2415 1515 2453 repex·tu111.fru-

85 2447 149 2480 lius
171 2454 205 2480 et
228 2451 323 2480 verbo
346 2452 557 2482 celeberrimae
579 2452 699 2492 aptius,
715 2455 780 2482 est·
821 2457 898 2482 stra.
917 2461 993 2482 nam
1008 2453 1140 2483 deberet
1156 2453 1229 2484 addi
1245 2459 1387 2486 tantum.

87 2500 150 2530 que
177 2492 211 2522 in
237 2492 317 2523 Mss.
340 2494 491 2524 omnibus
517 2492 719 2532 melioribus,
741 2500 780 2524 ut
865 2496 902 2527 57
925 2504 980 2524 vos
1000 2500 1178 2534 rogatores,
1202 2507 1255 2526 vos
1275 2498 1513 2538 distributores]

90 2532 216 2564 Erfurt.
823 2536 876 2566 Sic
897 2536 1019 2567 habent
1042 2538 1114 2568 edd.
1138 2543 1208 2568 ant.
1253 2539 1380 2570 Primus
1404 2541 1518 2571 Victo-

131 2575 172 2606 56
194 2585 293 2615 neque
313 2577 483 2607 multitud.
498 2579 529 2607 11.
545 2582 569 2608 t.
583 2588 683 2618 neque
699 2578 776 2618 φλ]
823 2579 889 2608 rius
917 2579 1007 2610 dedit
1034 2581 1228 2617 diribitores,
1253 2591 1368 2622 nempe
1394 2594 1432 2613 ex
1457 2584 1516 2614 Or.

89 2615 204 2647 Addidi
239 2628 336 2657 neque
350 2630 359 2648 .·
392 2619 478 2658 quod
510 2628 645 2659 sequens
682 2631 782 2660 neque
823 2620 858 2650 in
881 2621 954 2652 Sen.
970 2632 1001 2662 p.
1017 2621 1097 2653 Red.
1114 2633 1142 2652 c.
1160 2626 1170 2652 l
1184 2625 1208 2654 1.
1225 2624 1280 2653 ubi
1293 2625 1405 2655 eadem
1422 2627 1518 2658 verba

93 2659 264 2690 manifeste
297 2660 470 2698 desiderat,
509 2668 549 2692 ut
583 2672 681 2703 prope
716 2664 781 2693 tiro
824 2668 902 2692 sunt
912 2671 1031 2701 cetera,
1044 2675 1139 2704 quem
1154 2665 1191 2695 P.
1202 2665 1386 2703 Mannum,
1402 2666 1517 2699 Lamb.

91 2702 187 2731 sensi.
231 2701 304 2732 Vidi
326 2702 453 2739 deinde,
474 2702 635 2735 Faernum
660 2715 783 2735 merno-
825 2710 860 2735 et
889 2706 944 2736 alii
971 2708 1074 2737 secuti
1107 2713 1196 2738 sunt.
1241 2708 1343 2738 Vetus
1374 2711 1521 2742 restituit

92 2751 165 2773 rare
187 2743 359 2782 antiquum
381 2745 514 2782 librum,
537 2747 570 2775 in
595 2757 659 2786 quo
685 2757 786 2788 neque
827 2748 1007 2780 Gruterus:
1031 2753 1080 2779 est
1095 2750 1214 2789 glossa.

93 2790 261 2823 repertum
274 2786 347 2816 addi
360 2787 509 2818 voluerit.
555 2790 617 2819 Sed
631 2789 702 2820 edd.
721 2791 785 2830 pri·
870 2792 909 2820 58
931 2801 984 2821 vos
998 2796 1107 2821 vestra
1119 2796 1229 2832 sponte
1238 2791 1383 2832 fecistis]
1408 2793 1523 2827 Potest

94 2826 156 2856 mis
169 2830 203 2857 et
216 2828 370 2867 proximis
392 2829 563 2868 consultis,
579 2831 612 2861 in
634 2832 786 2862 omnibus
828 2831 923 2861 ferri:
949 2833 1003 2865 sed
1023 2833 1136 2865 malim
1148 2833 1281 2875 fecisse,
1297 2841 1336 2866 ut
1349 2835 1489 2876 pendeat
1504 2847 1524 2868 a

97 2877 154 2900 nec
168 2869 283 2910 reperi.
326 2869 365 2902 ln
388 2871 522 2905 Mediol.
537 2873 680 2912 primum
703 2873 787 2906 exci—
829 2874 928 2904 video.
