1769 3174
217 132 294 170 982
802 133 1051 172 ORATIO

213 231 418 283 tissimus,
440 233 494 274 ab
516 232 664 275 eadem
695 234 765 276 illa
787 245 904 292 peste
936 237 1234 279 infestissimus
1256 251 1346 279 esse
1376 238 1480 280 meis
1504 238 1640 282 fortu-

213 290 280 330 nis
313 290 642 346 praedicabatur.
703 291 754 333 C.
778 293 938 344 Caesar,
965 296 1038 350 qui
1069 311 1093 336 a
1125 309 1192 336 me
1223 296 1338 336 nullo
1370 310 1465 337 meo
1486 298 1639 338 merito

215 346 378 387 alienus
399 361 490 388 esse
510 348 709 398 debebat,
740 349 1059 392 inimicissimus
1081 366 1171 392 esse
1200 366 1306 393 meae
1339 353 1462 393 saluti
1493 354 1548 394 ab
1569 368 1641 394 eo-

154 413 206 448 40
218 403 313 444 dem
337 404 599 459 quotidianis
621 406 901 448 concionibus
924 408 1161 449 dicebatur.
1222 408 1305 449 His
1336 423 1378 450 se
1401 410 1537 450 tribus
1567 425 1642 451 au-

217 460 408 502 ctoribus
446 461 490 502 in
517 462 706 503 consiliis
739 464 972 518 capiendiS,
1005 465 1272 520 adjutoribus
1306 466 1347 506 in
1382 481 1425 507 re
1457 467 1643 521 gerenda

216 531 307 558 esse
329 532 502 559 usurum
525 519 709 560 (licebat.
741 533 795 560 ex
817 521 971 575 quibus
999 536 1128 562 unum
1151 522 1306 562 habere
1327 524 1564 564 exercitum
1597 523 1640 564 in

217 572 345 615 Italia
373 575 637 616 maximum:
670 576 770 626 du0‚
793 577 866 631 qui
900 577 1054 633 privati
1086 587 1176 618 tum
1207 587 1375 630 essent3
1407 582 1498 620 53et
1533 594 1641 634 prae-

214 644 321 682 esse,
343 641 387 672 et
408 646 570 688 parare,
592 632 626 672 si
649 632 820 682 vellent,
841 635 1080 675 exercitum
1112 649 1234 690 posse
1253 652 1261 676 :
1294 635 1422 690 idque
1453 636 1642 678 facturos

214 702 306 729 esse
327 689 512 730 dicebat.
535 702 614 730 nec
635 688 741 729 mihi
774 689 843 731 ille
869 691 1084 745 judicium
1116 691 1279 747 populi,
1303 706 1379 733 nec
1403 693 1641 748 legitimam

215 744 402 800 aliquam
434 745 771 796 contentionem,
802 761 881 788 nec
908 747 1281 804 disceptationem,
1311 758 1385 789 aut
1406 764 1546 790 causae
1577 750 1641 790 di-

215 801 420 853 ctionem,
454 802 526 843 sed
551 802 654 854 vim,
684 817 816 853 arma,
838 805 1066 856 exercitus,
1098 805 1389 861 imperatores,
1410 816 1548 846 eastra
1569 806 1641 847 de-

138 865 204 913 18
219 859 459 900 nuntiabat.
521 859 637 906 Quid
675 863 807 916 ergo?
854 860 1018 902 inimici
1055 863 1207 912 oratio,
1243 876 1352 904 vana
1389 863 1642 918 praesertim,

218 924 305 956 tam
333 915 528 972 improbe
560 917 604 956 in
626 915 880 957 clarissimos
906 918 1016 959 viros
1038 919 1250 974 conjecta,
1272 933 1340 960 me
1371 919 1532 960 movit?
1565 919 1643 960 Me

215 986 316 1013 vero
339 975 379 1006 59
393 987 478 1014 non
500 972 610 1013 illius
633 974 786 1024 oratio,
809 974 881 1015 sed
903 989 1049 1016 eorum
1073 976 1355 1025 taciturnitas,
1378 975 1420 1016 in
1443 991 1550 1031 quos
1572 976 1643 1017 illa

212 1029 353 1070 oratio
376 1038 463 1070 tam
495 1030 693 1086 improba
713 1031 1038 1074 conferebatur:
1070 1033 1143 1088 qui
1175 1042 1281 1083 tum,
1303 1047 1561 1088 quamquam
1584 1034 1642 1074 ob

213 1085 340 1126 aliam
369 1100 541 1127 causam
571 1087 784 1139 tacebant,
808 1097 950 1129 tamen
983 1088 1244 1139 hominibus,
1276 1089 1422 1130 omnia
1453 1091 1644 1131 timenti-

213 1143 308 1193 bus,
331 1143 513 1184 tacendo
534 1143 667 1199 loqui,
687 1159 775 1185 non
797 1145 1023 1187 infitiando
1045 1146 1240 1188 confiteri
1266 1146 1533 1188 videbantur.
1573 1145 1642 1188 llli

213 1208 358 1240 autem
390 1200 533 1256 aliquo
555 1210 646 1242 tum
670 1201 823 1243 timore
856 1203 1084 1258 perterriti,
1104 1204 1145 1234 60
1158 1203 1273 1258 quod
1295 1212 1392 1244 acta
1421 1203 1492 1245 illa
1512 1212 1641 1259 atque

104 1281 136 1313 p,
156 1274 202 1302 12.
216 1270 362 1297 omnes
388 1253 458 1298 ‘res
491 1258 592 1298 anni
625 1259 853 1313 superioris
885 1259 1133 1301 labefactari
1167 1275 1191 1300 a
1218 1260 1489 1315 praetoribuS,
1522 1260 1640 1301 infir-

172 1324 201 1345 a.
214 1313 321 1354 mari
351 1328 377 1354 a
407 1323 556 1355 senatu
588 1323 717 1370 atque
750 1316 1016 1372 principibus
1040 1317 1226 1358 civitatis
1258 1318 1484 1373 putabant,
1508 1317 1643 1358 tribu-

215 1384 318 1411 num
340 1371 590 1427 popularem
611 1387 636 1412 a
652 1386 695 1412 se
717 1372 900 1414 alienare
922 1373 1138 1425 nolebant,
1159 1389 1317 1428 suaque
1340 1374 1419 1414 sibi
1441 1375 1644 1430 propiora

153 1448 199 1484 41
216 1427 406 1483 pericula
425 1441 530 1478 esse,
552 1443 681 1483 quam
704 1443 812 1481 mea,
834 1430 1135 1486 loquebantur.
1181 1431 1263 1472 Sed
1287 1441 1429 1472 tamen
1450 1441 1493 1472 et
1516 1431 1644 1472 Cras-

217 1499 286 1525 sus
317 1500 342 1525 a
364 1485 612 1526 consulibus
643 1500 781 1527 meam
805 1501 977 1528 causam
1009 1488 1320 1544 suscipiendam
1346 1502 1436 1530 esse
1457 1488 1645 1539 dicebat,

213 1549 258 1582 et
278 1556 424 1582 eorum
448 1541 575 1583 fidem
610 1542 843 1599 Pompeius
874 1544 1156 1601 implorabat3
1188 1559 1325 1600 neque
1355 1559 1398 1586 se
1427 1545 1645 1601 privatum

212 1598 386 1654 publice
417 1607 627 1655 susceptae
657 1615 797 1642 causae
820 1601 1068 1643 defuturum
1090 1617 1180 1643 esse
1201 1602 1396 1644 dicebat:
1429 1617 1557 1656 quem
1582 1603 1645 1643 vi-

212 1670 306 1696 rum
329 1656 568 1697 studiosum
591 1658 690 1708 mei,
708 1659 1033 1714 cupidissimum
1056 1659 1304 1715 reipublicae
1323 1659 1644 1711 conservandae,

211 1713 247 1743 ‘3¹
266 1713 402 1767 [domi
424 1714 552 1766 meae]
575 1715 679 1756 certi
702 1715 912 1767 homines,
930 1716 983 1757 ad
1002 1731 1095 1758 eam
1119 1731 1206 1758 rem
1225 1716 1470 1772 compositi,
1489 1731 1643 1757 monu-

212 1780 351 1821 erunt,
383 1779 431 1812 ut
461 1780 573 1811 esset
602 1772 791 1814 cautior:
823 1773 1000 1829 ejusque
1035 1774 1134 1815 vitae
1167 1787 1192 1814 a
1223 1788 1291 1815 me
1320 1772 1494 1814 insidias
1528 1772 1644 1829 apud

211 1842 281 1868 me
302 1828 420 1868 domi
442 1828 603 1884 positas
625 1842 715 1869 esse
736 1829 963 1872 dixerunt:
994 1839 1123 1886 atque
1153 1830 1264 1872 hanc
1286 1831 1324 1871 ei
1355 1830 1644 1886 suspicionem

212 1884 283 1925 alii
311 1884 464 1926 litteris
495 1885 732 1937 mittendis,
754 1886 824 1927 alii
855 1887 1032 1938 nuntiis,
1055 1887 1125 1928 alii
1147 1902 1292 1929 coram
1322 1887 1403 1943 ipsi
1426 1886 1645 1928 excitave-

211 1951 326 1993 runt,
349 1951 397 1983 ut
419 1942 502 1992 ille,
525 1957 623 1983 cum
646 1958 670 1984 a
690 1957 758 1984 me
780 1953 894 1985 certe
925 1944 1033 1985 nihil
1055 1945 1238 1996 timeret,
1261 1945 1315 1985 ab
1346 1944 1442 1996 illis,
1464 1958 1518 1985 ne
1539 1943 1643 2000 quid

212 2013 310 2040 meo
333 2000 506 2040 nomine
537 1999 802 2052 molirentur,
825 2001 907 2043 sibi
929 2002 1166 2043 cavendum
1199 2010 1382 2058 putaret.
1442 2000 1540 2056 Ipse
1570 2016 1646 2042 au-

214 2065 301 2096 tem
337 2056 498 2107 Caesar,
527 2071 654 2112 quem
693 2059 884 2099 maxime
916 2059 1111 2100 homines
1145 2059 1281 2116 ignari
1316 2059 1506 2100 veritatis
1537 2057 1644 2098 mihi

212 2127 304 2154 esse
336 2113 491 2154 iratum
521 2115 746 2170 putabant,
775 2124 866 2156 erat
897 2116 949 2157 ad
986 2125 1144 2172 portas,
1178 2125 1269 2157 erat
1303 2130 1401 2157 cum
1436 2115 1642 2172 imperio:

212 2180 304 2211 erat
329 2170 370 2211 in
398 2170 525 2211 Italia
546 2172 638 2226 ejus
659 2173 889 2224 exercitus,
911 2173 1093 2228 62inque
1115 2188 1165 2214 eo
1188 2173 1382 2215 exercitu
1413 2173 1546 2230 ipsius
1570 2172 1645 2213 tri-

213 2227 318 2269 buni
341 2227 493 2284 plebis,
516 2228 680 2270 inimici
702 2229 802 2282 mei,
825 2229 1000 2272 fratrem
1023 2229 1289 2286 praefecerat.

255 2354 296 2383 58
323 2356 354 2383 et
373 2352 523 2392 proeesse]
552 2353 591 2383 In
619 2352 681 2384 boe
707 2363 835 2394 semper
861 2355 909 2385 of-

214 2393 314 2426 fendi.
346 2395 382 2425 P.
400 2395 570 2425 Manutius
587 2396 825 2435 interpretatur
841 2407 910 2427 nm-

213 2437 474 2477 gistratusfieri.
491 2437 522 2467 id
537 2447 632 2467 sensu
649 2437 772 2468 bonum
787 2444 853 2469 est:
874 2445 908 2470 at

214 2480 260 2509 sic
275 2479 467 2519 simpliciter
481 2479 543 2509 dici
561 2488 696 2519 proeesse
711 2489 776 2510 non
793 2482 907 2522 reperi.

213 2520 334 2552 Nescio
349 2531 391 2551 an
405 2521 458 2551 hie
474 2521 595 2560 aliquid
610 2522 679 2551 vitii
695 2521 749 2552 sit.

258 2566 298 2597 59
313 2573 375 2594 non
390 2564 480 2593 illius
492 2565 606 2599 oratio,
619 2563 673 2593 sed
685 2565 784 2594 etiam
800 2574 910 2595 eorum

217 2606 322 2646 Mein]
349 2605 436 2636 Libri
453 2605 561 2645 plures
576 2605 701 2636 addunt
717 2607 814 2636 moi-it
837 2613 911 2646 post

216 2657 294 2679 non:
332 2647 387 2677 sed
413 2647 529 2687 optimi
558 2656 624 2678 non
651 2647 772 2678 habent
798 2650 908 2679 etiam.

218 2689 316 2728 quue
331 2689 456 2719 delevi:
481 2699 557 2720 nam
576 2694 625 2720 est
648 2690 744 2730 plane
767 2690 910 2721 alienum

214 2737 247 2761 et
265 2736 381 2762 contra
395 2737 540 2762 mentem
558 2732 732 2763 Ciceronis.

952 2355 1037 2385 mins
1065 2354 1310 2394 intelliguntur.
1337 2364 1367 2384 v.
1396 2354 1532 2385 Sueten.
1561 2353 1645 2385 Caes.

953 2399 1004 2428 123.

994 2439 1030 2469 61
1058 2439 1143 2469 domi
1165 2448 1242 2469 meoe
1265 2439 1344 2469 certi
1368 2437 1416 2477 71⁴]
1441 2437 1542 2469 Domi
1568 2446 1646 2468 meoe

951 2481 985 2511 h.
1001 2481 1024 2511 1.
1044 2485 1122 2521 puto
1136 2491 1203 2511 esse
1219 2481 1403 2511 delendum.
1429 2480 1483 2510 aiii
1502 2479 1643 2510 alterum

952 2523 1037 2553 demi
1074 2522 1246 2553 delendum
1284 2528 1460 2563 putarunt:
1499 2521 1554 2552 sed
1589 2521 1643 2551 isti

952 2565 1032 2595 certi
1056 2564 1205 2595 homines
1229 2575 1295 2595 uon
1314 2569 1409 2595 erant
1424 2565 1463 2594 de
1478 2563 1575 2594 domo
1589 2563 1645 2594 Ci-

953 2608 1091 2643 ceronis,
1107 2617 1166 2638 nec
1183 2607 1213 2637 id
1230 2607 1332 2638 fecere
1347 2607 1433 2637 domi
1451 2605 1628 2637 Ciceronis.

995 2650 1035 2679 62
1050 2651 1084 2679 in
1099 2659 1133 2678 eo
1148 2648 1474 2689 e.rercit11—7t'⁷·cttv·c21z
1490 2647 1646 2688 pra—'feco-

954 2691 1023 2730 rat]
1049 2692 1194 2731 Abrupte
1214 2691 1420 2731 prefecerat,
1444 2691 1482 2720 de
1508 2691 1643 2729 Legato.

949 2733 1034 2763 Alibi
1063 2733 1161 2773 legati
1186 2734 1341 2764 dicuntur
1363 2733 1538 2771 legionibus
1561 2741 1645 2771 prae-

257 2773 559 2812 60q1c0dactaz'lla
575 2774 648 2814 &c.]
670 2774 708 2804 ln
725 2774 906 2805 Consulatu
938 2776 1015 2815 fici,
1041 2781 1078 2805 ut
1104 2771 1192 2816 'apud
1219 2775 1302 2806 (Ia-s.
1326 2776 1364 2807 Β.
1388 2775 1428 2805 G.
1457 2775 1498 2812 V,
1524 2777 1576 2806 24.
1601 2774 1645 2805 Et

215 2816 352 2846 (ja—saris
388 2816 554 2846 communi
590 2817 734 2857 ipsorum
771 2816 907 2847 consilio

212 2863 297 2888 acta.
343 2858 502 2889 Praetores
539 2858 706 2890 Domitius
733 2863 767 2891 et
803 2859 909 2892 Mem-

950 2818 1034 2848 forte
1069 2819 1186 2856 leg-iani
1221 2818 1350 2849 excidit.
1395 2817 1548 2850 Fratrem
1581 2817 1643 2849 int.

949 2860 1092 2901 Appium
1108 2859 1292 2892 Claudium.
