1785 3185
659 107 735 146 ΙΝ
770 107 1091 148 EXILIUM.
1487 115 1585 149 1455

128 207 217 251 lum
240 210 394 252 statuis
412 210 568 266 dignos
586 218 807 266 putarunt,
827 212 899 255 sed
918 214 1050 254 etiam
1074 222 1236 255 aeterna
1260 213 1469 270 triumphi
1490 215 1582 256 lau-

130 265 185 308 de
217 267 503 310 decorarunt:
548 276 638 308 tum
674 283 749 310 vos
782 284 879 310 eum
902 270 1137 321 consulem,
1158 272 1232 326 qui
1269 285 1354 314 non
1391 272 1579 314 militum

128 326 332 380 praesenti
355 323 624 375 fortitudine,
648 327 720 368 sed
743 341 818 368 sua
846 327 1007 368 eximia
1035 328 1168 368 animi
1191 329 1351 369 virtute
1373 328 1575 371 hostilem

128 381 288 424 civium
326 392 514 423 mentem
550 392 722 424 senatus
753 384 1011 426 auctoritate
1042 385 1293 436 vindicavit,
1325 387 1574 428 existimate

130 439 253 481 vobis
282 439 552 481 retinendum
577 440 618 480 in
653 441 830 482 civitate
861 455 966 483 esse.
1027 441 1088 491 Si,
1109 456 1206 498 quae
1243 442 1452 484 beneficia
1484 445 1614 501 sin-2

126 495 239 552 gulis
261 496 446 548 civibus,
466 497 754 553 privatimque
776 499 945 550 dantur,
967 513 1017 539 ea
1035 498 1173 540 solent
1192 499 1242 539 iis
1264 513 1356 540 esse
1377 498 1608 560 fluctuo-4

125 568 186 603 sa,
207 568 233 594 a
254 554 410 609 quibus
443 562 543 594 sunt
565 555 784 611 prosecta:
810 557 910 611 jure
940 565 984 596 et
1015 556 1169 596 merito
1193 570 1365 611 possum
1389 570 1472 612 ego
1495 572 1571 599 vos

124 610 178 652 ad
201 610 496 653 defensionem
520 625 626 653 meae
651 613 797 654 salutis
823 613 1056 664 adhortari,
1076 628 1183 669 quos
1202 616 1453 654 conservavi
1477 615 1573 659 uni,-

125 681 283 710 versos.
348 668 462 710 Nam
495 682 634 724 neque
656 670 795 726 majus
826 680 890 711 est
911 670 1140 712 defendere
1172 685 1320 722 unum,
1342 685 1472 726 quam
1494 686 1574 728 po-

127 724 304 780 pulum:
337 740 477 781 neque
500 727 640 767 verius
663 742 687 767 a
709 728 903 784 singuliS,
926 741 1055 784 quam
1078 729 1132 769 ab
1159 727 1360 769 omnibus
1380 737 1573 785 repetere

125 781 260 824 officii
283 784 510 839 praemium
530 792 573 824 et
593 783 783 826 fructum
804 803 813 827 :
856 795 1085 842 propterea
1106 785 1222 840 quod
1245 786 1290 826 in
1311 786 1437 829 unius
1460 787 1573 842 peri-

123 839 222 881 culo
244 855 360 897 saepe
390 841 614 882 eontentio
648 856 779 897 parva
799 854 879 894 est,
901 853 949 884 ut
981 842 1084 884 levis
1117 843 1172 884 sit
1203 842 1325 884 labor
1355 842 1590 899 defensori*

124 897 424 940 sustinendus:
469 898 512 938 in
550 898 800 954 reipublicae
831 900 1013 951 insidiis,
1044 915 1131 955 quo
1163 900 1328 941 firmius
1358 910 1424 942 est
1453 903 1570 957 quod

122 965 417 1011 oppugnatur,
447 969 498 995 eo
532 956 764 1011 paratiores
797 966 896 998 sunt
928 957 1106 1008 inimici,
1132 968 1178 998 ut
1208 958 1260 999 iis
1292 958 1383 1000 sine
1410 973 1569 1015 magna

124 1011 428 1064 sollicitudine,
453 1013 678 1065 industria,
704 1014 861 1055 virtute
879 1029 966 1055 non
989 1025 1119 1070 queat
1140 1015 1295 1056 resisti.
1341 1014 1398 1056 Et
1418 1016 1601 1073 singu-5

122 1067 262 1111 lorum
284 1084 389 1126 opes
420 1085 535 1126 saepe
565 1081 665 1112 sunt
697 1081 859 1123 tenues,
881 1081 925 1112 et
948 1072 1130 1114 infirmae
1155 1073 1207 1113 ad
1241 1073 1423 1128 gratiam
1457 1074 1567 1114 refe·

121 1127 313 1178 rendam,
338 1138 386 1169 ut
416 1127 618 1184 opitulari
652 1129 1027 1170 benemerentibus
1054 1144 1141 1170 non
1174 1140 1348 1185 queant,
1371 1131 1405 1172 si
1427 1133 1568 1172 maxi-

120 1197 191 1224 me
211 1185 416 1240 cupiant:
449 1185 744 1227 universorum
779 1186 989 1227 auxilium
1023 1201 1074 1228 eo
1110 1186 1343 1243 plurimum
1377 1188 1566 1244 prodest,

121 1242 236 1296 quod
262 1243 525 1284 firmioribus
548 1243 703 1298 opibus
725 1252 789 1284 est
811 1244 978 1285 nixum.
1038 1243 1145 1286 Jure
1181 1244 1328 1300 igitur,
1361 1246 1567 1300 quoniam

122 1307 166 1339 et
184 1301 324 1355 major
353 1301 547 1356 impensa
569 1302 613 1341 in
637 1301 820 1356 patriam
851 1301 983 1342 officii
1007 1312 1086 1352 est,
1109 1316 1238 1356 quam
1257 1302 1300 1343 in
1327 1305 1496 1358 privata
1517 1303 1568 1344 fit

120 1355 387 1408 defensione,
410 1367 453 1398 et
477 1357 570 1414 plus
591 1373 616 1398 a
637 1359 760 1399 vobis
785 1359 990 1414 praesidii,
1014 1373 1142 1414 quam
1165 1374 1189 1399 a
1219 1360 1372 1400 ceteris
1395 1360 1490 1416 opis
1512 1361 1564 1401 ad

121 1413 302 1456 salutern
326 1424 470 1471 potest
492 1414 631 1456 afferri
650 1432 658 1457 :
693 1430 766 1456 vos
789 1417 998 1467 obtestor,
1019 1431 1127 1471 quos
1151 1416 1257 1458 mihi
1279 1427 1322 1457 et
1344 1417 1500 1459 debere
1521 1428 1564 1459 et

120 1485 246 1526 posse
269 1472 465 1529 intelligo
495 1472 712 1527 opitulari.
773 1473 875 1514 Non
897 1473 1103 1514 convenit
1131 1474 1262 1525 enim,
1285 1489 1383 1515 cum
1405 1489 1487 1531 ego
1510 1475 1599 1531 ad6

118 1530 451 1584 promerendum
487 1530 679 1570 officium
703 1543 789 1571 tam
813 1530 967 1571 fuerim
1002 1531 1247 1586 expeditus,
1272 1547 1345 1572 vos
1368 1532 1421 1574 ad
1455 1532 1563 1573 refe-

117 1587 293 1628 rendam
314 1588 498 1644 gratiam
521 1602 612 1628 esse
642 1588 874 1631 tardiores:
906 1602 975 1639 ne,
1005 1590 1129 1644 cujus
1162 1588 1491 1645 amplitudinem
1515 1605 1564 1631 ac

115 1643 297 1698 gloriam
319 1646 444 1686 laude
463 1654 592 1700 atque
615 1644 850 1687 honoribus
872 1645 1135 1702 amplificare
1154 1646 1360 1698 debeatis,
1383 1647 1476 1701 ejus
1498 1648 1564 1688 in—

115 1701 413 1744 columitatem
446 1714 490 1743 et
525 1702 704 1744 salutem
737 1703 1014 1744 deserendam
1054 1704 1327 1745 existimetis.
1388 1704 1607 1769 Etenimss

115 1768 229 1800 errat
258 1760 292 1800 si
327 1760 423 1816 quis
457 1760 704 1811 arbitratur,
729 1759 796 1801 M.
830 1759 1018 1801 Tullium
1048 1760 1211 1801 idcirco
1246 1761 1289 1801 in
1312 1762 1467 1818 capitis
1490 1777 1562 1818 pe-

116 1815 299 1858 riculum
323 1817 482 1868 vocari,
505 1817 620 1872 quod
651 1817 879 1872 deliquerit
901 1817 1078 1873 aliquid,
1099 1819 1214 1873 quod
1238 1819 1420 1874 patriam
1445 1819 1564 1861 laese·

114 1873 186 1924 rit,
205 1875 321 1930 quod
343 1875 541 1931 improbe
563 1874 734 1915 vixerit.
756 1890 841 1916 non
857 1875 1016 1916 citatur
1037 1890 1130 1916 reus
1154 1876 1369 1918 audaciae:
1396 1877 1565 1918 virtutis

116 1944 212 1972 reus
234 1932 407 1973 citatur.
430 1946 517 1973 non
537 1943 778 1982 accusatur,
797 1933 913 1988 quod
936 1933 1248 1989 rempublicam
1274 1934 1312 1973 vi
1338 1947 1565 1990 oppugna-

115 1988 185 2039 rit,
206 1989 277 2030 sed
300 1989 416 2045 quod
438 1989 570 2030 homo
591 2004 726 2030 novus
751 1990 1038 2045 perniciosum
1072 1989 1282 2031 nobilium
1318 1992 1567 2032 restinxerit

112 2044 318 2088 furorem.
353 2047 452 2088 Non
474 2047 597 2087 obest
620 2047 727 2088 mihi
748 2047 883 2103 turpis
906 2057 949 2088 et
970 2062 1144 2098 nocens,
1167 2048 1240 2089 sed
1263 2047 1565 2089 honestissime

111 2101 491 2159 laudatissimeque
527 2114 625 2144 acta
652 2104 755 2144 vita.
788 2119 874 2145 non
909 2104 1009 2145 odio
1041 2106 1268 2155 bonorum,
1293 2106 1365 2146 sed
1398 2106 1562 2147 invidia

115 2174 288 2217 premor
319 2161 545 2202 malorum.
606 2160 864 2217 Intelligunt
896 2161 1108 2213 homines,
1146 2172 1225 2213 tot,
1256 2171 1299 2202 et
1329 2172 1417 2203 tam
1449 2178 1596 2224 prae-7

111 2217 237 2260 claris
270 2219 543 2269 testimoniis,
575 2220 953 2274 monumentisque
987 2219 1156 2260 virtutis
1188 2221 1464 2276 comparatiS,
1491 2220 1559 2270 M..

110 2274 271 2327 Tullio,
292 2277 396 2317 dum
419 2278 475 2317 sit
496 2276 738 2327 incolumis,
762 2276 854 2317 fore
877 2277 1105 2332 voluptati.
1138 2277 1299 2317 idcirco
1323 2277 1456 2319 vitam
1479 2278 1560 2319 eri·

111 2346 214 2390 pere
245 2334 444 2389 cupiunt,
469 2343 514 2375 ut
547 2348 644 2375 cum
679 2334 832 2389 spiritu
858 2348 1029 2375 sensum
1052 2348 1234 2389 ‚quoque
1268 2334 1461 2375 adimant
1488 2335 1561 2390 juo

111 2390 363 2432 canditatis.
425 2391 585 2432 Nonne
617 2392 751 2447 igitur
783 2391 1008 2447 indignum
1033 2401 1111 2442 est,
1142 2405 1215 2432 eos
1244 2393 1432 2447 praemiis
1455 2393 1561 2433 meis

110 2447 319 2500 invidere,
341 2448 415 2504 qui
451 2449 609 2490 virtute
642 2458 805 2490 certare
835 2449 1092 2490 noluerunt?
1135 2463 1208 2490 eos
1239 2450 1283 2489 in
1316 2450 1561 2491 contentio-

109 2518 207 2546 nem
240 2504 418 2547 honoris
449 2507 609 2557 venire,
630 2506 703 2561 qui
729 2505 884 2547 officiis
915 2521 960 2548 se
987 2507 1175 2562 superari
1198 2506 1446 2561 aequissimo
1469 2508 1562 2548 ani-

36 2550 47 2561 ⁰
109 2577 184 2604 mo
215 2563 434 2606 tulerunt?
495 2564 541 2605 Si
574 2563 711 2605 dulcis
748 2574 813 2604 est
846 2563 998 2620 gloria,
1031 2577 1294 2619 consequere
1328 2563 1558 2605 virtutem:

109 2619 200 2662 noli
221 2620 412 2676 abjicere
441 2621 623 2673 labores,
646 2631 792 2677 petere
814 2621 1049 2663 honorem:
1091 2621 1298 2662 bonorem
1321 2620 1449 2662 dico?
1480 2622 1560 2662 im-

109 2691 183 2719 mo
207 2672 310 2719 'vero
342 2677 518 2730 famam,
541 2678 753 2730 fortunas,
775 2678 999 2730 familiam,
1023 2678 1196 2729 liberos,
1218 2687 1364 2734 caput,
1386 2692 1559 2734 corpuS,

107 2733 254 2790 ipsum
274 2734 460 2791 denique
483 2737 755 2792 sanguinem,
777 2746 821 2778 et
841 2736 1046 2777 animam.
1091 2735 1212 2776 Cedo
1234 2736 1396 2776 invitus
1419 2735 1471 2776 de
1494 2749 1558 2776 ree

109 2791 300 2848 publica.
331 2794 438 2835 cedo
461 2808 692 2851 oppressus
712 2794 766 2836 de
787 2793 976 2845 fortuna,
989 2793 1043 2834 de
1064 2792 1303 2848 dignitate:
1335 2792 1510 2833 discedo
1532 2807 1557 2834 a

108 2849 333 2906 republica
352 2851 493 2901 victu-s
528 2851 710 2895 audacia
735 2850 966 2892 malorum.
1027 2849 1177 2892 Liceat
1198 2864 1386 2903 manere,
1406 2850 1443 2897 >si
1468 2863 1552 2891 non
1568 2866 1591 2900 3

775 2914 800 2950 5
821 2923 852 2950 >13
875 2914 902 2950 2
