1769 3174
297 102 376 142 902
885 101 1138 141 ORATIO

295 206 428 248 modo
450 207 541 263 ipse
574 205 747 264 gloriari
778 205 899 258 solet,
921 207 1118 250 ducentis
1140 207 1362 250 confixum
1394 211 1736 256 senatusconsul-

296 265 377 315 tis3
410 279 506 320 quae
541 273 640 306 sunt
673 264 819 306 omnia
850 273 1003 306 contra
1034 265 1153 307 illum
1185 280 1263 322 pro
1294 265 1574 323 religionibus
1606 268 1737 324 facta,

249 320 601 377 b.hominemque
636 336 749 372 eum,
780 321 853 376 qui
892 322 1185 377 pulvinaribus
1220 323 1356 364 Bonae
1398 323 1506 366 Deae
1539 325 1734 382 stuprum

294 378 504 430 intulerit,
528 393 661 435 eaque
695 394 827 430 sacra,
849 393 946 433 quae
978 380 1058 420 viri
1081 379 1231 431 oculis,
1254 395 1307 421 ne
1338 380 1620 437 imprudentis
1642 384 1737 439 qui-

293 435 407 487 dem,
431 436 595 492 adspici
619 436 682 477 fas
705 447 784 487 est,
810 450 897 476 non
928 436 1064 477 solum
1096 438 1300 493 adspectu
1325 437 1450 489 virili,
1473 439 1546 479 sed
1568 439 1736 495 flagitio

294 500 529 549 stuproque
572 493 757 543 violarit,
791 493 834 533 in
868 494 1079 534 concione
1116 494 1169 535 de
1210 493 1492 551 religionibus
1527 496 1736 552 neglectis

255 552 513 605 9conqueri.
574 550 728 605 Itaque
761 564 875 591 nunc
910 550 1112 606 proxima
1142 551 1296 592 concio
1328 550 1421 606 ejus
1461 563 1737 609 exspectatur

290 607 344 648 de
367 607 590 663 pudicitia.
654 606 772 653 Quid
794 606 909 647 enim
939 607 1130 658 interest,
1153 616 1296 649 utrum
1328 610 1382 649 ab
1404 608 1608 651 altaribus
1640 611 1736 652 reli-

288 664 544 720 giosissimis
576 664 768 719 fugatuS,
801 664 853 704 de
887 664 1017 705 sacris
1047 674 1090 705 et
1123 665 1402 721 religionibus
1433 677 1734 722 conqueratur,

288 735 341 762 an
375 735 429 762 ex
464 735 657 762 sororum
679 720 880 762 cubiculo
910 736 1121 776 egressus,
1152 722 1359 777 pudorem
1396 723 1734 782 pudicitiamque

287 777 518 821 defendat?
551 779 825 834 Responsum
847 777 1123 834 haruspicum
1155 780 1237 820 hoc
1262 794 1407 821 recens
1435 780 1533 822 ¹9de
1559 781 1734 826 fremitu

287 835 334 877 in
367 836 577 877 concione
608 835 831 877 recitavit:
881 835 925 876 in
959 850 1045 890 quo
1077 850 1176 877 cum
1213 836 1305 878 aliis
1344 836 1491 878 multis
1524 839 1734 895 scriptum

288 893 419 933 etiam
462 892 565 934 illud
596 902 661 933 est
690 893 753 946 (id
786 892 900 948 quod
937 892 1134 944 audistis)
1172 893 1261 935 loca
1296 908 1412 935 sacra
1450 901 1487 936 et
1527 894 1732 953 religiosa,

284 948 467 1004 profana
501 950 655 991 haberi.
718 949 769 990 In
799 964 849 990 ea
875 964 1004 990 causa
1031 964 1122 991 esse
1156 950 1270 992 dixit
1306 951 1483 993 domum
1516 966 1670 1006 meam,
1705 969 1732 996 a

232 1022 281 1056 10
294 1006 615 1063 religiosissimo
647 1007 880 1057 sacerdote,
914 1006 964 1047 P.
990 1006 1159 1059 Clodio,
1181 1017 1489 1050 consecratam.
1549 1009 1732 1054 Gaudeo

290 1064 397 1104 mihi
421 1064 473 1105 de
496 1072 588 1105 toto
613 1064 695 1105 hoc
717 1073 904 1113 ostentO,
926 1064 1041 1119 quod
1074 1065 1187 1106 haud
1219 1066 1322 1116 scio,
1345 1080 1398 1107 an
1431 1065 1733 1121 gravissimum

288 1121 437 1161 multis
460 1121 525 1161 his
548 1121 669 1162 armis
694 1120 795 1163 huic
816 1121 955 1162 ordini
977 1122 1222 1163 nuntiatum
1245 1123 1315 1174 sit,
1333 1123 1478 1164 datam
1497 1138 1583 1165 non
1601 1126 1731 1168 modo

282 1178 464 1233 justam,
488 1178 561 1219 sed
582 1179 710 1219 etiam
734 1179 1016 1220 necessariam
1035 1194 1208 1221 causam
1229 1194 1320 1221 esse
1341 1180 1527 1222 dicendi.
1587 1181 1732 1239 Repe-

288 1235 406 1276 rietis
437 1236 551 1276 enim
585 1250 638 1276 ex
672 1235 756 1276 hoc
793 1245 886 1277 toto
916 1236 1116 1292 prodigio
1147 1246 1277 1292 atque
1311 1251 1530 1294 responso,
1566 1253 1644 1280 nos
1677 1241 1730 1282 de

288 1292 411 1333 istius
435 1292 590 1334 scelere
613 1307 662 1334 ac
678 1292 835 1345 furore,
855 1308 905 1334 ac
927 1293 979 1334 de
1001 1293 1350 1350 impendentibus
1374 1295 1572 1351 periculis
1591 1298 1730 1338 maxi-

287 1350 384 1400 mis,
415 1364 549 1406 prope
583 1350 676 1405 jam
712 1365 815 1391 voce
854 1350 978 1392 Jovis
1017 1350 1185 1407 Optimi
1220 1350 1409 1393 Maximi
1454 1355 1729 1408 praemoneri.

230 1419 274 1453 11
291 1406 374 1447 Sed
405 1407 591 1462 primum
621 1407 809 1463 expiabo
831 1407 1081 1464 religionem
1118 1408 1275 1450 aedium
1305 1423 1511 1460 mearum,
1534 1410 1567 1451 si
1600 1411 1642 1452 id
1667 1411 1730 1453 fa-

288 1478 385 1505 cere
407 1478 503 1505 vere
525 1480 574 1506 ac
596 1464 686 1505 sine
708 1464 962 1520 cujusquam
980 1465 1253 1507 dubitatione
1275 1476 1441 1523 potero.
1463 1466 1529 1508 sin
1553 1482 1731 1525 scrupu-

287 1520 352 1562 lus
385 1522 658 1562 tenuissimus
687 1522 870 1563 residere
891 1522 1044 1578 aliquis
1078 1523 1314 1566 videbitur:
1349 1538 1435 1565 non
1466 1524 1596 1566 tnodo
1618 1527 1729 1582 pati-

286 1579 392 1629 enti,
415 1579 486 1620 sed
506 1579 635 1621 etiam
657 1579 808 1620 libenti
830 1580 974 1620 animo
994 1581 1203 1636 portentis
1221 1581 1400 1622 deorum
1420 1581 1728 1626 immortalium

289 1635 574 1691 religionique
597 1637 770 1692 parebo.

239 1692 276 1746 6
346 1693 428 1734 Sed
450 1708 547 1749 quae
570 1694 742 1735 tandem
764 1702 829 1734 est
851 1693 894 1734 in
923 1692 1004 1736 hac
1027 1694 1131 1736 urbe
1153 1702 1272 1735 tanta
1293 1695 1460 1745 domus,
1482 1695 1537 1736 ab
1559 1695 1642 1737 ista
1663 1711 1727 1738 re-

285 1749 460 1806 ligionis
488 1751 731 1807 suspicione
754 1760 841 1792 tam
865 1766 998 1792 vacua
1019 1761 1147 1807 atque
1178 1754 1311 1807 pura?
1354 1752 1628 1808 Quamquam
1656 1768 1727 1795 ve-

284 1816 383 1849 strae
406 1808 573 1859 domus,
605 1817 746 1864 patres
769 1808 1018 1864 conscripti,
1041 1819 1365 1864 ceterorumque
1386 1809 1561 1861 civium,
1586 1811 1723 1853 multo

280 1865 474 1906 maxima
494 1880 547 1906 ex
572 1875 691 1921 parte
722 1875 820 1906 sunt
842 1865 986 1906 liberae
1011 1865 1232 1922 religione,
1256 1876 1399 1907 tamen
1423 1881 1508 1907 una
1527 1882 1623 1909 mea
1644 1869 1720 1909 do-

281 1935 376 1962 mus
402 1922 582 1977 judiciis
612 1923 813 1964 omnibus
842 1922 1035 1972 liberata,
1066 1924 1111 1964 in
1142 1923 1223 1964 hac
1257 1924 1376 1974 urbe,
1409 1924 1499 1965 sola
1523 1935 1602 1966 est.
1661 1925 1724 1967 Te

280 1979 397 2020 enim
428 1979 611 2036 appello,
637 1980 830 2031 Lentule,
852 1989 896 2020 et
918 1990 972 2031 te,
997 1979 1212 2036 Philippe.
1244 1995 1298 2022 ex
1332 1981 1415 2022 hoc
1445 1980 1722 2039 haruspicum

281 2050 487 2092 responso
519 2037 708 2078 decrevit
741 2047 926 2088 senatuS,
959 2046 1008 2077 ut
1039 2037 1092 2078 dc
1118 2038 1223 2078 locis
1259 2039 1388 2079 sacris
1422 2038 1632 2094 religiosis
1668 2041 1721 2082 ad

148 2092 398 2146 p.246.hunc
427 2095 620 2135 ordinem
653 2094 879 2136 referretis.
915 2095 1149 2150 potestisne
1179 2094 1332 2136 referre
1363 2096 1415 2136 de
1448 2110 1543 2137 mea
1563 2097 1722 2139 domo?

239 2157 378 2205 a·quae
409 2155 476 2203 (ut
500 2152 612 2202 dixi)
644 2151 746 2203 sola,
780 2153 822 2193 in
856 2151 936 2193 hac
970 2152 1090 2203 urbe,
1119 2153 1235 2192 omni
1270 2152 1491 2208 religione,
1519 2154 1720 2195 omnibus

271 2207 467 2262 judiciis,
501 2209 680 2250 liberata
704 2219 792 2251 est:
825 2224 952 2264 quam
987 2209 1173 2265 primum
1206 2209 1404 2251 inimicus
1437 2210 1541 2265 ipse,
1572 2211 1616 2252 in
1649 2210 1721 2252 illa

279 2273 534 2320 tempestate
557 2281 605 2306 ac
628 2276 754 2307 nocte
779 2266 1042 2322 reipublicae‚
1064 2281 1162 2307 cum
1185 2276 1326 2307 cetera
1348 2266 1506 2307 scelera
1527 2268 1624 2308 stilo
1647 2267 1719 2309 illo

278 2321 464 2378 impuro,
488 2326 528 2353 20
544 2323 645 2364 Sex,
661 2322 802 2364 Clodii
823 2338 894 2364 ore
914 2324 1066 2373 tincto,
1086 2323 1424 2379 conscripsisset,
1444 2338 1496 2364 ne
1519 2340 1603 2366 una
1624 2326 1719 2380 qui-

277 2379 375 2420 dem
398 2380 545 2435 attigit
567 2380 709 2421 littera
730 2380 963 2436 religionis.
995 2380 1148 2420 deinde
1171 2381 1350 2421 eandem
1373 2381 1548 2422 domum
1583 2396 1720 2438 popu-

275 2435 340 2477 lus
365 2436 600 2489 Romanus,
623 2437 746 2493 cujus
768 2447 832 2478 est
853 2452 1019 2478 summa
1042 2446 1230 2493 potestas
1254 2438 1448 2479 omnium
1471 2453 1626 2491 rerum,
1645 2455 1718 2481 00-

273 2589 380 2620 fertur
400 2587 440 2618 ad
455 2588 561 2618 concio
577 2597 649 2618 sua.
674 2586 876 2627 gloriabatur
897 2598 975 2618 con·
1018 2588 1108 2618 Vitio
1123 2592 1234 2618 tamen
1250 2598 1421 2629 operarum
1443 2591 1476 2620 in
1491 2591 1558 2631 ejus
1573 2591 1716 2623 editione

275 2632 401 2661 cionem
425 2630 537 2670 populi
562 2640 689 2669 semper
707 2641 725 2660 a
739 2631 805 2661 suis
828 2631 974 2672 pax-tibus
1017 2631 1138 2661 mansit
1160 2631 1305 2661 Clodius:
1327 2632 1411 2670 quod
1435 2641 1493 2662 nos
1507 2634 1717 2664 correximus.

273 2682 354 2709 esse,
369 2677 402 2702 et
417 2673 450 2702 in
466 2682 524 2702 sua
538 2677 712 2712 potestate.
1016 2672 1095 2703 Mox
1112 2675 1206 2703 nulla
1222 2674 1319 2703 lilera
1335 2675 1501 2712 religionis
1514 2676 1639 2713 alligit,
1653 2682 1715 2714 cst,

320 2718 356 2749 19
372 2714 573 2753 dexs'remitu]
592 2714 643 2744 An
658 2714 778 2744 excidit
794 2719 889 2744 terr-ce
900 2714 916 2743 ?
1014 2715 1248 2754 nihilomnino
1268 2716 1301 2745 in
1325 2715 1395 2755 lege
1417 2717 1558 2756 scripsit,
1574 2718 1658 2756 quod
1673 2729 1714 2748 eo
1762 2726 1765 2730 '

315 2762 356 2787 ΞΟ
380 2757 415 2787 S.
436 2756 535 2786 Clodii
556 2766 609 2786 ore
630 2756 742 2795 tincto]
772 2757 823 2786 Sic
847 2767 864 2786 c
890 2756 970 2786 Mss.
1013 2757 1205 2796 pertineret,
1234 2764 1272 2788 ut
1299 2757 1414 2789 domus
1443 2759 1607 2800 religiosa,
1639 2760 1715 2791 reli-
1760 2780 1765 2798 2

273 2799 373 2829 edidit
401 2801 560 2829 Gruterus
585 2799 684 2828 bene:
713 2809 788 2828 cum
814 2807 891 2828 aute
919 2809 971 2828 ore
1013 2799 1111 2839 gione
1125 2800 1276 2831 devincta
1291 2800 1395 2831 fieret.

273 2842 372 2872 titwto
406 2842 545 2880 abesset,
580 2847 616 2872 ct
649 2840 800 2873 ederetur
833 2841 970 2873 clodius.
