1785 3185
424 103 774 144 PHILIPPICA
817 103 1108 145 SECUNDA.
1389 103 1491 148 1279

50 210 289 261 hominum,
310 208 412 251 dum
433 209 582 266 populi
606 208 794 250 Romani
825 223 982 250 nomen
1005 208 1210 260 exstabit,
1233 207 1366 264 (quod
1388 210 1486 265 qui-

51 269 147 310 dem
177 266 273 316 erit,
295 267 365 307 4si
396 280 471 322 per
502 275 542 306 te
573 265 755 317 licuerit,
778 266 1122 321 sempiternum‚)
1147 276 1220 307 tua
1251 267 1321 307 illa
1353 267 1483 322 pesti-

49 325 139 367 fera
167 322 414 364 intercessio
447 322 755 363 nominabitur.
817 322 935 369 Quid
957 323 1114 379 cupide
1145 337 1170 362 a
1191 333 1355 373 senatu,
1377 324 1478 378 quid
1493 335 1545 369 52

48 390 206 423 temere
229 380 374 431 fiebat,
397 394 496 421 cum
520 388 582 429 tu,
605 394 714 420 unus
735 379 995 430 adolescens,
1018 380 1263 420 universum
1287 380 1482 421 ordinem

46 439 272 480 decernere
291 437 344 478 de
366 435 500 477 salute
521 436 770 492 reipublicae
793 437 1082 492 prohibuisti?
1111 450 1249 491 neque
1272 436 1314 476 id
1338 437 1482 487 semel,

48 495 121 537 sed
162 494 347 550 saepius?
396 508 535 549 neque
567 503 612 535 tu
644 503 786 534 tecum
818 494 871 535 de
910 503 1081 535 senatus
1111 493 1370 535 auctoritate
1410 494 1483 548 agi

47 566 193 611 passus
213 553 287 593 es?
318 550 421 606 quid
452 561 595 592 autem
626 552 849 605 agebatur,
873 551 953 592 nisi
986 565 1039 592 ne
1060 550 1199 592 delere
1219 559 1264 591 et
1293 560 1483 590 evertere

45 608 356 665 rempublicam
384 607 576 649 funditus
610 608 750 658 velles,
772 623 871 648 cum
895 618 937 649 te
960 622 1099 664 neque
1131 608 1346 664 principes
1377 607 1484 648 civi-

46 666 145 708 tatis
163 665 370 722 rogando,
391 679 530 719 neque
550 665 734 719 majores
757 674 856 705 natu
876 666 1105 716 monendo,
1125 679 1264 720 neque
1282 664 1483 719 frequens

45 731 216 764 senatus
238 723 421 786 agendo,
443 723 496 763 de
530 722 702 763 vendita
723 732 852 776 atque
874 723 1046 764 addicta
1068 722 1280 763 sententia
1304 722 1484 762 &demo-

45 794 143 821 vere
166 781 331 836 potult?
348 779 458 820 Tum
474 779 590 830 illud,
604 779 748 819 multis
770 780 895 820 rebus
918 790 1016 820 ante
1039 779 1483 829 tentatis,necessario

44 838 124 879 tibi
148 837 299 878 vulnus
321 836 550 886 inflictum,
579 836 693 890 quod
718 836 864 891 paucis
887 848 986 877 ante
1008 847 1074 878 te:
1107 850 1290 892 quorum
1314 836 1480 876 incolu-

41 896 123 935 mis
146 894 229 935 fuit
251 907 390 935 nemo.
451 892 561 933 Tum
588 903 739 933 contra
759 902 801 933 te.
823 892 943 934 dcdit
964 908 1082 936 arma
1102 894 1174 935 hic
1195 893 1301 934 ordo
1322 908 1477 934 consu·
1490 902 1538 936 53

42 951 153 992 libus
173 951 429 1006 reliquisque
451 950 642 1006 imperiis
660 960 703 990 et
726 951 1038 1005 potestatibus:
1069 967 1166 1006 quae
1190 966 1276 992 non
1298 950 1474 1007 effugis—

43 1022 122 1059 ses,
155 1008 236 1049 nisi
270 1017 312 1048 te
339 1008 390 1048 ad
427 1021 544 1048 arma
573 1006 757 1048 Caesaris
783 1008 1051 1049 contulisses.
1081 1009 1163 1059 Tu,
1193 1018 1256 1060 tu,
1283 1003 1555 1063 inquam‚22

44 1064 112 1106 Μ.
135 1065 314 1115 Antoni,
337 1065 535 1120 princeps
555 1064 608 1105 C.
634 1063 810 1116 Caesari,
833 1066 979 1106 omnia
998 1067 1246 1121 perturbare
1268 1066 1476 1121 cupienti,

41 1137 212 1164 causam
247 1121 344 1163 belli
368 1131 518 1162 contra
542 1121 725 1178 patriam
756 1121 966 1163 inferendi
989 1123 1159 1164 dedisti.
1221 1123 1339 1170 Quid
1363 1124 1480 1164 enim

43 1179 156 1220 aliud
188 1178 258 1220 ille
287 1179 490 1220 dicebat?
523 1194 649 1233 quam
674 1193 845 1220 causam
876 1179 1188 1221 dementissimi
1213 1181 1277 1221 sui
1308 1179 1477 1221 consilii

38 1247 82 1277 et
104 1236 208 1278 facti
240 1236 460 1285 afferebat,
484 1236 563 1276 nisi
587 1236 702 1291 quod
735 1236 984 1278 intercessio
1015 1237 1227 1294 neglecta,
1243 1238 1316 1292 jus
1341 1237 1478 1278 tribu-

35 1294 203 1335 nicium
234 1294 465 1343 sublatum,
487 1294 836 1349 circumscriptus
868 1309 893 1334 a
924 1305 1071 1336 senatu
1094 1304 1205 1335 esset
1228 1295 1445 1336 Antonius
1464 1296 1478 1337 ?

39 1350 368 1406 Omitt0,quam
391 1351 484 1391 haec
506 1350 626 1401 falsa,
647 1365 773 1405 quam
797 1351 930 1393 levia:
956 1353 1194 1407 praesertim
1216 1367 1315 1393 cum
1339 1352 1479 1393 omni·

37 1422 96 1450 no
119 1407 234 1449 nulla
255 1422 383 1449 causa
397 1408 518 1463 justa
539 1408 739 1463 cuiquam
762 1422 853 1449 esse
875 1409 1010 1464 possit
1032 1418 1184 1450 contra
1205 1410 1387 1465 patriam
1410 1424 1477 1450 ar-

34 1479 108 1507 ma
137 1465 351 1521 capiendi.
403 1464 517 1505 6Sed
550 1465 660 1505 nihil
689 1465 742 1506 de
773 1465 969 1508 Caesare:
1009 1467 1088 1508 tibi
1119 1477 1234 1508 certe
1264 1466 1476 1508 confiten-

34 1522 138 1564 dum
162 1531 241 1573 est,
259 1536 431 1563 causam
464 1522 814 1577 perniciosissimi
847 1523 943 1564 belli
967 1524 1044 1564 7in
1064 1538 1245 1580 persona
1275 1533 1350 1566 tua
1370 1539 1473 1565 con-

30 1580 209 1621 stitisse.
271 1579 311 1621 Ο
345 1580 547 1620 miserum
583 1590 637 1630 te,
670 1580 702 1620 si
737 1580 967 1636 intelligis!
1007 1582 1286 1633 miseriorem,
1318 1582 1353 1622 si
1383 1595 1469 1623 non
1484 1590 1534 1624 54

31 1637 253 1693 intelligis,
285 1636 369 1677 hoc
400 1636 551 1677 litteris
582 1637 790 1688 mandari,
812 1637 896 1678 hoc
926 1639 1146 1681 memoriae
1179 1639 1319 1695 prodi,
1341 1638 1472 1695 hujus

27 1695 91 1735 rei
130 1709 185 1735 ne
209 1695 504 1750 posteritatem
536 1695 710 1749 quidem
747 1695 939 1736 omnium
975 1695 1231 1737 saeculorum
1264 1711 1470 1752 umquam

27 1751 328 1793 immemorem
369 1751 475 1802 fore,
519 1752 713 1792 consules
757 1766 812 1792 ex
857 1751 984 1794 Italia
1023 1768 1243 1806 excussos,
1285 1761 1606 1810 cti1nquep.171.

29 1807 99 1850 his
132 1808 214 1850 Cn.
239 1808 511 1864 Pompeium,
543 1809 616 1864 qui
649 1809 819 1865 imperii
850 1809 998 1866 populi
1031 1810 1220 1852 Romani
1253 1811 1382 1853 decus
1420 1814 1511 1853 ac⁸·

30 1866 178 1908 lumen
200 1866 298 1917 fuit,
326 1880 475 1907 omnes
503 1866 762 1918 consulares,
786 1868 860 1922 qui
885 1882 959 1923 per
981 1867 1260 1909 valitudinem
1292 1870 1471 1925 exsequi

30 1923 197 1964 cladem
221 1923 336 1964 illam
358 1922 592 1978 fugamque
607 1923 864 1979 potuissent,
886 1934 1107 1980 praetoreS,
1132 1926 1373 1980 praetorios,
1395 1927 1472 1967 tri—

28 1981 171 2022 bunos
214 1980 365 2036 plebis,
404 1994 605 2035 magnam
646 1989 810 2037 partem
854 1990 1041 2033 senatus,
1073 1997 1245 2024 omnem
1277 1983 1470 2025 sobolem

22 2037 284 2094 juventutis,
320 2051 492 2092 unoque
538 2038 682 2088 verbo,
718 2038 1028 2094 rempublicam
1067 2040 1291 2096 expulsam
1339 2051 1468 2096 atque

26 2097 48 2126 8
71 2095 405 2137 exterminatam
440 2094 525 2134 suis
560 2095 746 2136 sedibus.
808 2096 870 2137 Ut
902 2096 1036 2152 igitur
1064 2097 1107 2137 in
1133 2097 1367 2139 seminibus
1402 2107 1528 2146 est55

27 2153 409 2204 causasarborum‚
439 2159 482 2192 et
515 2151 738 2207 stirpium:
782 2153 844 2194 sic
873 2153 1001 2208 hujus
1030 2153 1337 2196 luctuosissimi
1366 2156 1466 2197 belli

28 2224 173 2252 semen
197 2218 244 2250 tu
266 2209 402 2251 fuisti.
462 2207 647 2261 Doletis,
670 2218 754 2251 tres
780 2211 996 2252 exercitus
1019 2211 1169 2267 populi
1193 2212 1381 2256 Romani
1403 2214 1469 2255 in·

67 2326 90 2355 4
109 2324 137 2355 si
147 2333 210 2364 per
225 2327 256 2354 te
269 2322 412 2362 licuerit]
432 2323 497 2354 ΜΞ,
512 2323 591 2353 Vat.
610 2324 724 2354 licebit.
810 2327 828 2357 7
851 2324 886 2354 in
895 2333 1036 2365 persona
1051 2328 1111 2355 tua
1125 2326 1316 2366 constitisse]
1333 2325 1469 2360 Germa<

27 2366 151 2406 recepit
169 2366 330 2397 Graevius.
369 2366 421 2396 Sic
434 2370 468 2396 et
481 2364 521 2396 L.
544 2364 726 2405 Vulgatum
769 2367 865 2396 nismi
893 2371 1082 2407 suspectum
1105 2367 1207 2398 videri
1223 2371 1338 2409 possit,
1352 2380 1411 2410 pro
1431 2372 1468 2404 in

30 2408 149 2439 melius
163 2413 257 2449 puto.
770 2412 811 2438 te.
856 2409 918 2439 Sed
941 2409 1082 2440 refertur
1096 2409 1137 2440 ad
1151 2410 1222 2449 ejus
1242 2411 1466 2451 tribunatum,

70 2452 89 2480 5
111 2460 236 2481 movere
251 2449 374 2491 potuit]
402 2449 523 2490 Scripsi
545 2449 722 2480 demovere.
767 2457 867 2490 atque
881 2451 961 2481 adeo
976 2461 1151 2492 personam
1165 2454 1292 2484 tribuni
1304 2454 1351 2494 pl.

28 2492 179 2532 nuspiam
192 2493 295 2532 reperi
312 2493 350 2522 de
361 2493 522 2523 sententia
537 2501 674 2522 movere.
811 2496 829 2524 Β
853 2498 918 2524 ext.
941 2495 1011 2525 suis
1033 2495 1171 2534 sedibus]
1206 2495 1468 2536 Intelligendum

69 2534 89 2565 6
117 2533 185 2565 Sed
208 2535 292 2565 nihil
318 2534 451 2574 Caesari]
493 2535 557 2565 Ms.
583 2534 660 2565 Vat.
687 2534 727 2564 de
757 2535 879 2576 fuisse,
895 2536 980 2575 quod
1003 2546 1176 2567 numerose
1199 2538 1372 2569 cadentem
1394 2548 1467 2569 ora-

33 2575 168 2613 Caesure,
183 2581 223 2606 ut
234 2581 268 2607 et
280 2576 353 2607 edd.
367 2587 416 2617 pr.
432 2577 518 2616 quod
531 2586 629 2616 quare
643 2586 724 2614 non,
767 2578 892 2608 tionem
906 2579 1043 2616 faceret,
1058 2579 1083 2608 si
1100 2579 1250 2610 additum
1263 2586 1359 2611 esset.
1403 2580 1465 2610 Sed

27 2622 68 2648 ut
81 2618 145 2649 alia
157 2618 247 2649 illius
261 2618 348 2655 libri,
366 2623 532 2659 receptum
548 2620 621 2649 est?
638 2618 727 2649 Nam
769 2620 1023 2660 intelligendum
1037 2627 1100 2657 cst,
1117 2626 1157 2651 nt
1171 2630 1270 2663 supra
1285 2623 1466 2662 potuissent

26 2661 113 2690 nihil
138 2660 257 2691 Coesari
275 2661 353 2699 quid
375 2662 448 2692 est?
474 2661 562 2700 quod
587 2662 724 2691 verbum
769 2667 855 2692 stare
885 2664 997 2703 possit.
1042 2663 1198 2694 Refertur
1225 2669 1335 2694 autem
1359 2664 1466 2694 oratio

26 2701 303 2742 intelligendum?
330 2712 371 2733 an
392 2703 638 2744 confitendum?
662 2703 724 2733 hoc
769 2705 809 2734 ad
834 2706 1084 2744 posteritatem:
1123 2715 1199 2736 nam
1227 2706 1254 2735 si
1284 2707 1399 2737 Cicero
1427 2706 1466 2737 de

28 2744 158 2775 videtur
173 2744 334 2784 decepisse
350 2745 509 2776 librarios.
552 2745 672 2786 Recepi
688 2745 727 2775 de
769 2756 908 2786 persona
929 2757 988 2778 sua
1010 2747 1143 2784 diceret,
1162 2748 1293 2780 deberet
1315 2758 1382 2779 esse
1393 2757 1466 2789 pos·—

33 2785 170 2823 Coesare,
183 2795 227 2860 si.
246 2786 365 2825 dicam,
380 2787 567 2826 dicendum,
581 2787 659 2828 quid
671 2788 727 2818 ille
770 2793 839 2819 sent
852 2795 887 2820 et
898 2789 1039 2830 intelligi
1055 2800 1129 2821 esse.

30 2828 173 2868 peccarit
218 2839 250 2860 c.

683 2877 814 2915 402
