1817 3169
249 150 347 185 1136
834 152 1091 192 ORATIO

243 251 397 302 furere,
419 251 500 293 nisi
522 267 608 295 non
629 269 889 312 cognoscere
908 257 1119 307 homines,
1142 271 1226 298 non
1249 269 1509 312 cognoscere
1536 255 1668 312 leges,

244 323 329 349 non
366 318 574 362 senatum,
606 326 693 353 non
729 313 976 355 civitatem?
1007 317 1279 356 74cruentare
1318 328 1472 370 corpus
1515 315 1668 376 suum?

183 375 233 408 48
248 365 382 419 major
412 366 506 408 haec
527 377 592 408 est
611 370 728 420 vitae,
752 369 892 422 famae,
924 370 1070 412 salutis
1103 386 1189 412 suae
1216 371 1468 412 vulneratio.
1529 370 1573 433 ξι
1606 370 1670 409 ia-

247 422 411 463 miliam
443 433 558 465 tuam
587 424 833 477 dimisisses,
855 428 970 483 quod
1002 428 1053 468 ad
1084 429 1313 479 neminem,
1334 428 1415 468 nisi
1449 427 1500 468 ad
1530 440 1671 482 ipsum

245 488 302 530 te,
354 480 598 535 pertineret,
648 483 774 524 amici
817 493 859 525 te
910 485 974 524 tui
1012 485 1392 540 constringendum
1436 490 1670 547 ‘putarer-it:

245 538 285 568 75
301 537 546 592 praesidiurn
572 548 616 579 tu
648 540 796 595 populi
830 540 1032 591 Romani,
1053 543 1290 582 custodiam
1325 555 1575 604 provinciae,
1607 553 1672 579 ln-

239 591 364 646 jussu
397 595 541 650 populi
574 607 829 651 senatusque
859 597 1104 648 dimisisses,
1139 599 1170 637 si
1195 607 1279 638 tua:
1316 606 1470 638 mentis
1492 610 1672 650 compos

164 647 228 694 21
248 648 424 692 fuisses?
475 651 586 692 Ecce
617 653 696 693 tibi
727 653 846 704 alter,
868 654 1003 695 effusa
1024 655 1116 708 jam
1151 654 1340 694 maxima
1359 653 1670 716 praedm-quam

134 719 300 757 p.90.ex
335 706 517 749 fortunis
551 708 891 764 publicanorum,
920 725 975 752 ex
1014 712 1126 766 agris
1157 711 1417 773 urbibusque
1443 722 1671 773 semorum

202 769 233 790 a.
246 763 516 816 exhauserat,
537 781 633 806 cum
661 767 814 822 partim
835 768 927 823 ejus
950 769 1106 823 praedae
1132 767 1354 823 profunda:
1378 766 1577 829 libidines
1599 764 1674 805 de-

241 832 475 872 vorassent,
508 823 660 878 partim
693 838 805 864 nova
825 825 1022 880 quaedam
1046 834 1088 865 et
1118 825 1308 866 inaudita
1339 824 1541 887 luxuries,
1572 835 1670 877 pai·-

243 877 320 917 tim
346 878 476 919 etiam
500 879 540 919 in
562 879 642 920 illis
665 879 784 931 loeis,
806 882 928 922 76ubi
952 882 1097 922 omnia
1118 882 1310 938 diripuit,
1329 890 1553 928 emtioneS,
1576 892 1673 934 par-

246 934 324 974 tini
347 936 681 990 permutationes
705 936 758 977 ad
783 937 895 979 hunc
916 937 1205 979 Tusculanum
1239 949 1427 978 montem
1449 947 1673 1000 exstruen-

244 990 373 1043 dum3
406 995 552 1032 'mcum
569 992 663 1047 jam
685 1005 844 1049 egeret,
866 1010 964 1036 eum
989 995 1059 1036 illa
1078 996 1169 1050 ejus
1187 996 1393 1036 immensa
1408 1003 1451 1035 et
1474 991 1673 1055 intolera-

246 1046 344 1088 bilis
376 1049 606 1090 aedificatio
629 1051 916 1103 constitisset3
948 1067 991 1092 se
1020 1053 1174 1108 ipsum,
1208 1053 1341 1093 fasces
1371 1066 1483 1102 suos,
1507 1063 1672 1112 exerei-

247 1113 338 1144 tum
375 1105 520 1160 populi
556 1105 758 1158 Romani,
790 1123 946 1150 numen
983 1110 1341 1164 interdictumque
1379 1109 1554 1149 deorum
1593 1120 1673 1146 1111-

247 1162 506 1213 mortalium,
557 1177 760 1219 responsa
811 1166 1095 1217 sacerdotum,
1135 1167 1434 1229 auctoritatem
1486 1172 1671 1226 senatus,

240 1217 363 1272 jussa
384 1219 546 1275 populi,
578 1235 733 1261 nomen
767 1237 816 1262 ac
847 1223 1099 1279 dignitatern
1136 1223 1316 1279 imperii,
1348 1237 1436 1278 regi
1460 1221 1671 1277 JEgyptio

184 1282 236 1317 49
250 1275 455 1316 vendidit.
517 1276 628 1317 Cum
663 1278 767 1319 fines
809 1281 1042 1334 provinciae
1083 1291 1223 1321 tantos
1258 1280 1672 1343 haberet,·quantos
1816 1310 1817 1350 1

249 1331 454 1382 voluerat,
490 1344 672 1388 quantos
717 1345 954 1391 optaverat,
992 1347 1175 1392 quantos
1218 1337 1301 1378 mei
1341 1346 1493 1400 eapitis
1534 1343 1671 1397 pretio
1814 1361 1817 1389 1

246 1389 520 1445 periculoque
552 1403 736 1433 emerat:
772 1393 835 1433 his
867 1409 911 1435 se
944 1404 1084 1435 tenere
1117 1409 1202 1435 non
1238 1402 1403 1449 potuit:
1435 1400 1674 1454 exereitum

244 1446 397 1486 eduxit
422 1461 475 1487 ex
511 1447 649 1502 Syria.
712 1450 799 1496 Qui
831 1450 952 1492 licuit
973 1461 1096 1492 extra
1126 1451 1390 1507 provinciam
1408 1453 1425 1513 ἓ.
1450 1447 1676 1489 78Tr1buit
1812 1407 1817 1531 Ι

243 1516 286 1542 sc
311 1505 617 1545 mercenarium
641 1507 844 1547 comitem
868 1509 956 1564 regi
983 1508 1291 1549 Alexandrino.
1341 1506 1458 1554 Quid
1480 1506 1563 1546 hoc
1586 1513 1676 1567 tur-

243 1558 370 1613 pius?
414 1559 465 1601 In
488 1561 730 1617 sEgyptum
758 1564 899 1606 venit:
933 1566 1055 1621 signa
1075 1565 1262 1606 contulit
1292 1579 1388 1606 cum
1420 1561 1676 1604 Alexandri·
1810 1533 1817 1625 l

244 1616 324 1656 nis.
386 1616 572 1663 Quando
596 1619 679 1660 hoc
703 1620 876 1671 bellum,
899 1632 972 1663 aut
1002 1623 1070 1662 hic
1092 1623 1212 1671 ordo,
1235 1632 1308 1663 aut
1330 1620 1512 1676 populus
1536 1631 1677 1659 susce·
1809 1628 1817 1683 ff

243 1675 390 1727 perat?
424 1674 553 1729 Cepit
574 1674 897 1720 Alexandriam.
963 1679 1078 1725 Quid
1106 1679 1218 1720 aliud
1243 1689 1541 1739 exspectamus
1564 1691 1589 1738 a
1609 1673 1676 1714 fu·
1808 1683 1817 1765 ξ

244 1743 337 1770 rore
359 1729 466 1785 ejus,
489 1731 569 1772 nisi
593 1742 641 1773 ut
666 1733 718 1774 ad
741 1743 935 1776 senatum
958 1737 1140 1777 79tantis
1162 1736 1213 1777 de
1246 1737 1370 1776 rebus
1400 1745 1530 1790 gestis
1561 1732 1675 1773 litte·
1807 1772 1814 1792 ,

1806 1809 1815 1893 ἷ

1805 1909 1810 1925 i

1804 1942 1810 1966 r

241 1873 266 1903 si
285 1874 397 1905 Cicero
412 1875 511 1907 vellet
533 1876 655 1908 dicere:
681 1888 719 1909 ex
741 1878 790 1910 his
811 1880 937 1911 clarum
974 1883 1124 1921 publiea».
1140 1882 1315 1917 verissime,
1332 1885 1478 1920 utputo.

242 1925 322 1950 esse,
338 1917 514 1948 Gabinium
528 1919 647 1955 furere,
663 1930 728 1950 non
745 1932 938 1960 cognoscere
1022 1924 1063 1957 76
1080 1925 1133 1953 ubi
1150 1926 1259 1954 omnia
1275 1924 1426 1963 diripuit]
1446 1923 1511 1954 Ms.
1529 1922 1597 1952 Erf.
1612 1932 1680 1953 om-

242 1955 392 1987 homines
407 1960 465 1990 ἃς.
494 1961 556 1990 Sed
572 1961 685 1991 Cicero
701 1963 805 1993 voluit
820 1964 938 2001 dicere,
982 1975 1049 2001 nes,
1068 1976 1134 1996 non
1150 1966 1248 1996 male.

242 2009 281 2029 ex
312 1999 373 2035 his,
400 2010 462 2030 ηοη
488 2012 673 2039 cognoscere
700 2005 852 2042 hanzines,
877 2017 940 2036 non

242 2051 429 2079 cngnoscere
445 2045 530 2082 teges
546 2045 604 2074 ἃς.
621 2055 788 2085 apparere,
802 2058 876 2077 cuin
891 2049 941 2078 fn-

244 2083 364 2113 riosum
392 2094 472 2121 esse,
499 2095 565 2115 non
594 2088 715 2117 mentis
740 2093 941 2128 compotem,

242 2130 280 2154 ut
298 2132 370 2164 post
387 2126 476 2157 dit-it.
522 2127 637 2167 Itaque
651 2130 714 2159 nisi
729 2132 870 2161 restitui.

285 2169 325 2199 74
345 2173 519 2198 cruentare
539 2179 654 2210 corpvs
667 2173 801 2212 suum?]
821 2173 945 2203 Putant

241 2207 304 2237 boe
319 2209 420 2239 etiam
443 2211 475 2240 in
500 2221 618 2246 genere
632 2217 666 2243 et
681 2220 877 2254 argumento
892 2215 943 2245 fu-

243 2250 323 2279 roris
347 2252 434 2290 poni.
479 2253 542 2283 Sed
565 2263 607 2283 an
629 2254 786 2286 Gabinius
810 2256 872 2287 hoc
896 2257 941 2288 fe-

243 2292 312 2321 cit?
340 2292 440 2331 Atqui
462 2304 501 2323 ea
525 2299 658 2326 tantum
684 2306 941 2330 commemorare

243 2337 386 2372 poterat,
401 2345 473 2374 quae
496 2336 530 2366 in
553 2347 627 2367 eum
650 2338 816 2376 caderent,
833 2341 942 2378 qualia

243 2380 321 2404 sunt
336 2378 513 2416 superiora.
559 2379 672 2418 Itaque
688 2387 774 2410 reete
782 2382 943 2419 judicavit

247 2416 401 2455 Faernus,
418 2418 470 2449 liic
492 2419 614 2458 aliquid
629 2421 794 2459 excidisse,
813 2433 942 2464 nempe,

244 2459 312 2488 leve
325 2463 391 2489 est:
415 2461 574 2500 probante
591 2462 764 2501 Lambino,
782 2465 836 2504 qui
851 2470 884 2495 et
907 2467 942 2497 in

243 2504 374 2530 textum
390 2504 522 2542 recepit.
550 2503 587 2533 Id
602 2514 662 2543 ego
678 2514 742 2535 non
758 2516 855 2536 ausus
869 2516 941 2538 sum

244 2541 380 2579 imitari,
403 2554 476 2574 cuin
502 2546 656 2582 nesciam,
678 2556 720 2576 an
740 2547 883 2578 Faernus
908 2550 942 2580 in

243 2583 309 2614 Ms.
339 2586 504 2624 repererit.
550 2587 622 2627 Ipse
652 2587 731 2618 olim
761 2591 942 2630 suspicatus

244 2635 338 2656 sum:
367 2633 542 2658 cruentare
568 2639 683 2670 corpus
710 2641 819 2668 suum,
836 2631 943 2672 surm·

244 2673 309 2698 est.-
335 2668 442 2709 major
465 2671 530 2699 hoec
551 2675 597 2702 esc
621 2673 677 2702 ἃς.
722 2673 835 2703 Potuit
862 2674 943 2705 illud

233 2709 340 2749 furor
365 2715 412 2740 est
437 2711 581 2742 excidere
610 2723 666 2753 per
693 2715 941 2746 similitudinem

243 2753 464 2790 sequentium,
479 2752 588 2794 major
601 2760 656 2785 est.
684 2756 856 2787 Sententia
870 2760 941 2797 qni-

243 2792 317 2823 dem
346 2795 391 2824 sie
415 2795 526 2826 existit
552 2796 671 2837 aptior,
694 2808 792 2836 quain
820 2810 859 2829 ex
884 2800 942 2831 illo

243 2835 312 2865 leve
326 2840 383 2865 est.

285 2879 326 2910 75
335 2878 526 2917 praesidium
537 2879 613 2920 pop.
630 2879 689 2922 R]
714 2880 858 2914 Faernus
879 2885 942 2916 rei-

1024 2011 1040 2041 7
1046 2012 1061 2041 7
1079 2018 1152 2037 cnm
1161 2007 1239 2047 jam
1252 2007 1374 2046 egeret]
1399 2007 1471 2037 Hoc
1486 2010 1535 2037 est
1549 2017 1568 2037 a
1581 2005 1679 2036 Faer-

984 2058 1040 2085 no,
1065 2057 1231 2089 receptum
1254 2050 1294 2080 ab
1318 2049 1400 2079 Aldo
1420 2050 1493 2086 jun.
1521 2054 1556 2079 et
1579 2048 1678 2078 Lam-

984 2091 1073 2121 bino.
1092 2101 1157 2121 non
1171 2092 1313 2121 arbitror
1336 2091 1550 2122 necessarium
1566 2090 1680 2120 admo-

985 2132 1062 2163 dum
1086 2143 1165 2164 esse.
1190 2143 1266 2163 uam
1289 2144 1364 2163 eum
1388 2133 1517 2172 coepisse
1539 2141 1646 2171 egere,
1661 2142 1679 2162 e

987 2176 1103 2205 ceteris
1125 2181 1159 2205 et
1181 2181 1348 2214 sequente,
1363 2175 1401 2205 de
1423 2175 1542 2205 omissa
1554 2175 1680 2205 Tuscu-

985 2215 1061 2246 lana
1084 2217 1311 2253 aedificatione,
1328 2222 1427 2257 patet.
1475 2215 1681 2247 Tusculanus

985 2268 1074 2288 mons
1096 2265 1146 2289 est
1170 2260 1344 2298 magnifica
1365 2266 1398 2289 et
1424 2258 1539 2297 regalis
1561 2259 1639 2289 villa
1660 2269 1680 2289 a

985 2299 1124 2330 Gabinio
1141 2301 1291 2331 aeditieari
1307 2301 1341 2330 in
1354 2300 1541 2330 Tusculano
1562 2306 1678 2341 eoepta.

1027 2346 1066 2375 78
1086 2343 1212 2373 Tribuit
1227 2352 1259 2373 se
1270 2342 1431 2381 comitem]
1449 2342 1596 2373 Graevius
1611 2353 1680 2374 ma-

985 2382 1073 2414 lebat
1091 2386 1230 2424 praebuit
1251 2395 1278 2414 s.
1302 2395 1330 2414 e.
1358 2384 1443 2414 facili
1469 2386 1678 2423 conjectura:

985 2434 1062 2455 nam
1077 2425 1145 2457 haec
1160 2426 1284 2466 phrasis
1299 2430 1346 2456 est
1364 2430 1443 2456 nota
1456 2431 1490 2456 et
1504 2426 1656 2466 frequens
1666 2438 1677 2458 z

984 2466 1134 2506 idemque
1156 2468 1283 2498 sedicit
1299 2469 1452 2507 reperisse
1474 2468 1507 2497 in
1532 2470 1681 2509 margine

984 2507 1036 2538 ed.
1052 2508 1168 2540 Lainb.
1204 2510 1310 2539 Immo
1325 2510 1370 2540 sic
1385 2510 1486 2540 edidit
1500 2510 1680 2541 Lambinus

984 2549 1084 2580 tacite
1107 2552 1140 2580 in
1163 2562 1213 2587 ea,
1236 2561 1308 2590 quae
1332 2553 1459 2591 proprie
1475 2558 1524 2582 est
1547 2553 1680 2584 Lambi-

986 2592 1095 2627 niana,
1112 2593 1254 2623 editione
1272 2594 1361 2624 1565.
1386 2603 1483 2632 quam
1507 2595 1681 2633 ignorabat

985 2633 1142 2664 Graevius.
1187 2635 1257 2671 Ego
1273 2636 1386 2665 tribuit
1402 2645 1468 2666 non
1481 2637 1656 2675 spreverim
1670 2649 1677 2666 :

985 2675 1071 2713 quod
1086 2686 1143 2716 pro
1152 2677 1308 2716 pra-bere,
1323 2678 1407 2708 sicut
1427 2678 1595 2718 impertire
1607 2683 1682 2719 pot-

985 2721 1034 2746 est
1049 2717 1122 2747 dici.

1026 2762 1066 2792 79
1087 2760 1188 2790 tantis
1215 2760 1253 2789 de
1276 2761 1370 2791 rebus
1392 2760 1506 2800 gestis]
1535 2761 1682 2792 Offendit

985 2810 1038 2830 mc
1068 2800 1132 2837 hic,
1163 2804 1270 2833 nescio
1298 2803 1474 2843 quomodo,
1496 2805 1615 2843 gestis:
1641 2807 1681 2834 ut

986 2842 1099 2874 malini
1114 2844 1234 2876 abesse.
