1785 3185
420 107 772 148 PHILIPPICA
798 108 1086 148 SECUNDA.
1405 110 1501 147 1281

70 219 138 254 ter
164 225 286 268 quoe,
309 221 457 268 aperta
487 211 653 262 lectica,
676 210 809 251 mima
838 212 1115 266 portabatutz
1148 225 1276 266 quam
1298 225 1352 252 ex
1375 213 1501 269 oppi-

67 269 132 311 dis
163 269 458 325 municipales,
490 268 685 308 homines
717 267 901 332 honesti,
933 268 1103 308 obviam
1132 270 1371 309 necessario
1404 285 1504 325 pro-

65 325 257 376 deuntes,
280 340 365 365 non
398 334 502 366 noto
534 324 604 365 illo
635 333 679 365 et
710 325 884 365 mimico
917 324 1106 374 nomine,
1129 325 1200 364 sed
1228 325 1500 367 Volumniam

63 381 404 424 consalutabant.
465 381 733 437 Sequebatur
761 381 892 422 rheda
925 384 960 411 13
977 395 1074 421 cum
1099 380 1339 431 lenonibus,
1363 384 1498 423 comi·

63 447 125 479 tes
151 439 416 494 nequissimi,
439 438 598 494 rejecta
618 447 754 480 mater
777 439 958 479 amicam
982 437 1139 493 impuri
1165 437 1255 487 filii,
1279 413 1498 492 tamquam

59 509 229 545 nurum,
253 497 526 550 sequebatur.
589 495 630 537 O
652 496 818 537 miserae
849 495 1036 536 mulicris
1075 468 1406 536 foecunditatem
1430 510 1501 536 ca-

61 551 333 593 lamitosam!
370 551 539 593 Horum
570 552 834 608 flagitiorum
866 553 947 593 istc
979 551 1171 607 vestigiis
1193 552 1339 591 omnia
1360 553 1501 592 muni-

56 609 189 664 cipia‚
212 610 505 666 praefecturas,
528 609 733 660 colonias,
757 618 891 650 totam
911 609 1095 666 denique
1126 608 1167 649 It
1171 607 1331 648 aliam
1321 622 1498 664 impres-

60 675 128 707 sit.

120 723 400 778 Reliquorum
440 723 652 764 factorum
694 722 802 777 ejus,
841 731 982 779 patres
1019 721 1269 778 conscripti,
1306 721 1557 763 diffic1l1s50

59 790 126 821 est
147 795 247 821 sane
267 780 539 836 reprehensio
562 790 605 820 et
626 780 804 821 lubrica.
866 779 1099 820 Versatus
1091 794 1133 820 in
1166 778 1277 819 bello
1308 788 1395 820 est:
1429 794 1495 819 sa-

59 838 219 878 tmavit
241 852 283 878 se
306 838 513 893 sanguine
530 836 913 878 dissimillimorum
932 837 995 877 sui
1018 836 1193 877 civium.
1217 835 1300 876 fuit
1319 835 1438 887 felix,
1459 837 1492 877 si

59 904 203 949 potest
224 895 308 935 ulla
328 908 417 935 esse
440 895 482 934 in
506 893 661 935 scelere
682 894 880 935 felicitas.
935 893 1033 944 Sed,
1056 893 1259 949 quoniam
1285 894 1494 934 veteianis

57 961 235 992 cautum
275 965 365 992 esse
400 951 610 1001 volumus,
642 965 902 1007 quamquam
945 950 1162 992 dissimilis
1203 958 1268 991 est
1307 950 1494 992 militum

59 1022 188 1049 causa
209 1016 252 1048 et
282 1018 379 1049 tua:
412 1007 470 1049 illi
503 1008 637 1049 secuti
670 1018 798 1050 sunt:
832 1018 876 1049 tu
899 1007 1091 1062 qusesisti
1123 1008 1301 1049 ducem:
1334 1016 1494 1059 tamen,

58 1078 112 1105 ne
142 1064 255 1121 apud
286 1065 378 1106 illos
409 1079 478 1106 me
509 1066 552 1106 in
584 1065 788 1106 invidiam
821 1079 963 1116 voceS‚
985 1065 1093 1105 nihil
1123 1065 1176 1106 de
1207 1064 1305 1106 belli
1338 1079 1494 1121 genere

54 1121 211 1163 dicam.
271 1123 423 1164 Victor
442 1136 466 1163 e
486 1121 705 1163 Thessalia
737 1122 1013 1163 Brundisium
1037 1136 1136 1163 cum
1159 1121 1402 1178 legionibus
1428 1136 1493 1163 re-

54 1179 234 1220 vertisti.
259 1179 318 1221 ibi
342 1194 410 1220 me
432 1194 517 1221 non
540 1179 752 1221 occidisti.
775 1193 979 1235 magnum
1003 1179 1276 1220 beneficium.
1299 1179 1490 1235 potuisse
1502 1199 1536 1230 p.
1557 1190 1625 1224 17¹.

54 1237 169 1278 enim
193 1238 343 1278 fwteor.
363 1252 622 1292 quamquam
643 1251 771 1277 nemo
793 1246 884 1278 erat
900 1250 1063 1287 eorum,
1089 1237 1209 1291 1⁴qui
1233 1245 1324 1277 tum
1348 1242 1533 1278 tecum·-

55 1293 242 1344 f·,ue1unt
265 1294 338 1349 qui
362 1294 468 1335 mihi
490 1309 576 1334 non
601 1302 794 1335 censeret
816 1294 931 1349 parci
955 1302 1169 1349 oportere.
1216 1293 1354 1335 Tanta
1375 1293 1487 1335 enim
1502 1310 1554 1345 60

54 1360 119 1392 est
140 1352 293 1392 caritas
316 1351 482 1408 patriae,
502 1360 548 1392 ut
565 1352 714 1392 vestris
735 1352 865 1392 etiam
885 1350 1128 1407 legionibus
1149 1361 1321 1392 sanctus
1339 1365 1490 1399 essem,

54 1409 170 1463 quod
187 1423 285 1450 eam
307 1424 332 1449 a
353 1423 421 1449 me
443 1422 535 1449 ser-n
539 1416 652 1449 atam
675 1422 765 1449 esse
796 1408 1105 1449 meminissent..
1167 1408 1250 1449 Sed
1278 1407 1360 1458 fac,
1384 1408 1426 1449 id
1451 1418 1492 1450 te

53 1466 220 1506 dedisse
250 1465 371 1517 mihi,
394 1465 509 1521 quod
531 1480 616 1506 non
645 1465 857 1516 ademisti,
878 1479 1032 1521 meque
1054 1481 1078 1506 a
1100 1474 1142 1506 te
1163 1465 1321 1510 habere
1344 1466 1491 1517 vitam,

51 1523 183 1577 quia
174 1539 198 1564 a
221 1533 262 1564 te
284 1538 367 1563 non
393 1523 445 1563 sit
469 1533 638 1578 erepta:
674 1523 901 1564 15lieuitue
922 1522 1026 1563 mihi
1051 1537 1126 1579 per
1148 1531 1207 1564 tu¹
1209 1538 1240 1563 15
1265 1533 1490 1564 contume-

46 1579 124 1620 1115
155 1581 238 1622 hoc
270 1580 526 1621 beneficium
558 1581 619 1621 sic
651 1581 775 1637 tueri,
798 1590 843 1621 ut
878 1580 1042 1630 tuebar,
1066 1581 1298 1635 piaeseltim
1324 1595 1421 1623 cum
1446 1590 1487 1621 te

49 1636 144 1678 haec
166 1638 409 1679 auditurum
435 1637 625 1679 videres?
658 1634 822 1678 Venisti
847 1637 1140 1689 Brundisium,
1165 1637 1205 1678 in
1230 1637 1370 1679 sinum
1391 1637 1484 1693 qui·
1498 1638 1569 1688 25

47 1694 143 1735 dem
167 1704 209 1735 et
231 1695 273 1735 in
295 1694 571 1758 complexum
594 1704 679 1735 tuae
703 1694 907 1735 mimulae.
969 1694 1087 1741 Quid
1110 1697 1202 1737 est?
1232 1709 1335 1735 num
1366 1709 1485 1735 men·
1498 1711 1544 1746 61

47 1750 158 1793 tior?
193 1752 335 1798 Quam
357 1752 559 1791 miserum
581 1760 645 1791 est
667 1751 709 1792 id
733 1765 889 1807 negare
912 1766 997 1792 non
1021 1766 1159 1807 posse,
1181 1751 1296 1806 quod
1320 1751 1374 1792 sit
1398 1760 1485 1793 tur-

46 1808 269 1863 pissimum
299 1808 520 1850 confiteri!
583 1808 626 1848 Si
651 1817 693 1849 te
714 1809 1046 1873 municipiorum
1071 1823 1156 1849 non
1182 1809 1399 1864 pudebat:
1433 1823 1487 1850 ne

46 1866 234 1906 veterani
258 1865 431 1921 quidem
457 1865 672 1906 exercitus
688 1868 701 1908 ἓ
732 1880 826 1921 quis
848 1866 961 1906 enirn
985 1865 1106 1906 miles
1129 1865 1226 1916 fuit,
1248 1880 1321 1920 qut
1346 1866 1487 1906 Brun·

47 1921 144 1962 disii
168 1923 280 1963 illam
304 1936 388 1963 non
414 1922 600 1964 viderit?
630 1922 740 1977 quis,
763 1937 835 1977 qul
867 1923 1080 1973 nescierit,
1105 1922 1270 1963 venisse
1288 1936 1379 1963 eam
1404 1923 1483 1964 tibi

47 1987 112 2019 tot
135 1979 299 2021 dierum
322 1980 434 2021 viam
458 1978 742 2035 gratulatum?
776 1979 889 2035 quis,
911 1980 984 2034 qui
1016 1994 1100 2020 non
1126 1979 1370 2029 indoluerit,
1395 1988 1482 2020 tam

46 2050 140 2076 sero
163 2051 221 2088 56,
247 2037 417 2091 ¹6quem
443 2013 702 2077 1101111661115
686 2047 855 2078 secutus
878 2045 1002 2087 esset,
1025 2039 1313 2092 cognoscere?
1344 2035 1407 2076 Ite
1389 2036 1481 2077 011ae
1495 2050 1545 2086 62

45 2107 189 2135 rursus
215 2093 526 2149 17pe1wcu1satio
549 2093 696 2134 eadem
728 2094 887 2134 comite
918 2094 1074 2134 mima:
1109 2093 1149 2133 in
1183 2093 1354 2156 oppida·
1372 2093 1485 2134 mili-

47 2159 137 2191 tum
160 2150 342 2192 crudelis
365 2159 408 2190 et
430 2164 583 2191 mlSera
604 2150 836 2192 deductio:
869 2150 912 2192 in
936 2151 1041 2191 urbe
1063 2150 1169 2201 auri,
1191 2150 1374 2206 argenti,
1396 2164 1486 2193 ma,

88 2312 124 2341 13
147 2319 222 2340 cum
245 2308 424 2348 lenonibus]
453 2307 615 2339 Corradus
637 2311 671 2339 et
686 2308 742 2338 Vi·
786 2308 966 2341 licelmtnm
999 2306 1086 2346 quod
1115 2306 1196 2338 mihi
1227 2311 1261 2338 et
1289 2307 1406 2338 melius
1435 2317 1485 2338 se-

44 2353 167 2382 ctorius
182 2351 336 2391 legebant
353 2353 504 2382 leonibus.
525 2350 623 2381 male.
639 2351 745 2381 Dece·
783 2350 899 2389 quenti
922 2354 960 2380 ue
981 2351 1097 2380 tuebar
1120 2351 1305 2380 consentire
1331 2349 1480 2380 videtur:

43 2393 93 2433 pit
119 2403 186 2430 eos,
211 2394 297 2433 quod
326 2397 530 2433 repererant,
559 2392 742 2423 Antonium
786 2393 820 2422 in
839 2402 902 2431 qno
919 2396 952 2421 et
975 2391 1082 2422 addidi
1104 2392 1162 2429 sic,
1177 2402 1195 2422 6
1211 2392 1300 2424 libris
1324 2392 1482 2431 antiquis,

39 2442 135 2467 usum
151 2445 219 2466 esse
232 2435 379 2466 leonibus
393 2435 639 2472 mansuefactis,
653 2434 739 2474 apud
783 2434 883 2465 etiam
898 2434 1007 2464 Guelf.
1023 2439 1057 2464 et
1073 2433 1146 2464 edd.
1162 2444 1211 2473 pr.

41 2472 270 2510 Plutarchum.
315 2477 377 2508 Sed
399 2477 433 2508 id
448 2478 489 2508 ad
511 2477 634 2507 seriora
655 2483 739 2506 tem·
827 2477 864 2506 16
896 2486 991 2515 quem
1025 2477 1187 2508 hominem
1224 2479 1351 2506 secutus
1385 2473 1480 2514 esset]

40 2529 120 2560 pora
134 2520 295 2559 pertinet,
311 2525 444 2550 auctore
458 2518 587 2550 eodem.
783 2519 924 2549 Faernus
953 2523 987 2548 et
1017 2527 1172 2557 sequaces
1199 2517 1326 2548 edidere
1354 2528 1371 2547 e
1400 2517 1480 2547 vat.

86 2564 123 2592 14
137 2562 192 2600 qui
205 2565 277 2592 tum
291 2561 410 2601 tecum]
430 2562 483 2592 Sic
499 2561 580 2591 Mss.
596 2559 740 2599 antiqui,
782 2570 881 2600 ‹Juam
897 2569 1036 2599 nequam
1051 2561 1226 2591 hominem.-
1242 2559 1328 2598 quod
1339 2560 1382 2589 rei
1398 2559 1482 2589 bene

39 2612 122 2640 ores,
137 2604 238 2634 etiam
255 2603 363 2634 Guelf.
401 2604 529 2643 Vulgo:
555 2608 643 2633 tuno.
783 2602 949 2638 convenit,
978 2612 1057 2635 nam
1082 2602 1231 2632 homines
1252 2601 1397 2636 Venerii,
1424 2609 1482 2629 ne-

86 2647 122 2675 15
146 2646 283 2675 liceatne
295 2646 390 2684 mihi]
420 2646 473 2677 Sic
492 2645 565 2675 libri
594 2643 740 2685 plerique
782 2654 881 2683 quarn
908 2644 1077 2677 dicuntur.
1121 2643 1166 2674 At
1194 2648 1307 2673 tamen
1337 2651 1479 2681 nequam

37 2695 100 2718 scr.
115 2690 149 2717 et
169 2686 241 2717 edd.
285 2688 348 2719 Sed
370 2688 402 2717 id
420 2688 575 2718 vitiosum
599 2691 662 2722 est,
680 2695 739 2715 nec
783 2687 864 2717 mihi
879 2685 1018 2725 glossam
1035 2687 1131 2727 sapit.
1145 2694 1240 2725 quem
1258 2685 1418 2715 hominem
1433 2689 1485 2714 est

35 2729 202 2759 consentit
240 2730 467 2768 sequentibus.
526 2729 670 2759 Faernus
710 2733 744 2757 et
787 2728 1052 2760 Ciceronianum.

35 2779 187 2809 sequaces
211 2780 358 2811 recepere
383 2772 525 2801 licuitne
549 2782 567 2801 e
589 2771 652 2801 Ms.
668 2770 743 2799 Vat.
833 2773 868 2804 17
896 2768 1122 2811 percursatio]
1154 2777 1202 2799 sc.
1232 2777 1309 2799 cum
1341 2767 1482 2800 Roman

32 2822 112 2850 quos
139 2819 174 2842 et
202 2814 269 2852 ipse
293 2817 430 2843 secutus
454 2823 541 2849 sum,
567 2818 604 2843 ut
629 2812 744 2842 melius
787 2812 862 2842 iret.

32 2853 176 2895 vulgato.
223 2854 286 2886 Sed
307 2856 452 2888 fortasse
475 2865 494 2887 a
512 2855 673 2887 Cicerone
695 2858 746 2883 est

696 2901 826 2938 408
