1785 3185
439 108 557 147 PRO
583 108 628 147 T.
655 107 849 146 ANNIO
875 109 1126 148 MILONE.
1398 113 1495 154 1171

70 215 239 271 quoties
269 212 531 263 occasiones,
569 226 697 267 quam
733 211 948 267 praeclarae
982 211 1181 255 fuerunt?
1223 213 1497 267 ⁵¹P0tuitne,

71 286 170 313 cum
192 271 368 312 domum
396 284 445 310 ac
467 269 569 310 deos
601 279 774 324 penates
797 283 910 319 suOS,
941 267 1013 309 illo
1035 280 1328 324 oppugnante,
1350 272 1498 313 defen-

69 328 203 379 deret,
218 328 318 383 jure
340 340 383 367 se
404 326 580 367 ulcisci?
613 326 822 381 potuitne,
845 325 939 365 eive
963 327 1154 380 egregiO,
1175 335 1219 366 et
1241 327 1331 367 viro
1355 328 1498 369 fortis-

71 386 195 437 simo,
234 384 281 425 P.
305 384 470 434 Sextio,
493 382 658 439 collega
688 397 778 432 suo,
800 382 1047 423 vulnerato?
1089 382 1301 437 potuitne,
1335 384 1393 430 Q.
1417 385 1498 425 Fa-

69 442 222 493 bricio,
246 442 336 482 viro
359 441 540 496 optimo,
562 454 659 481 cuin
682 440 734 480 de
756 439 893 480 reditu
917 453 1012 479 meo
1034 438 1172 494 legem
1195 440 1337 489 ferret,
1360 441 1498 495 pulso,

69 499 362 540 crudelissima
386 499 426 538 iu
461 497 555 538 foro
577 498 694 538 eaede
726 497 867 537 faeta?
898 497 1109 551 potuitne,
1146 495 1194 536 L.
1218 495 1401 547 Caecilii,
1425 497 1499 551 ju-

70 556 245 597 stissimi
269 555 577 609 fortissimique
607 555 818 609 praetoris,
840 562 1091 609 oppugnata
1112 553 1269 595 domo?
1300 553 1499 609 potuitne

70 611 142 654 illo
164 614 248 664 die,
270 627 365 654 cum
390 622 454 653 est
476 612 560 652 lata
583 611 650 652 lex
674 611 727 652 de
749 613 843 652 me?
875 624 972 650 cum
996 611 1127 650 totius
1156 609 1293 650 Italiae
1316 625 1498 651 concur-

69 685 153 721 sus,
176 685 304 726 quem
334 684 430 710 mea
460 670 569 709 salus
599 669 850 718 concitarat,
873 667 976 707 facti
1008 667 1115 708 illius
1146 668 1327 722 gloriam
1360 667 1496 708 libens

66 729 338 783 agnovisset:
372 736 431 777 ut,
456 727 620 766 etiamsi
645 725 687 765 id
712 724 823 765 Milo
845 725 1029 773 fecisset,
1051 733 1207 764 cuncta
1227 725 1380 765 civitas
1401 738 1494 765 eam

66 784 233 826 laudem
265 799 340 840 pro
363 798 437 824 sua
460 782 721 823 vindicaret?
761 780 896 836 Atqui
926 784 965 811 52
979 792 1068 821 erat
1099 781 1140 822 id
1177 781 1381 836 temporis
1409 781 1576 832 cla-15

66 841 257 882 rissimus
288 851 330 882 et
366 840 621 881 fortissimus
652 840 816 889 consul,
848 839 1044 878 inimicus
1069 837 1236 888 Clodio,
1261 838 1311 878 P.
1336 838 1556 890 Lentu-39

67 898 147 950 lus,
184 901 223 929 53
238 898 349 939 ultor
382 896 549 938 sceleris
583 896 709 946 illius,
748 906 1044 952 propugnator
1082 905 1267 946 senatuS,
1299 894 1498 937 defensor

67 963 219 996 vestrae
243 955 489 1004 voluntatis,
512 963 714 1008 patronus
740 953 850 993 illius
875 952 1035 1008 publici
1058 967 1303 1003 consensus,
1326 954 1499 993 restitu-

68 1020 136 1053 tor
168 1012 314 1053 salutis
347 1026 479 1052 meae:
513 1020 676 1065 septem
711 1020 929 1066 praetores,
952 1020 1050 1050 octo
1074 1010 1235 1050 tribuni
1268 1009 1419 1066 plebis,
1449 1009 1498 1050 il-

68 1068 147 1110 lius
181 1069 425 1120 adversarii,
458 1067 701 1109 defensores
741 1069 848 1109 mei:
886 1067 967 1108 Cn.
1005 1067 1237 1123 Pompeius
1275 1077 1425 1108 auctor
1455 1077 1499 1108 et

67 1126 156 1167 dux
180 1127 262 1167 mei
287 1127 460 1176 reditus,
476 1125 587 1165 illius
610 1124 770 1166 hostis:
795 1124 918 1179 cujus
941 1125 1194 1165 seutentiam
1218 1135 1394 1164 senatus*
1407 1139 1500 1165 om-

67 1183 134 1224 nis
157 1184 209 1224 de
231 1183 366 1224 salute
387 1198 483 1223 mea
503 1182 797 1238 gravissimam
822 1195 863 1222 et
886 1182 1200 1222 ornatissimam
1224 1190 1392 1222 secutus
1411 1191 1497 1223 est:

66 1240 140 1295 qui
164 1240 371 1296 populum
404 1240 649 1280 Romanum
672 1239 921 1280 cohortatus
943 1249 1031 1280 est:
1063 1239 1152 1294 qui,
1174 1242 1214 1270 54
1227 1253 1325 1280 eum
1347 1239 1399 1280 de
1429 1253 1500 1279 me

67 1298 287 1338 decretum
312 1297 474 1353 Capuae
498 1296 616 1347 fecit,
639 1296 728 1352 ipse
750 1305 917 1337 cunetae
954 1294 1091 1336 Italiae
1114 1295 1320 1350 cupienti,
1343 1304 1386 1336 et
1405 1296 1500 1351 ejus

67 1354 195 1395 fidem
220 1354 479 1410 imploranti,
502 1355 671 1410 signum
695 1353 826 1404 (ledit,
847 1362 893 1394 ut
915 1354 966 1394 ad
991 1367 1057 1393 ine
1080 1353 1390 1393 restituendum
1409 1353 1500 1394 Ro-

65 1425 181 1452 mam
211 1420 537 1453 concurrerent:
570 1410 715 1451 omnia
747 1418 838 1450 tum
871 1410 1054 1465 denique
1084 1411 1126 1450 in
1158 1410 1275 1450 illum
1306 1409 1406 1450 odia
1437 1410 1499 1451 ci-

65 1469 182 1509 vium
206 1469 412 1510 ardebant
431 1468 642 1509 desiderio
665 1468 772 1509 mei:
797 1469 835 1498 55
849 1482 974 1522 quem
999 1467 1031 1507 si
1055 1467 1127 1522 qui
1148 1477 1238 1508 tum
1258 1467 1498 1508 interemis-

65 1535 143 1577 set,
167 1541 251 1567 non
276 1527 328 1567 de
360 1525 616 1581 impunitate
636 1526 743 1580 ejuS,
775 1525 847 1565 sed
871 1525 910 1555 56
923 1525 974 1566 de
1007 1525 1194 1580 praemiis
1216 1525 1494 1579 cogitaretur.

63 1582 224 1624 Tamen
249 1598 292 1623 se
316 1582 427 1624 Milo
450 1582 678 1633 continuit,
703 1592 745 1624 et
779 1581 828 1622 P.
853 1580 1055 1622 Clodium
1085 1582 1139 1622 ad
1165 1581 1382 1636 judicium
1414 1581 1494 1633 bis,
1506 1597 1558 1630 40

61 1640 115 1680 ad
149 1640 232 1681 vim
269 1654 501 1696 numquam
534 1639 719 1680 vocavit.
781 1639 923 1685 Quid?
956 1639 1123 1694 privato
1146 1636 1330 1689 Milone,
1351 1647 1394 1678 et
1421 1653 1494 1679 reo

62 1697 115 1737 ad
149 1698 371 1753 populum,
403 1706 630 1738 accusante
664 1696 712 1736 P.
737 1696 906 1746 Clodio,
930 1711 1027 1737 eum
1062 1696 1106 1737 in
1129 1695 1211 1736 Cn.
1237 1695 1538 1752 Pompeiumb,

60 1768 139 1810 pro
179 1754 348 1796 Milone
383 1755 595 1795 dicentem
629 1753 815 1810 impetus
849 1754 988 1794 faetus
1022 1763 1110 1794 est:
1143 1768 1250 1808 quae>
1278 1762 1371 1793 tum
1408 1767 1497 1794 non

61 1811 192 1852 modo
215 1811 398 1861 occasio,
422 1813 492 1852 sed
516 1811 644 1852 etiam
668 1826 796 1852 causa
826 1810 937 1851 illius
959 1810 1229 1866 opprimendi
1254 1809 1364 1851 fuit?
1402 1810 1496 1850 Nu-

63 1882 138 1923 per
174 1883 273 1910 vero
305 1884 400 1910 cum
437 1868 503 1909 M.
538 1869 753 1908 Antonius
793 1882 1002 1908 summam
1037 1882 1155 1922 spem
1190 1867 1337 1908 salutis
1371 1867 1496 1908 bonis

62 1926 263 1967 omnibus
285 1926 511 1976 attulisset,
533 1925 915 1981 gravissimamque
937 1925 1182 1966 adolescens
1204 1923 1496 1964 nobilissimus

61 1984 310 2040 reipublieae
347 1993 508 2038 partem
539 1982 770 2023 fortissime
801 1982 1069 2038 suscepisset,
1103 1990 1232 2036 atque
1262 1981 1377 2021 illam
1409 1981 1498 2022 bel-

61 2040 191 2091 luam,
216 2040 373 2096 judicii
410 2040 581 2095 laqueos
611 2040 912 2090 declinantem,
940 2039 1035 2094 jam
1068 2038 1275 2078 irretitam
1308 2046 1496 2080 teneret:

61 2099 135 2154 qui
168 2098 303 2148 locus,
329 2097 445 2153 quod
477 2106 644 2152 tempus
675 2096 793 2147 illud,
823 2096 883 2136 dii
914 2095 1199 2137 immortales!
1232 2094 1344 2138 fuit?
1384 2094 1498 2137 Cum

104 2260 139 2289 51
161 2245 331 2295 Potuitne]
351 2255 413 2285 Pro
428 2263 537 2284 nonne
553 2253 684 2293 potuit:
703 2263 758 2283 cu-

58 2300 114 2339 jus
132 2298 259 2339 generis
280 2303 314 2327 et
337 2297 401 2327 alia
422 2296 570 2336 exempla
585 2296 758 2336 superiori-

800 2257 838 2284 αι
853 2263 948 2284 eum:
971 2253 1026 2284 sed
1048 2263 1107 2294 pro
1122 2253 1178 2293 qui
1199 2251 1375 2293 legendum
1390 2253 1418 2283 si
1431 2252 1497 2292 qui.

800 2296 827 2326 si
842 2302 891 2325 est
908 2297 940 2325 in
956 2296 1027 2326 edd.
1042 2297 1139 2327 Rom.
1162 2295 1251 2326 Med.
1276 2295 1331 2325 sed
1344 2295 1413 2325 sine
1426 2296 1496 2334 qui,

65 2343 124 2372 bus
139 2343 171 2372 in
188 2340 389 2371 orationibus
404 2339 602 2369 notavimus.

108 2386 147 2415 52
161 2387 235 2413 erat
256 2382 292 2411 id
313 2381 477 2421 temporis]
503 2380 555 2410 Sic
575 2379 657 2409 dixit
678 2386 712 2409 et
725 2390 754 2411 e.

64 2429 117 2457 20.
160 2425 306 2455 Graevius
331 2428 443 2453 tamen
470 2434 487 2453 e
511 2423 591 2453 Mss.
620 2426 654 2451 et
683 2421 754 2453 edd.

62 2468 225 2499 veteribus
238 2465 381 2496 malebat
395 2466 430 2495 z'd
443 2470 580 2504 tempus.

107 2513 146 2540 53
159 2511 247 2540 ultor
267 2508 394 2538 sceleris
415 2508 517 2546 illius]
546 2508 606 2537 Pro
629 2506 756 2536 scelesti

63 2552 164 2588 illius,
187 2560 231 2582 sc.
256 2549 373 2582 Clodii.
417 2550 470 2580 Sic
497 2550 590 2586 dixit,
619 2549 695 2587 quia
720 2549 754 2578 in

63 2593 273 2632 sequentibus
287 2598 364 2622 sunt
379 2591 594 2629 substantiva,
610 2594 754 2628 senatus,

63 2636 241 2666 voluntatis
255 2635 313 2665 8ιο.

107 2679 145 2707 54
161 2676 441 2706 cam—decretum
451 2674 600 2715 fecisset,
623 2675 688 2714 ipse
709 2674 753 2714 0.]

64 2717 166 2750 Recte
182 2718 326 2748 Graevius
342 2728 360 2748 e
377 2718 455 2752 Mss.
475 2723 509 2748 et
524 2717 574 2747 ed.
591 2716 643 2746 W.
667 2716 756 2746 dedit

64 2760 228 2790 decretum
243 2761 281 2790 de
302 2769 351 2790 me
362 2760 460 2800 fecit.
505 2759 568 2790 Sed
589 2759 655 2798 ipse
676 2768 756 2798 quo-

65 2810 126 2842 que
141 2801 220 2832 mihi
235 2807 420 2841 suspectum
435 2804 496 2832 est.

105 2845 146 2875 55
160 2852 256 2884 quem
276 2843 331 2885 qui
352 2847 424 2874 tum
448 2842 485 2884 τὶ]
511 2851 604 2884 quem
625 2846 676 2874 est
697 2851 757 2882 pro

800 2343 838 2368 ut
862 2338 894 2367 in
917 2338 1035 2368 ed.w.
1060 2348 1146 2368 cum.
1190 2337 1306 2376 Itaque
1331 2337 1377 2367 sic
1398 2337 1495 2367 edidi.

799 2381 831 2410 Si
855 2381 925 2419 quis
948 2379 1063 2410 mallet
1078 2391 1119 2411 ex
1138 2379 1202 2410 illis
1217 2379 1290 2410 edd.
1313 2380 1341 2409 εἰ
1358 2383 1442 2416 tum,
1459 2385 1497 2409 ut

799 2422 840 2452 ad
864 2422 1025 2453 Milonem
1050 2423 1238 2459 referretur,
1262 2431 1331 2452 non
1354 2421 1496 2460 refraga-

800 2473 862 2494 rer.

843 2506 882 2536 56
906 2506 945 2536 de
963 2515 1019 2545 pr.
1042 2505 1258 2545 cogitaretur]
1284 2506 1423 2536 Dictum
1445 2507 1495 2535 est

797 2549 998 2587 cogitaretur
1019 2558 1078 2588 pro
1093 2549 1274 2587 cogitatum
1296 2552 1388 2584 esset,
1401 2547 1494 2585 cujus

797 2591 924 2629 generis
946 2595 980 2620 et
1002 2590 1067 2620 alia
1087 2590 1237 2630 exempla
1263 2593 1380 2619 notata
1404 2593 1495 2619 sunt.

798 2633 877 2662 Post
898 2642 957 2672 pro
979 2632 1025 2662 acl
1040 2631 1119 2672 jud.
1143 2632 1290 2662 Graevius
1312 2641 1350 2661 ex
1374 2630 1442 2660 Erf.
1460 2631 1496 2660 in

789 2673 971 2716 judicium,
998 2674 1085 2713 quod
1108 2678 1158 2705 est
1183 2673 1358 2705 usitatius:
1383 2671 1438 2702 sed
1461 2677 1497 2702 et

798 2716 880 2746 illud
904 2721 1031 2747 rectum
1054 2720 1118 2754 est,
1143 2720 1177 2746 et
1202 2715 1256 2746 hic
1279 2714 1403 2745 dictum
1427 2723 1496 2744 esse

798 2762 920 2798 potest,
935 2762 974 2790 ut
988 2759 1093 2799 magis
1106 2756 1316 2799 responderet
1330 2755 1439 2794 alteri,
1452 2756 1499 2787 ad

797 2810 876 2832 mm.

710 2888 840 2926 4134
