1785 3185
447 98 793 137 PHILIPPICA
819 97 1107 143 SECUNDA.
1396 97 1493 133 1969

70 215 182 244 rare:
213 201 387 243 suadere
409 201 682 257 impudentis
736 200 836 241 Duo
859 210 999 241 tamen
1024 209 1217 256 tempora
1238 199 1556 249 inciderunt,24

68 257 220 313 quibus
251 258 410 312 aliquid
441 270 590 300 contra
621 257 835 298 Cat-sarem
869 257 1077 312 Pompeio
1108 258 1328 297 suaserim.
1352 271 1403 297 ea
1423 270 1496 297 ve-

67 314 140 355 lim
163 315 457 370 reprehendas,
481 316 513 355 si
540 323 683 370 potes:
718 328 863 364 unum,
886 328 938 354 nc
959 313 1238 368 quinquennii
1268 312 1495 369 imperium

69 371 227 412 Caesari
251 373 290 402 52
305 382 577 427 prorogaret:
609 371 804 421 anm-mn,
826 384 877 410 ne
901 379 1116 426 pateretur
1138 369 1252 419 ferri,
1275 378 1322 408 ut
1343 371 1495 410 absen-

70 429 123 468 tis
144 429 234 483 ejus
266 428 373 468 ratio
405 428 645 470 haberetur.
666 442 847 483 quorum
870 428 901 467 si
927 427 1135 467 utrumvis
1167 426 1492 481 persuasissem:

67 484 111 526 in
152 487 226 526 lias
264 486 453 526 miserias
495 500 727 541 numquam
769 484 1078 525 incidissemus.
1145 480 1339 536 ⁵³Atque
1381 483 1493 524 idem

66 555 162 597 egr),
181 556 277 583 cum
293 542 385 596 ,jam
409 557 555 583 omnes
577 557 694 598 opes,
712 551 755 582 et
773 556 882 592 suas,
904 551 946 582 et
969 540 1115 597 populi
1140 538 1343 590 Romani,
1363 538 1494 580 Pom-

67 599 187 654 peius
208 600 497 653 adCaesarem
530 599 778 650 detulissem
809 612 986 653 seroque
1017 600 1056 628 5⁴
1069 613 1118 638 ea
1148 597 1304 637 sentire
1334 596 1495 652 coepis-

69 665 146 706 sct,
178 671 274 713 quae.
310 671 391 712 ego
430 668 528 697 ante
569 657 700 697 multo
744 656 1038 711 przevideram,
1075 653 1305 708 inferrique
1343 653 1495 709 patriae

67 712 224 754 bellum
256 713 461 756 nefarium
494 714 703 756 viderem:
738 714 867 768 pacis,
889 712 1147 761 eoncordiae,
1168 710 1496 765 compositionis

67 780 216 812 auctor
245 784 335 811 esse
365 785 450 811 non
481 770 650 812 destiti:
682 783 860 823 meaque
892 768 961 809 illa
983 783 1066 809 vox
1098 778 1162 808 cst
1193 775 1295 807 nota
1323 767 1493 808 multis:

74 825 257 878 Utinam,
297 826 374 869 Cn.
405 827 591 882 Pompei,
623 841 711 869 cum
747 826 795 867 C.
825 824 981 866 Caesare
1011 825 1237 866 societatem
1270 831 1342 864 aut
1377 839 1496 865 num-

68 898 188 938 quam
210 884 356 936 coisses,
378 891 451 924 aut
480 899 697 939 ‘numquam
727 882 970 923 diremisses!
982 880 1081 939 firi!
1107 880 1280 922 alterum
1306 882 1496 938 gravita-

69 940 132 991 tis,
162 940 333 981 alterum
355 941 582 995 prmleutiae
608 948 698 983 tuce.
761 939 872 981 Haec
902 953 1010 990 mea,
1041 940 1108 980 M.
1127 937 1307 988 Antoni,
1330 952 1497 994 semper

66 1006 110 1037 et
133 997 185 1037 de
209 997 430 1053 Pompeio,
449 1008 492 1038 et
512 998 564 1038 de
586 997 805 1053 republica
826 996 1004 1037 consilia
1025 995 1224 1038 fuerunt:
1247 1010 1344 1051 quae
1366 995 1400 1036 si
1423 1011 1497 1036 va-

68 1053 258 1105 luissent,
280 1054 523 1110 respublica
550 1064 703 1107 staret3
735 1065 781 1095 tu
813 1055 897 1094 tuis
929 1053 1120 1109 flagitiis,
1150 1062 1354 1109 egestate,
1385 1052 1496 1094 infa-

67 1110 167 1161 mia,
189 1112 461 1153 concidisses.

125 1167 207 1208 Sed
239 1168 333 1211 haec
358 1178 524 1211 vetera:
564 1168 663 1209 illud
697 1182 796 1209 vero
826 1181 987 1218 recens,
1020 1166 1233 1207 Caesarem
1265 1181 1362 1208 meo
1391 1180 1569 1230 con-11

68 1224 162 1265 silio
194 1225 480 1267 interfectum.
539 1225 639 1268 Jarn
669 1239 827 1276 vereor,
850 1235 989 1281 patres
1020 1224 1269 1279 conscripti,
1290 1239 1357 1276 ne,
1380 1223 1575 1287 quod95'

69 1282 361 1337 turpissimum
397 1293 474 1334 est,
508 1282 878 1338 praevaricatorem
917 1282 1021 1322 mihi
1055 1281 1304 1339 apposuisse
1337 1281 1497 1332 videar,

68 1339 140 1393 qui
166 1353 233 1379 me
255 1354 340 1381 non
363 1340 499 1380 solum
521 1341 625 1380 meis
653 1339 848 1380 laudibus
879 1349 1063 1390 ornaret,
1085 1338 1157 1379 sed
1187 1339 1317 1393 etiam
1348 1352 1500 1379 onera-

73 1405 137 1435 ret
156 1395 317 1437 alienis.
380 1397 488 1444 Quis
511 1397 623 1437 enim
647 1411 787 1437 meum
820 1396 913 1437 55iu
932 1397 1054 1437 istius
1075 1395 1371 1451 gloriosissimi
1395 1395 1499 1436 facti

71 1453 334 1495 conscientia
364 1469 518 1495 nomen
542 1454 732 1496 audivit?
763 1453 885 1508 cujus
907 1464 1065 1505 autem,
1088 1453 1159 1508 qui
1184 1453 1227 1492 in
1249 1467 1299 1493 eo
1322 1466 1500 1493 numero

72 1509 234 1561 fuisset,
256 1526 410 1552 nomen
434 1524 497 1552 cst
520 1510 808 1552 occultatum?
832 1510 1095 1552 occultatum
1117 1510 1243 1551 dico?
1269 1510 1391 1564 cujus
1415 1524 1501 1550 non

70 1567 212 1607 statim
236 1568 529 1624 divulgatum?
559 1568 699 1609 Citius
721 1568 918 1619 dixerim,
939 1568 1167 1623 ⁵6jactasse
1190 1581 1233 1607 se
1254 1567 1433 1622 aliquos,
1451 1576 1501 1607 ut

69 1624 199 1664 fuisse
216 1625 256 1665 in
274 1625 353 1666 ista
367 1626 570 1666 societate
586 1626 840 1674 viderentur,
855 1626 927 1679 qui
942 1625 1046 1666 socii
1062 1639 1146 1665 non
1161 1623 1354 1670 fuissent.
1369 1638 1495 1678 quam
1510 1638 1540 1670 b.

68 1691 116 1721 ut
145 1682 370 1738 quisquam
401 1683 527 1725 celari
553 1683 689 1734 vellet,
721 1683 793 1739 qui
819 1682 983 1724 fuisset.
1044 1685 1081 1715 57
1104 1682 1246 1728 Quam
1269 1681 1561 1723 verisimilem

111 1840 151 1870 52
169 1841 418 1882 prorogaretur]
437 1841 518 1871 Vitii
542 1839 694 1870 indicium
713 1840 759 1869 sa-

69 1880 116 1910 eit
150 1891 284 1920 sequens
309 1888 492 1922 pateretur.
537 1883 668 1913 Corrcxi
699 1891 760 1920 ego

71 1933 146 1952 cnm
173 1924 299 1954 Graevio
317 1929 526 1964 prorogaret,
550 1925 635 1964 quod
656 1928 688 1954 ct
711 1928 761 1953 est

69 1964 103 1994 in
128 1965 191 1995 Ms.
207 1966 269 1996 Gu.
287 1966 323 1996 L.
340 1967 382 1997 H.
429 1968 519 2003 Mox,
534 1977 574 1996 ηε
591 1970 763 2005 pateretur

58 2007 155 2047 fieri,
181 2009 249 2038 sine
273 2008 369 2039 dubio
393 2009 562 2039 vitiosum:
589 2014 674 2038 recte
699 2008 761 2038 Ms.

73 2049 150 2079 Vat.
168 2048 275 2088 ferri,
305 2050 392 2090 quod
427 2057 500 2091 post
537 2051 695 2081 Faernnm
730 2054 764 2079 et

72 2090 153 2120 alios
177 2093 293 2132 recepi.
337 2094 422 2123 Sunt
445 2090 497 2124 liic
523 2092 598 2129 duo,
622 2093 764 2132 primum

71 2135 272 2172 prorogatio,
301 2144 372 2173 quae
401 2136 488 2166 scm
514 2136 601 2166 sacta
627 2140 694 2164 est:
719 2133 766 2163 al-

74 2183 183 2205 terurn
208 2176 259 2206 lex
281 2177 455 2207 tribunitia
472 2177 510 2207 de
525 2176 680 2208 beneficio
697 2177 767 2208 Cre-

68 2218 160 2252 saris‚
186 2223 224 2248 nt
247 2219 361 2249 absens
387 2224 496 2259 petere
519 2225 552 2249 et
575 2219 673 2248 creari
690 2228 766 2248 con-

312 2261 421 2291 Etiam
445 2260 515 2303 ejus
537 2262 652 2291 melius
676 2259 766 2290 abln-

69 2258 122 2288 snl
146 2269 264 2299 posset.

69 2302 142 2331 erit.

113 2345 153 2374 53
175 2343 280 2383 Atque
294 2345 378 2375 idem
392 2355 462 2384 ego,
477 2345 566 2384 cum]
587 2345 662 2381 Ego
680 2345 765 2375 male

73 2384 162 2415 abest
188 2386 236 2415 ed.
253 2387 348 2417 Grut.
363 2394 397 2418 et
423 2388 464 2417 ab
489 2388 560 2417 aliis
585 2387 658 2418 edd.
703 2387 765 2417 Sed

72 2427 137 2457 suit
151 2427 184 2457 in
198 2428 261 2458 Ms.
273 2429 348 2460 Vat.
362 2435 412 2460 est
425 2434 459 2460 et
474 2429 508 2459 in
521 2429 628 2459 Guelf.
644 2436 677 2460 et
690 2429 761 2460 edd.

71 2478 118 2509 pr.

115 2513 154 2542 54
176 2512 288 2544 eadem
309 2513 441 2553 sentire]
469 2514 547 2543 Mss.
572 2513 604 2542 in
628 2513 677 2543 his
699 2513 763 2542 Gu.

77 2562 128 2590 ea,
144 2554 230 2593 quod
245 2559 369 2585 rectum
385 2564 444 2585 est.
462 2555 676 2594 intelligenda
692 2565 764 2585 ma-

73 2596 119 2631 la,
134 2605 206 2634 qua·
223 2597 335 2626 Cicero
350 2597 554 2636 praeviderat,
571 2607 635 2627 non
651 2598 763 2628 eadem

69 2639 230 2668 sententia
244 2648 317 2668 cum
332 2639 499 2670 Cicerone.
535 2641 596 2670 Pro
607 2640 764 2679 prmvide-

71 2689 161 2716 ram,
177 2681 261 2718 qnod
275 2685 324 2710 est
338 2691 355 2710 e
371 2681 521 2712 Ms.Vat.
537 2681 636 2712 codex
651 2682 714 2712 Gu.
728 2686 764 2713 et

70 2720 140 2751 edd.
155 2731 204 2762 pr.
218 2722 364 2760 quaedam
375 2724 596 2762 provideram.

114 2765 153 2793 55
175 2764 210 2792 in
225 2765 247 2793 i.
260 2764 337 2805 g.f.
351 2766 558 2805 conscientia]
584 2765 672 2796 Libri
694 2765 765 2804 qui-

69 2803 144 2835 dam
161 2814 221 2835 ser.
238 2811 273 2836 et
294 2806 365 2837 edd.
383 2817 431 2846 pr.
445 2808 606 2844 societate,
621 2817 693 2846 quae
715 2812 765 2838 est

65 2845 176 2886 glossa
202 2857 286 2879 verae
313 2848 477 2888 lectionis,
505 2861 524 2881 e
553 2849 764 2890 sequentibus

803 1838 866 1869 huc
889 1843 997 1869 tracta
1018 1838 1059 1869 ab
1081 1837 1227 1869 hoerente
1249 1839 1282 1868 in
1306 1838 1499 1868 conscientia

804 1881 948 1921 librario.
991 1881 1051 1910 Est
1065 1887 1175 1911 autem
1196 1882 1389 1912 conscientia
1410 1880 1499 1911 dicta

804 1923 972 1961 eleganter
987 1933 1045 1962 pro
1060 1924 1202 1954 consciis.

847 1966 887 1996 56
900 1963 1047 2005 jactasse
1069 1975 1101 1994 se
1125 1963 1262 2006 aliquos]
1291 1963 1330 1995 In
1351 1964 1499 2004 pluribus

806 2007 951 2038 Graevius
966 2018 985 2037 a
1000 2006 1139 2037 lectione
1154 2008 1288 2046 vulgata
1307 2008 1386 2037 abit.
1430 2007 1500 2037 Pri-

806 2060 896 2079 mum
922 2054 1017 2090 putat
1044 2050 1077 2078 in
1103 2049 1169 2080 Ms.
1194 2047 1310 2080 colon.
1333 2053 1421 2079 recte
1443 2049 1500 2078 ab·

806 2101 874 2122 esse
895 2101 939 2128 se,
962 2090 1048 2130 quod
1071 2100 1132 2130 ego
1154 2091 1343 2131 absorptum
1366 2101 1385 2121 a
1406 2091 1497 2121 finali

807 2133 930 2174 syllaba
945 2133 977 2162 in
985 2132 1133 2174 jactasse
1147 2133 1252 2163 credo.
1265 2143 1343 2163 nam
1357 2133 1383 2162 si
1399 2143 1431 2162 se
1444 2133 1500 2163 de.

808 2176 907 2212 Ictur,
924 2176 1125 2206 constructio
1146 2185 1281 2214 sequens
1304 2181 1354 2205 est
1370 2175 1499 2213 vitiosa,

808 2228 882 2257 quae
908 2227 974 2247 non
998 2218 1150 2247 convenil*
1177 2219 1206 2247 ei
1229 2217 1375 2248 lectioni.
1420 2217 1499 2250 Post

809 2270 867 2300 pro
889 2261 953 2289 ista.
975 2270 1034 2290 soc.
1051 2259 1150 2289 edidit
1166 2269 1203 2289 ea
1225 2270 1285 2290 soc.
1300 2260 1370 2290 sine
1391 2268 1501 2290 neces-

806 2302 913 2332 sitate.
956 2302 1044 2332 Nam
1070 2302 1135 2331 ista
1159 2303 1292 2332 societas
1317 2302 1439 2332 dicitur
1460 2309 1500 2334 ut

806 2345 894 2374 istud
909 2343 1047 2384 jin-tum
1075 2343 1186 2384 paullo
1214 2349 1303 2375 ante.
1347 2344 1500 2383 Denique

808 2388 907 2416 celari
930 2387 1036 2423 vellet,
1051 2387 1106 2425 qui
1117 2385 1254 2426 suisset,
1271 2396 1287 2416 e
1310 2385 1375 2417 Ms.
1391 2386 1498 2418 Vatic.

806 2438 880 2458 cum
895 2429 1019 2459 Faerno
1033 2434 1068 2458 et
1081 2428 1166 2465 aliis,
1179 2438 1237 2469 pro
1251 2430 1359 2458 celare
1373 2438 1401 2458 v.
1413 2429 1500 2468 quod

805 2475 936 2500 secutus
957 2480 1042 2500 sum.
1087 2470 1172 2500 Nam
1197 2471 1222 2500 si
1245 2471 1352 2500 activo
1373 2471 1424 2501 uti
1444 2481 1500 2500 vo-

806 2512 932 2549 luisset,
960 2512 1105 2548 dixisset,
1131 2523 1228 2552 quam
1255 2514 1387 2549 celaret,
1414 2512 1501 2552 quod

804 2555 1014 2595 responderet
1027 2555 1125 2584 verbo
1134 2554 1291 2594 jactasse.
1337 2554 1438 2584 Vellet
1454 2555 1501 2585 fa-

805 2597 862 2633 cit,
879 2603 916 2627 ut
939 2598 1040 2627 celari
1054 2606 1166 2626 verum
1190 2605 1364 2636 agnoscere
1386 2596 1503 2626 debea-

806 2649 890 2669 muS.
913 2639 1061 2678 Denique
1075 2640 1131 2678 qui
1138 2638 1257 2677 sitisset
1271 2649 1288 2668 e
1298 2638 1376 2668 Vat.
1391 2638 1502 2677 explet

806 2682 1062 2711 concinnitatem
1086 2681 1357 2714 Ciceronianam:
1371 2678 1504 2720 jactas-

807 2733 839 2753 se
860 2724 1000 2763 se—-qm‘
1021 2733 1084 2753 non
1095 2722 1373 2762 fuisset—celari
1393 2723 1502 2759 vellet,

806 2764 1001 2805 quisuisset.

850 2810 887 2841 57
912 2808 1026 2848 ‚Quam
1049 2806 1225 2837 verisimile
1242 2804 1302 2844 est]
1333 2805 1448 2846 Quam
1463 2805 1507 2837 ab

806 2847 844 2879 h.
859 2849 882 2881 l.
898 2855 932 2880 et
945 2849 1111 2881 sententia
1133 2848 1289 2880 alienum.
1312 2857 1390 2879 nam
1404 2847 1506 2880 intet-
