1812 3147
289 95 364 133 854
888 94 1142 133 ORATIO

288 208 374 236 non
398 192 507 236 fuit?
543 195 705 238 seilicet
727 204 772 238 tu
794 196 967 240 heluoni
991 198 1279 255 spurcissimo,
1303 200 1602 254 praegustatori
1625 201 1722 243 libi-

288 252 437 292 dinum
461 260 643 305 tuarum,
667 254 830 295 homini
853 257 1130 311 egentissimo
1160 266 1202 297 et
1224 255 1599 308 facinorosissimo,
1623 258 1723 300 Sex.

291 308 461 361 Clodio,
485 311 601 351 socio
633 312 695 352 tui
727 313 959 368 sanguinis,
989 314 1060 367 qui
1093 329 1168 354 sua
1202 313 1349 368 lingua
1378 313 1505 353 etiam
1537 328 1725 355 sororem

292 376 406 406 tuam
432 382 456 407 a
479 375 519 408 te
549 368 820 419 abalienavit,
843 384 969 409 omne
1002 370 1262 411 frumentum
1286 371 1498 425 privatum
1521 380 1564 411 et
1586 371 1725 426 publi-

291 438 404 473 cum,
429 439 575 464 omnes
605 426 846 480 provincias
871 426 1181 476 frumentarias,
1204 440 1351 466 omnes
1382 427 1612 483 mancipes,
1634 442 1726 468 om-

291 494 366 521 nes
399 480 645 522 horreorum
676 482 814 523 claves
846 483 939 537 lege
963 492 1036 524 tua
1068 483 1292 524 tradidisti.
1355 484 1453 529 Qua
1484 498 1537 525 ex
1560 498 1604 524 re
1642 485 1727 540 pri-

294 552 410 577 mum
434 539 586 579 caritas
609 548 709 579 nata
740 549 827 579 est:
860 540 1012 580 deinde
1046 540 1204 595 inopia.
1265 539 1548 594 Impendebat
1581 541 1728 592 fames,

297 594 507 646 incendia,
539 596 691 646 caedes,
721 596 932 650 direptio:
981 596 1231 636 imminebat
1262 605 1358 636 tuus
1389 597 1506 637 furor
1535 598 1730 639 omnium

234 646 285 681 2⁶
299 650 479 692 fortunis
506 661 549 693 et
571 653 708 693 bonis.
769 652 1114 698 Querituretiam
1139 653 1383 708 importuna
1406 655 1550 709 pestiS,
1580 668 1633 695 ex
1656 668 1730 695 ore

255 695 586 764 b'impurissimo
621 710 721 750 SeX.
758 708 900 749 Clodii
938 724 1024 749 rem
1059 710 1376 751 frumentariam
1409 725 1498 751 esse
1527 719 1731 766 ereptam,

298 766 558 820 summisque
588 766 631 806 in
654 765 866 822 periculis,
888 765 980 820 ejus
1004 767 1080 806 viri
1113 767 1320 807 auxilium
1354 767 1601 822 implorasse
1623 782 1731 808 rem-

296 823 529 877 publicam,
562 838 586 863 a
607 837 691 878 quo
720 837 832 878 saepe
854 838 896 863 se
929 833 971 863 et
994 833 1202 864 servatam
1235 833 1278 864 et
1299 823 1603 879 amplificatam
1638 839 1729 865 esse

297 879 574 920 meminisset.
635 879 771 920 Extra
821 880 1010 926 ordinem
1064 880 1160 921 ferri
1212 880 1319 921 nihil
1369 880 1508 937 placet
1559 881 1730 922 Clodio.

300 936 444 982 Quid?
475 937 526 977 de
548 951 614 977 me
639 937 752 991 quod
777 935 920 977 tulisse
957 947 996 977 te
1019 936 1140 987 dicis,
1160 937 1382 993 patricida,
1407 937 1640 988 fratricida,
1662 953 1729 979 so-

299 993 495 1043 roricida,
535 1008 675 1034 nonne
707 1003 829 1033 extra
861 993 1052 1034 ordinem
1086 995 1247 1035 tulisti?
1278 994 1345 1034 An
1377 995 1428 1035 de
1462 1004 1579 1050 peste
1612 995 1734 1047 civis,

299 1051 658 1104 quemadmodum
681 1065 827 1090 omnes
843 1051 935 1105 jam
958 1051 1016 1091 dii
1039 1062 1166 1106 atque
1195 1051 1389 1092 homines
1415 1051 1734 1106 judicaverunt,

299 1108 609 1148 conservatoris
643 1107 903 1162 reipublicae,
937 1109 1296 1162 quemadmodum
1330 1117 1468 1148 autem
1509 1118 1599 1149 tute
1641 1110 1732 1165 ipse

299 1163 531 1213 confiteris,
554 1180 639 1205 non
661 1164 789 1205 modo
820 1165 1069 1215 indemnati,
1092 1166 1162 1206 sed
1187 1180 1238 1205 ne
1261 1166 1447 1206 accusati
1469 1166 1656 1220 quidem,
1686 1166 1735 1206 li-

299 1221 389 1261 cuit
412 1221 488 1261 tibi
505 1221 626 1272 ferre,
648 1236 731 1261 non
755 1221 908 1277 legem,
928 1222 999 1262 sed
1022 1221 1229 1263 nefarium
1254 1222 1540 1278 privilegium,
1562 1222 1736 1278 lugente

299 1286 461 1328 senatu,
492 1279 774 1318 moerentibus
810 1280 930 1319 bonis
960 1279 1174 1329 omnibus,
1203 1280 1333 1319 totius
1367 1279 1504 1320 Italiae
1535 1281 1733 1335 precibus

299 1335 546 1390 repudiatis,
569 1349 770 1390 oppressa
799 1346 1009 1391 captaque
1040 1336 1286 1391 republica?
1316 1337 1437 1386 mihi,
1461 1336 1619 1392 populo
1644 1336 1735 1377 Ro-

299 1406 427 1432 mano
459 1391 728 1447 implorante,
760 1403 906 1433 senatu
938 1403 1154 1448 poscente,
1193 1393 1456 1448 temporibus
1488 1393 1734 1449 reipublicae

302 1449 612 1503 flagitantibus,
643 1463 728 1490 non
759 1449 879 1490 licuit
909 1450 963 1490 de
993 1450 1126 1490 salute
1156 1450 1301 1506 populi
1343 1450 1526 1491 Romani
1566 1460 1735 1492 senten-

238 1504 290 1541 27
304 1506 406 1546 tiam
428 1506 594 1547 dicere?
655 1508 754 1552 Qua
781 1507 953 1560 quidem
976 1507 1018 1547 in
1042 1508 1265 1557 sententia,
1288 1507 1322 1547 si
1346 1507 1427 1548 Cn.
1453 1507 1647 1563 Pompeii
1671 1507 1736 1548 di-

303 1563 443 1618 gnitas
474 1572 599 1603 aucta
628 1574 705 1615 est,
738 1563 971 1617 conjuncta
1000 1578 1098 1604 eum
1129 1564 1314 1604 utilitate
1351 1565 1584 1615 communi,
1621 1575 1737 1606 certe

303 1620 536 1660 laudandus
569 1634 717 1671 essem,
747 1621 779 1660 si
814 1621 906 1676 ejus
939 1621 1139 1676 dignitati
1171 1620 1426 1675 suffragatus
1459 1622 1638 1672 viderer,
1662 1622 1736 1676 qui

225 1663 286 1711 ll
304 1690 409 1717 meae
444 1676 568 1717 saluti
591 1692 716 1733 opem
738 1687 780 1718 et
812 1678 1020 1718 auxilium
1051 1678 1230 1719 tulisset.
1292 1678 1516 1729 Desinant,
1540 1679 1738 1720 desinant

302 1733 512 1784 homines,
534 1733 683 1775 iisdem
715 1734 939 1785 machinis,
962 1749 1129 1791 sperare
1163 1750 1229 1776 me
1257 1735 1500 1776 restitutum
1536 1750 1658 1791 posse
1679 1735 1739 1776 la-

300 1791 523 1842 befactari,
562 1792 716 1845 quibus
747 1801 872 1832 antea
903 1801 1085 1832 stantem
1117 1792 1400 1848 perculerunt.
1462 1793 1590 1839 Quod
1623 1793 1738 1834 enim

301 1851 337 1878 51
355 1862 430 1903 par
451 1848 653 1890 amicitiae
686 1849 918 1890 consularis
942 1849 1024 1889 fuit
1045 1864 1246 1904 umquam
1271 1850 1312 1889 in
1337 1849 1416 1890 hae
1437 1849 1614 1890 civitate
1635 1864 1738 1890 con-

295 1903 507 1959 junctius,
542 1920 670 1960 quam
704 1905 861 1946 fuimus
895 1907 1004 1946 inter
1041 1921 1133 1956 nos,
1165 1921 1246 1961 ego
1279 1915 1322 1947 et
1362 1906 1443 1947 Cn.
1479 1906 1739 1962 Pompeius?

304 1962 399 2015 quis
430 1962 543 2017 apud
573 1963 777 2018 populum
811 1963 1055 2003 Romanum
1086 1964 1137 2004 de
1169 1963 1279 2004 illius
1310 1963 1521 2019 dignitate
1562 1963 1739 2004 52indu-

305 2019 447 2070 strius,
471 2021 509 2049 5³
523 2020 617 2074 quis
648 2021 812 2061 senatui
842 2021 996 2075 saepius
1030 2021 1168 2062 dixit?
1189 2021 1283 2074 'qui
1318 2030 1459 2060 tantus
1489 2019 1572 2061 fuit
1605 2019 1741 2072 labor,
1799 2043 1801 2046 ⁴

305 2090 404 2130 quae
435 2076 640 2128 simultas,
671 2092 767 2132 quae
798 2078 1033 2127 contentio,
1055 2092 1179 2132 quam
1213 2092 1294 2132 ego
1319 2092 1404 2117 non
1436 2091 1513 2132 pro
1544 2076 1654 2117 illius
1676 2077 1741 2118 di·
1800 2124 1801 2127 Ἴ

306 2133 472 2187 gnitate
494 2135 778 2189 susceperim?
809 2134 880 2188 qui
905 2135 958 2174 ab
987 2134 1058 2175 illo
1082 2135 1124 2174 in
1153 2148 1220 2174 me
1244 2135 1392 2183 honos,
1414 2149 1510 2188 quae
1532 2134 1740 2189 praedica-

308 2189 369 2230 tio
391 2189 443 2230 de
465 2205 558 2230 mea
580 2191 715 2242 laude,
734 2205 829 2245 quae
853 2191 1136 2231 remuneratio
1160 2190 1459 2231 benivolentiae
1484 2191 1742 2246 praetermis-

246 2250 297 2285 28
310 2261 355 2286 sa
375 2249 461 2288 est?
503 2247 629 2288 Hane
650 2256 837 2288 nostram
861 2248 1226 2303 conjunctionem,
1251 2247 1359 2288 hanc
1378 2247 1740 2303 conspirationem

308 2304 352 2345 in
375 2304 594 2361 republica
626 2305 734 2346 bene
762 2305 960 2360 gerenda,
983 2305 1466 2360 lianejticunclissilnain
1489 2305 1589 2346 vitae
1612 2314 1742 2360 atque
1798 2343 1801 2349 ,

349 2466 385 2495 51
406 2473 473 2503 par
487 2462 640 2492 amicitia>
654 2461 845 2500 consularis]
883 2461 999 2491 Consu·
1044 2462 1069 2491 ti
1085 2461 1229 2491 verbum.
1268 2460 1372 2491 Credo
1388 2460 1581 2491 Ciceronem
1597 2459 1743 2500 scripsis-
1800 2482 1801 2485 ,

308 2507 389 2536 laris
411 2506 501 2536 abest
526 2506 605 2535 Mss.
628 2511 662 2534 et
677 2502 814 2542 edd.1›r.
841 2504 874 2533 P.
890 2504 1001 2532 Victo·
1044 2513 1076 2533 se
1092 2504 1273 2533 illustrius:
1295 2513 1370 2532 nam
1395 2502 1466 2532 haec
1483 2502 1612 2540 quidem
1636 2501 1744 2534 forma.
1799 2533 1800 2539 ,

308 2549 375 2579 rius
390 2548 512 2588 primus
540 2546 638 2576 dedit.
654 2555 720 2575 non
737 2546 882 2584 profecto
899 2556 936 2574 ex
953 2545 1001 2574 in·
1045 2544 1236 2575 adverbialis
1254 2546 1414 2584 reperitur
1429 2544 1462 2574 in
1480 2544 1585 2583 Epist.
1602 2543 1642 2573 ad
1659 2544 1736 2575 Div.

310 2591 418 2629 genio„
464 2591 621 2619 Ceterum
643 2593 716 2618 tota
729 2588 836 2618 forma
852 2586 1003 2626 loquendi
1046 2587 1090 2623 X,
1111 2590 1156 2620 19.
1203 2587 1246 2616 Et
1269 2588 1313 2616 sic
1336 2587 1370 2616 P.
1397 2586 1568 2616 Manutius
1591 2591 1625 2615 et
1640 2586 1740 2617 Lam-
1798 2593 1800 2598 “

309 2637 361 2662 est
377 2631 578 2662 insolentior.
1040 2630 1136 2659 binus
1154 2628 1318 2658 volebant.

353 2676 392 2706 52
413 2671 607 2711 industrius]
633 2671 749 2701 Forma
763 2670 832 2700 haec
848 2674 897 2700 est
923 2679 1000 2699 con—
1086 2674 1122 2700 53
1146 2672 1215 2710 quis
1242 2669 1384 2708 senatui]
1425 2669 1543 2699 Forma
1569 2668 1640 2698 haee
1667 2677 1733 2699 non

310 2722 361 2747 tra
384 2715 580 2755 analogiam,
604 2724 663 2743 nee
687 2713 775 2742 aliud
800 2714 867 2751 ejus
895 2722 1002 2741 exem-
1044 2714 1168 2752 uspiam
1184 2713 1338 2743 occurrit.
1361 2711 1424 2742 MS.
1439 2712 1502 2742 Gu.
1523 2715 1656 2742 senatus
1674 2719 1735 2741 scr.

309 2759 398 2797 plum
415 2762 533 2793 exstat,
557 2756 642 2795 quod
667 2755 777 2785 seiam.
820 2755 926 2793 Atque
954 2759 1002 2784 et-
1045 2756 1079 2785 ‘in
1094 2759 1220 2786 senatu.

308 2801 371 2830 iarn
388 2811 502 2842 parum
518 2799 665 2840 amplum
679 2803 713 2829 ct
727 2803 842 2838 aptum
856 2797 1001 2836 dignita-
