1785 3185
428 112 780 153 PHILIPPICA
805 112 1063 154 QUARTA.

1366 116 1464 153 1319

93 221 206 268 Quae
244 225 484 275 exspectaS,
527 216 595 258 Μ.
636 215 818 267 Antoni,
846 214 1014 269 judicia
1051 215 1276 270 graviora?
1315 215 1509 264 Caesar3

39 277 173 320 fertur
196 276 238 317 in
259 276 435 325 coelum,
456 274 530 329 qui
552 283 704 315 contra
723 282 766 314 te
792 272 1032 313 exercitum
1060 273 1342 328 comparavit.
1374 273 1465 315 lau-

40 334 194 376 dantur
220 331 566 388 exquisitissimis
590 330 729 372 verbis
756 329 962 385 legioneS,
991 343 1088 383 quae
1118 337 1159 369 te
1189 328 1469 383 reliquerunt,

40 406 136 447 quae
159 406 184 431 a
205 399 246 430 te
267 389 479 430 arcessitae
497 396 610 439 sunt,
634 390 671 418 ¹3
685 402 780 443 quae
800 394 956 437 essent,
978 387 1012 426 si
1036 396 1079 426 te
1100 385 1317 426 consulem
1340 401 1470 440 qnam

39 447 204 490 hostem
229 447 489 497 maluissent,
512 454 613 486 tuae.
644 458 824 500 quarum
852 443 1072 499 legionum
1095 442 1373 483 fortissimum
1401 459 1471 484 ve-

36 504 335 559 rissimumque
355 503 570 558 judicium
603 502 831 544 confirmat
861 509 1046 552 senatus,
1077 500 1334 555 comprobat
1372 501 1469 541 uni-

35 566 179 602 versus
210 560 392 617 populus
427 560 662 610 Romanus,
695 559 775 600 nisi
807 557 917 599 forte
950 570 1038 610 vos,
1072 558 1279 607 Quirites,
1311 571 1467 598 consu-

36 617 134 669 lem,
174 632 261 659 non
313 618 496 668 hostem,
529 617 740 672 judicatis
781 615 1036 656 Antonium.

39 675 248 726 Quirites,
285 690 360 716 vos
392 674 604 730 judicare,
643 683 690 714 ut
727 673 965 714 ostenditis.

1097 615 1170 655 Sic
1212 614 1503 666 a1·bitrabar,7

1028 672 1173 718 Quid?
1215 671 1466 727 municipia,

35 731 240 783 colonias,
271 731 564 788 praefecturam,
592 745 692 771 num
716 730 838 772 aliter
861 729 1058 785 judicare
1079 728 1288 771 censetis?
1319 743 1468 771 omnes

34 790 236 831 mortales
263 793 298 821 Η
315 804 399 830 una
428 798 569 829 mente
595 787 898 829 consentiunt:
933 789 969 817 ¹5
983 786 1128 827 omnia
1159 801 1276 826 arma
1305 800 1470 837 eorum,

36 847 111 901 qui
144 846 238 888 haec
271 845 387 888 salva
420 845 565 896 velint,
598 855 749 886 contra
782 844 895 885 illam
929 855 1091 899 pestem
1123 857 1214 884 esse
1244 843 1469 899 capienda.

41 903 187 950 Quid?
230 903 286 946 D.
324 903 448 944 Bruti
480 901 712 957 judicium,
755 901 963 952 Quirites,
1005 900 1121 957 quod
1161 915 1216 941 ex
1258 900 1468 941 hodierno

38 960 143 1015 ejusv
173 961 316 1002 edicto
358 960 599 1016 perspicere
637 959 854 1015 potuistiS,
895 973 999 999 num
1040 958 1110 999 cui
1151 957 1325 998 tandem
1365 973 1469 999 con-

40 1018 316 1058 temnendum
335 1017 526 1058 videtur?
552 1017 588 1047 16
605 1015 740 1058 Recte
761 1024 805 1056 et
827 1030 924 1057 vere
946 1016 1129 1071 negatis,
1150 1015 1357 1062 Quirites.
1390 1014 1470 1056 Est

39 1074 154 1115 enim
171 1075 292 1130 quasi
312 1075 487 1116 deorum
509 1074 816 1115 immortalium
836 1073 1046 1114 beneficio
1066 1082 1108 1113 et
1127 1086 1301 1113 munere
1319 1073 1470 1114 datum

39 1131 288 1187 reipublicae
312 1131 547 1173 Brutorum
569 1146 703 1187 genus
724 1139 767 1173 et
789 1130 1033 1181 nomem-ad
1057 1129 1298 1170 libertatem
1319 1129 1467 1186 populi

41 1187 229 1230 Romani
252 1189 317 1230 vel
336 1189 682 1230 constituendam
704 1192 738 1224 ¹7
756 1187 822 1229 vel
846 1187 1194 1243 recuperandam.
1247 1187 1364 1234 Quid
1387 1187 1504 1244 igi-8

40 1253 109 1286 tur
133 1245 190 1288 D.
214 1246 372 1287 Brutus
394 1247 446 1287 de
470 1246 537 1287 M.
558 1245 752 1287 Antonio
768 1245 1006 1301 judicavit?
1042 1247 1077 1275 13
1091 1245 1277 1285 exclusit
1296 1247 1469 1300 provin-

38 1303 128 1346 cia:
160 1304 351 1345 exercitu
375 1304 571 1345 obstitit:
604 1303 790 1344 Galliam
820 1312 955 1344 totam
988 1302 1182 1343 hortatur
1212 1302 1264 1342 ad
1299 1302 1470 1352 bellum,

38 1360 178 1416 ipsam
202 1376 277 1403 sua
295 1370 463 1417 sponte,
485 1375 647 1416 suoque
662 1361 830 1417 judicio
852 1361 1101 1401 excitatam.
1142 1359 1187 1400 Si
1210 1359 1358 1400 consul
1379 1358 1471 1400 An-

39 1418 206 1460 tonius:
241 1418 399 1459 Brutus
432 1419 580 1459 hostis.
622 1419 654 1459 si
693 1427 968 1459 conservator
1003 1417 1251 1472 reipublicae
1287 1417 1467 1458 Brutus:

40 1474 178 1517 hostis
201 1474 431 1516 Antonius.

494 1475 609 1517 Num
635 1476 781 1531 igitur,
813 1485 954 1516 utrum
985 1473 1140 1515 horum
1172 1474 1241 1525 sit,
1271 1474 1469 1515 dubitare

41 1535 298 1587 possumus?
328 1532 487 1588 Atque,
519 1543 672 1574 utvos
704 1548 788 1574 una
817 1544 974 1583 mente,
1006 1546 1175 1586 unaque
1207 1546 1312 1572 voce
1341 1522 1516 1573 dubi-4

40 1598 130 1630 tare
161 1605 236 1631 vos
271 1592 462 1646 negatis:
503 1591 562 1632 sic
588 1591 717 1631 modo
749 1591 939 1632 decrevit
975 1598 1160 1639 senatus,
1193 1588 1249 1629 D.
1283 1589 1467 1629 Brutum

39 1647 204 1702 optime
225 1647 276 1688 de
299 1648 519 1703 republica
541 1648 705 1698 mereri,
728 1663 827 1688 cnm
850 1657 1020 1688 senatus
1043 1646 1359 1697 auctoritatem,

39 1703 215 1760 pulique
238 1704 424 1746 Romani
447 1704 688 1746 libertatem
712 1705 1023 1761 imperiumque
1041 1703 1294 1745 defenderit.
1325 1703 1365 1744 A
1383 1718 1469 1759 quo
1481 1702 1511 1723 ³·

40 1843 175 1874 ratium.
221 1843 343 1875 Eadem
357 1854 454 1884 supra
467 1845 606 1875 varietas
622 1844 636 1875 I
642 1844 687 1881 11,
703 1847 734 1875 3.

39 1885 94 1916 hic
111 1891 283 1925 persecuta
307 1886 422 1917 melius
449 1887 614 1917 consentit
636 1887 734 1917 verbo

42 1929 210 1964 virtutem,
224 1939 322 1967 qnam
338 1939 447 1969 supra,
463 1929 566 1959 verbis
581 1929 726 1968 adjectis.

87 1973 123 2000 13
139 1980 208 2010 quoe
222 1975 285 2001 tuae
298 1971 624 2010 essent—maluisses]
644 1971 736 2001 Gra·—

40 2013 111 2042 vius
125 2012 226 2044 edidit
243 2013 363 2043 tacite:
389 2023 460 2053 qnoe
484 2016 736 2044 essent—malu-

39 2055 114 2085 isses
130 2059 203 2084 tuoe.
226 2065 244 2084 e
267 2055 381 2085 Faerni
404 2055 485 2085 libro
501 2055 629 2087 videtur
643 2056 736 2086 edere

39 2097 192 2134 voluisse,
215 2098 417 2134 maluissent,
440 2102 516 2131 tuae,
539 2105 578 2127 ut
599 2098 634 2127 in
656 2099 733 2130 Var.

43 2138 136 2170 Leet.
151 2145 213 2170 est.
231 2140 421 2170 maluissent
435 2145 483 2170 est
498 2141 532 2170 in
545 2139 616 2170 edd.
637 2150 686 2180 pr.
700 2147 735 2172 et

42 2180 113 2212 haec
128 2182 226 2212 lectio
241 2188 291 2211 est
304 2191 390 2213 vera.
435 2183 553 2212 Sensus
569 2186 633 2212 est:
658 2184 684 2212 si
700 2188 734 2214 te

40 2224 208 2254 consulem
238 2224 346 2263 potins
373 2234 470 2262 quan]
508 2224 635 2254 hostem
664 2235 732 2256 esse

39 2265 261 2296 credidissent.
304 2266 343 2296 In
361 2266 494 2306 vulgata
519 2267 628 2297 nullus
643 2277 732 2298 com-

41 2307 156 2339 modus
169 2317 281 2339 sensus
297 2313 358 2339 est.

89 2353 125 2381 14
158 2360 228 2380 una
256 2355 362 2380 mente
398 2351 613 2391 consentiunt]
666 2352 729 2383 MS.

45 2390 153 2432 Huyd.
168 2402 238 2423 una
250 2402 343 2423 voce:
367 2393 453 2432 quod
470 2393 561 2423 valde
578 2394 736 2434 probatur

43 2433 236 2465 Burmanno
251 2436 321 2465 See.
337 2435 376 2465 V.
394 2436 432 2466 C.
448 2436 527 2466 mihi
551 2437 621 2467 haec
643 2436 735 2467 dubi-

42 2477 127 2509 tatio
140 2485 204 2514 est,
218 2477 305 2516 quod
326 2487 395 2507 una
416 2487 490 2507 voce
511 2479 567 2509 ubi
587 2483 649 2515 est,
664 2490 693 2509 v.
709 2490 736 2510 c.

43 2518 129 2549 infra
143 2519 236 2556 xlv,
259 2520 288 2549 6.
312 2519 351 2550 de
377 2520 533 2550 concione
547 2530 653 2551 sermo
667 2530 735 2551 cst:

41 2561 97 2591 ubi
114 2561 153 2592 ‹le
175 2561 328 2601 gentibus
349 2561 482 2599 dicitur,
498 2563 590 2594 velut
610 2568 644 2593 et
670 2573 735 2593 urin

42 2613 108 2641 ore,
123 2603 162 2634 de
178 2603 292 2644 gloria.
337 2604 400 2634 Hic
423 2610 535 2636 autem
557 2615 665 2636 sermo
684 2612 734 2636 est

42 2644 82 2676 de
96 2647 278 2686 judit-ioxet
305 2646 489 2684 voluntate,
509 2657 605 2678 sensu
629 2648 734 2678 homi-

44 2696 124 2718 num
140 2689 174 2719 in
189 2689 298 2727 aliqua
312 2698 358 2725 re,
374 2694 412 2719 ut
427 2689 459 2719 h.
475 2690 498 2720 l.
512 2690 552 2720 de
565 2691 723 2720 Antonio.

88 2732 124 2760 15
146 2732 256 2762 omnia
283 2740 380 2761 arma
405 2731 731 2772 eorum—capienda]

44 2770 117 2802 Hoc
130 2773 211 2804 mihi
227 2773 316 2804 valde
332 2773 450 2804 durum
464 2779 526 2811 est,
542 2784 613 2814 pro,
628 2776 736 2804 omni-

44 2813 103 2844 bus
127 2824 219 2846 arma
242 2816 491 2856 iis—capienda.
537 2817 598 2847 Sed
620 2826 735 2847 omnes

43 2854 130 2895 libri,
139 2857 227 2897 quod
240 2867 301 2898 ego
312 2858 443 2897 qiiideiu
457 2859 644 2900 repererim,
657 2869 734 2890 cun-

777 1845 927 1875 sentiunt
940 1844 974 1874 in
989 1842 1051 1874 hac
1065 1843 1220 1881 lectione,
1230 1847 1365 1885 excepto
1380 1844 1473 1885 Hny-

777 1886 1004 1927 decoperiano,
1032 1887 1068 1916 in
1095 1896 1158 1925 qno
1184 1893 1235 1917 est
1256 1888 1416 1926 rapienda
1439 1889 1474 1918 in

777 1929 854 1959 fine.
871 1929 956 1968 qnod
972 1929 1131 1968 probabat
1141 1929 1350 1959 Burmannus
1367 1930 1450 1960 idem
1464 1941 1472 1959 :

778 1981 839 2001 nec
862 1971 943 2001 mihi
966 1971 1132 2010 displicet:
1164 1971 1219 2001 sed
1246 1971 1277 2001 id
1299 1971 1473 2003 difficulta-

778 2021 846 2044 tem
870 2013 960 2044 illam
977 2023 1044 2043 non
1058 2013 1149 2044 tollit
1164 2015 1198 2044 in
1213 2013 1277 2044 illis
1293 2015 1403 2045 omnia
1417 2025 1472 2045 ar-

780 2065 834 2086 ma
848 2065 970 2086 eorum.

824 2098 860 2128 16
882 2098 982 2128 Recte
1002 2108 1029 2129 e.
1052 2108 1082 2128 v.
1105 2098 1248 2138 negatis]
1287 2099 1340 2129 Sic
1361 2099 1473 2140 legen-

776 2138 853 2169 duni
884 2145 975 2180 patet
997 2151 1033 2170 ex
1063 2142 1244 2181 superiori:
1274 2146 1312 2171 ut
1335 2143 1474 2172 ostendi·

777 2182 829 2217 tis,
847 2192 912 2212 non
927 2183 1126 2213 ostendistis.-
1141 2182 1317 2224 judicatis,
1337 2184 1472 2225 nonju-

775 2224 927 2255 dicastis:
956 2229 991 2255 et
1011 2226 1057 2255 sic
1086 2225 1186 2256 habet
1213 2226 1279 2257 ΜΞ.
1305 2227 1382 2258 Vat.
1411 2237 1472 2267 pro

775 2266 863 2306 vulg.
882 2269 1036 2305 negastis.

821 2312 853 2342 17
878 2312 930 2339 rel
941 2310 1213 2350 recuperandam]
1237 2311 1315 2341 Vat.
1332 2311 1471 2342 cnicon-

773 2352 923 2382 sentiunt
940 2352 1047 2384 Guelf.
1063 2353 1102 2383 L.
1118 2353 1162 2383 H.
1185 2354 1419 2392 recipiendam.
1437 2360 1471 2385 et

777 2394 823 2423 sic
836 2394 937 2425 edidit
951 2396 1051 2425 etiam
1075 2395 1233 2426 Graevius.
1251 2396 1298 2425 nil
1312 2396 1449 2427 interest
1462 2410 1468 2426 :

777 2441 812 2466 et
827 2437 998 2476 vulgatum
1012 2443 1062 2468 est
1076 2438 1258 2468 sonantius.

825 2481 860 2509 18
896 2480 1218 2519 exclusit—obstitit]
1253 2480 1281 2510 E
1308 2480 1471 2512 Vaticano

778 2530 946 2552 correxere
959 2522 1290 2559 exolutim—obsistit.
1336 2522 1447 2553 Placet
1459 2535 1468 2553 ε

777 2572 854 2594 nam
869 2568 902 2593 et
916 2565 1065 2602 sequitur
1079 2566 1243 2596 hortatur.
1288 2565 1350 2595 Sed
1368 2565 1471 2596 etiam

776 2605 930 2644 praecetlit
943 2605 1124 2646 judicavit.
1169 2607 1237 2637 Cur
1263 2617 1329 2637 non
1353 2614 1387 2637 et
1409 2607 1472 2637 hoc

776 2648 952 2687 corrigitur
955 2647 1091 2688 judicat
1105 2650 1122 2678 .⁷
1145 2649 1216 2687 Ego
1231 2649 1401 2688 vulgatum
1423 2659 1474 2679 re·

776 2689 873 2720 tinui.
900 2693 1054 2721 hortatur
1078 2691 1174 2726 dixit,
1201 2692 1276 2730 quia
1297 2691 1330 2721 id
1354 2692 1473 2721 etiam-

777 2731 855 2762 dum
883 2732 1035 2764 faciebat.
1080 2732 1161 2763 Mox
1189 2733 1262 2763 dedi
1285 2733 1392 2772 Atque
1413 2742 1472 2773 pro

776 2774 890 2814 Atqui,
905 2779 942 2805 ut
958 2775 1022 2805 fuit
1036 2776 1070 2805 in
1084 2775 1162 2805 Vat.
1182 2781 1217 2806 et
1230 2785 1270 2807 ex
1290 2785 1328 2806 eo
1343 2786 1363 2807 a
1377 2775 1474 2807 Fair.

779 2825 821 2847 no
835 2823 870 2848 et
885 2817 957 2848 aliis
972 2817 1097 2849 editum
1112 2822 1173 2848 est.

1392 1661 1466 1702 po-
1479 1659 1512 1690 p.
1535 1652 1604 1684 193.
