1785 3185
272 142 372 180 1296
860 142 1109 182 ORATIO

270 244 609 289 circumduceres
630 261 640 288 z
670 245 794 303 cujus
815 247 987 303 quidem
1008 259 1177 288 vomere
1199 253 1366 302 portam
1390 243 1551 301 Capuae
1575 255 1701 300 pae’nc

275 303 577 356 perstrinxisti,
611 313 655 345 ut
697 305 886 346 florentis
918 304 1098 346 colonia:
1132 302 1391 344 territorium
1423 304 1699 342 minueretur.

188 362 259 397 103
275 358 342 400 Ab
359 359 436 400 hac
450 360 704 417 religionum
719 362 1038 417 perturbatione
1052 360 1222 402 advolas
1238 361 1277 400 in
1299 359 1590 408 M.Varrunis,
1605 372 1702 397 san-

139 427 171 460 Ρ·
191 422 260 451 180-
274 415 450 458 ctissimi
470 429 598 473 atque
616 418 876 473 integerrimi
894 418 1100 467 viri,ft1nd
1111 432 1176 457 um
1195 414 1704 470 Cassinatem.quojure?

228 472 358 528 ²·quo
379 476 480 515 ore?
509 475 674 523 eodem,
698 476 876 529 inquies,
898 489 984 528 quo
1008 475 1049 514 in
1074 474 1273 514 heredum
1297 473 1344 513 L.
1362 472 1530 521 Rubrii,
1546 485 1633 526 quo
1656 469 1701 510 in·

270 528 476 571 heredum
503 532 547 573 L.
573 530 750 573 Turselii
779 530 952 585 praedia,
970 546 1055 585 quo
1088 530 1128 569 in
1163 530 1342 584 reliquas
1374 526 1704 569 innumerabiles

269 589 572 642 possessiones.
605 591 646 622 94
660 587 711 628 Et
725 587 757 627 si
774 588 827 628 ab
842 587 977 636 hasta,
994 586 1159 627 valeant
1173 586 1344 634 tabulae,
1361 585 1489 626 modo
1504 583 1707 633 Caesaris,

269 657 355 685 non
382 655 481 694 tuae,
506 645 661 699 quibus
684 644 885 692 debuisti,
902 658 986 685 non
1010 643 1166 698 quibus
1187 652 1232 682 tu
1258 652 1298 683 te
1317 642 1565 682 liberavisti.
1596 640 1705 680 Var-

269 701 386 742 ronis
402 701 573 756 quidem
591 700 856 742 Cassinatem
876 700 1054 742 fundum
1069 699 1162 754 quis
1178 700 1359 739 veniisse
1372 698 1501 740 dicit?
1522 698 1616 752 quis
1630 697 1706 737 ha-

272 766 381 798 stam
405 758 525 798 istius
549 757 805 798 venditionis
830 757 963 799 vidit?
993 758 1088 812 quis
1111 771 1257 796 vocem
1283 755 1493 811 praeconis
1515 753 1709 794 audivit?

275 814 451 856 Misisse
473 823 514 855 te
534 814 641 855 dicis
664 813 984 863 Alexandriam,
1002 814 1074 869 qui
1097 823 1256 853 emeret
1277 828 1300 854 a
1321 812 1505 853 Caesare.
1558 810 1706 866 Ipsum

190 878 263 913 104
275 871 389 912 enim
410 881 659 927 exspectare
681 885 884 926 magnum
906 869 1002 911 fuit.
1063 871 1172 916 Quis
1197 884 1294 910 vero
1317 869 1480 910 audivit
1503 881 1707 923 umquam

275 928 450 981 (nullius
474 937 616 969 autem
639 928 750 968 salus
782 942 895 968 curae
929 926 1122 982 pluribus
1146 926 1245 974 fuit)
1269 927 1319 966 dc
1343 925 1527 966 fortunis
1549 924 1706 965 Varro-

276 985 342 1026 nis
364 999 451 1026 rem
477 984 601 1025 ullam
624 998 714 1024 esse
732 983 997 1025 detractam?
1059 984 1223 1030 Quodsi
1246 983 1373 1023 etiam
1400 982 1570 1037 scripsit
1591 980 1643 1022 ad
1668 990 1710 1020 te

276 1041 438 1091 Caesar,
460 1051 507 1083 ut
528 1040 750 1082 redderes:
793 1040 895 1095 quid
921 1041 1022 1081 satis
1048 1050 1190 1096 potest
1217 1040 1300 1080 dici
1334 1041 1385 1080 de
1417 1049 1537 1080 tanta
1569 1038 1709 1093 impu-

276 1098 454 1141 ‹lenti-a?
513 1097 708 1139 Remove
750 1097 914 1153 gladios
958 1111 1184 1153 parumper
1223 1096 1332 1147 illos,
1362 1111 1468 1150 quos
1502 1095 1712 1136 videmus.

269 1155 364 1210 jam
404 1154 631 1210 intelligeS‚
662 1154 788 1196 aliam
827 1168 998 1194 causam
1037 1168 1129 1195 esse
1164 1153 1297 1194 hastae
1343 1152 1541 1203 Caesaris,
1583 1151 1711 1192 aliam-

276 1211 550 1253 confidentiae
573 1220 617 1252 et
640 1211 890 1252 temeritatis
914 1221 1015 1253 tuae.
1045 1225 1130 1252 non
1156 1211 1270 1250 enim
1296 1221 1336 1250 te
1359 1210 1557 1250 dominus
1580 1208 1711 1249 modo

277 1267 360 1309 illis
394 1268 580 1319 sedibus,
602 1268 675 1309 sed
697 1269 836 1323 quivis
869 1268 1047 1319 amicus,
1065 1268 1247 1318 vicinus,
1267 1266 1437 1323 hospeS,
1460 1275 1713 1321 procurator

194 1326 261 1377 41
279 1325 456 1366 arcebit.
515 1324 577 1366 At
607 1324 916 1380 quammultos
950 1325 1039 1367 dies
1074 1325 1115 1365 in
1153 1339 1202 1365 ea
1237 1322 1335 1365 villa
1370 1323 1613 1379 turpissime
1648 1331 1714 1362 est

278 1382 614 1438 perbacchatus!
658 1383 712 1423 ab
744 1383 848 1423 hora
879 1381 1006 1423 tertia
1034 1381 1276 1432 bibebatur,
1304 1380 1544 1431 ludebatur,
1568 1392 1717 1420 vome-

278 1440 420 1480 batur.
481 1439 522 1481 O
544 1447 658 1481 tecta
678 1439 772 1495 ipsa
786 1439 954 1489 misera,
977 1441 1017 1473 95
1031 1453 1151 1495 quam
1170 1437 1324 1492 dispari
1345 1437 1534 1478 domino!
1562 1451 1714 1491 quam·

279 1511 408 1552 quam
441 1496 658 1551 quomodo
682 1497 763 1538 iste
794 1496 1022 1537 dominus?
1060 1496 1131 1536 sed
1165 1505 1308 1536 tamen
1340 1509 1469 1549 quam
1499 1509 1524 1534 a
1553 1492 1713 1548 dispari

281 1552 538 1594 tenebantur
563 1554 571 1593 !
598 1553 836 1594 studiorum
859 1553 974 1594 enim
1008 1567 1178 1593 suorum
1217 1552 1284 1593 M.
1309 1551 1443 1592 Varro
1467 1550 1602 1592 voluit
1623 1563 1715 1591 esse

198 1618 268 1654 105
285 1609 401 1661 illud,
423 1624 510 1651 non
530 1610 758 1651 libidinum
785 1610 1088 1652 deversorium.
1148 1609 1188 1643 96
1204 1610 1314 1656 Quae
1339 1609 1382 1649 in
1409 1608 1480 1649 illa
1500 1607 1599 1648 villa
1614 1616 1715 1648 ante

280 1667 561 1710 dicebantur?
592 1681 687 1722 quae
717 1667 1045 1724 cogitabantur?
1076 1679 1171 1721 quae
1202 1666 1353 1706 litteris
1379 1664 1717 1706 mandabantur?

272 1724 377 1780 jura
394 1724 539 1780 populi
561 1723 763 1775 Romani,
783 1733 1060 1765 monumenta
1080 1723 1305 1779 majorum,
1328 1723 1466 1764 omnis
1490 1721 1713 1777 sapientiae

276 1781 404 1832 ratio,
426 1781 649 1836 omnisque
670 1781 894 1822 doctrinae.
952 1780 1011 1822 At
1031 1795 1145 1831 vero,
1163 1789 1203 1820 te
1225 1780 1449 1835 inquilino,
1471 1785 1576 1832 (non
1598 1778 1714 1820 enim

280 1838 496 1889 domino)
527 1839 814 1894 personabant
840 1838 985 1878 omnia
1017 1838 1195 1879 vocibus
1224 1837 1440 1877 ebriorum
1459 1852 1472 1877 ι
1507 1836 1717 1876 natabant

282 1895 531 1951 pavimenta
561 1896 686 1937 vino:
738 1895 968 1936 madebant
1001 1895 1205 1950 parietes:
1257 1893 1433 1949 ingenui
1465 1892 1586 1949 pueri
1616 1907 1716 1934 cum

238 1960 269 1991 b.
284 1952 527 2003 meritoriis,
549 1962 688 1994 scorta
712 1952 821 1993 inter
841 1961 996 1992 matres
1019 1951 1199 1992 familias
1219 1951 1512 1991 versabantur.
1572 1948 1718 1990 Cassi-

284 2023 340 2050 no
371 2008 599 2050 salutatum
633 2009 877 2059 veniebant,
900 2008 1089 2064 Aquino,
1120 2007 1381 2049 Interamna.
1412 2006 1619 2048 admissus
1652 2014 1717 2047 est

285 2080 427 2107 nemo.
450 2066 550 2121 jure
571 2066 614 2107 id
636 2066 824 2121 quidem.
856 2067 898 2106 in
925 2066 1096 2106 bomine
1117 2066 1229 2106 enim
1269 2064 1518 2120 turpissimo
1549 2063 1717 2104 obsole-

200 2127 273 2161 106
286 2123 390 2164 bant
411 2122 635 2178 dignitatis
658 2123 858 2179 insignia.
904 2122 1015 2164 Cum
1040 2122 1137 2163 inde
1159 2122 1338 2163 Romam
1365 2121 1639 2177 proficiscens
1661 2119 1715 2161 ad

282 2179 505 2234 Aquinum
536 2180 771 2232 accederet,
801 2180 972 2221 obviam
1006 2180 1044 2220 ei
1090 2180 1294 2235 processit
1324 2183 1392 2230 (ut
1420 2187 1484 2219 est
1515 2177 1715 2231 frequens

281 2237 589 2292 municipium)
608 2252 765 2293 magna
787 2250 886 2278 sane
909 2236 1155 2278 multitudo.
1173 2241 1212 2271 97
1225 2245 1269 2276 at
1291 2236 1370 2276 iste
1392 2243 1541 2290 operta
1561 2233 1714 2275 lectica

281 2293 393 2336 latus
415 2302 478 2334 est
499 2308 574 2350 per
596 2295 820 2350 oppidum,
849 2303 895 2334 ut
918 2303 1131 2335 mortuus.
1188 2293 1327 2334 Stulte
1347 2292 1610 2348 Aquinates:
1642 2290 1718 2332 sed

284 2406 324 2437 ab
355 2416 408 2443 eo,
439 2406 494 2446 qui
529 2406 692 2437 coloniam
726 2406 870 2444 deducit,
904 2416 979 2438 cum
1022 2407 1075 2437 fic.
1092 2406 1188 2442 1‚39.

284 2448 392 2479 coloni
407 2449 570 2489 incipiunt
584 2449 757 2489 proficisci,
769 2449 855 2479 sicut
868 2449 903 2479 in
918 2449 981 2479 mi·
1064 2449 1106 2482 96
1128 2446 1475 2489 Quae—dieebantm]
1499 2445 1538 2477 In
1561 2446 1720 2477 exercita-

282 2489 367 2522 litia.
1019 2490 1164 2521 tionibus
1186 2489 1349 2524 oratoriiS,
1370 2489 1419 2519 vel
1442 2488 1717 2529 disputationibus

324 2535 367 2566 94
389 2530 438 2563 Et
464 2533 491 2562 si
518 2533 558 2563 ab
581 2531 691 2571 hasta]
716 2532 862 2572 Conjeci,
884 2531 983 2573 Quod
1021 2532 1204 2562 doctorum.
1239 2531 1475 2570 Cogitabantm·
1490 2532 1511 2561 i.
1526 2532 1716 2570 quaereban-

284 2575 323 2611 si,
349 2575 384 2608 in
405 2575 558 2605 auctione
583 2574 711 2614 publiea
736 2575 869 2611 emisti3
893 2575 979 2614 quod

283 2616 339 2647 ilie
354 2616 479 2646 videbat
486 2626 524 2647 ur
538 2625 748 2656 responsurus
767 2625 847 2653 esse,
863 2617 978 2647 emisse

282 2659 344 2688 sub
365 2658 473 2694 hasta,
495 2668 581 2693 cum,
601 2664 636 2688 ut
662 2658 847 2698 Pompeiani
870 2658 977 2688 homi-

284 2700 347 2737 nis,
363 2701 450 2730 bona
463 2701 593 2731 vendita
608 2706 726 2731 essent.
772 2700 913 2730 Valeant
926 2705 978 2731 ta-

285 2742 365 2772 huloe
396 2743 514 2779 aerarii,
546 2743 580 2773 in
610 2743 726 2782 quibus
745 2743 975 2783 -perscriptum

283 2791 379 2821 esset,
402 2786 517 2824 quanti
544 2791 634 2815 emta
661 2784 718 2815 illa
743 2784 842 2822 bona,
871 2790 906 2815 et
934 2794 978 2815 an

283 2827 421 2865 pecnnia
434 2826 544 2857 soluta
557 2832 651 2857 esset.

324 2871 366 2900 95
387 2878 486 2908 quam
508 2869 632 2909 dispari
653 2868 793 2909 domino]
819 2879 848 2901 v.
865 2868 903 2900 de
920 2869 979 2900 Os-

1023 2581 1078 2605 tur
1091 2575 1132 2604 ab
1147 2573 1278 2604 homine
1293 2574 1462 2604 inventore
1476 2574 1656 2604 multarum
1669 2582 1718 2603 re.

1021 2625 1107 2646 rum.
1152 2615 1214 2646 Sed
1229 2615 1261 2645 id
1275 2615 1406 2645 verbum
1421 2616 1511 2645 abest
1525 2615 1566 2645 ab
1581 2615 1716 2655 optimis

1020 2658 1100 2689 Mss.
1114 2658 1212 2688 etiam
1234 2656 1326 2687 Leid.
1350 2656 1459 2697 Huyd.
1483 2656 1591 2687 Guelf.
1635 2655 1715 2687 Mox

1019 2701 1172 2731 doctrinoe
1187 2700 1309 2740 recepit
1322 2709 1382 2739 pro
1397 2699 1546 2730 doctrina
1557 2698 1716 2730 Graevius.

1018 2742 1064 2772 sic
1079 2741 1117 2772 L.
1136 2741 1180 2772 H.
1666 2767 1671 2771 .

1060 2788 1100 2819 97
1117 2788 1154 2814 at
1167 2782 1240 2822 iste]
1260 2782 1298 2813 In
1315 2783 1413 2813 Grut.
1427 2781 1479 2816 ed.
1494 2786 1544 2815 est
1558 2785 1608 2814 ut.
1622 2781 1717 2819 vitio,

1018 2830 1057 2858 ut
1072 2825 1212 2864 videtur,
1228 2833 1416 2866 operarum.
