1785 3185
401 106 750 147 PHILIPPICA
774 106 1254 146 TERTIADECIMA,
1454 108 1551 144 1431

121 224 248 266 quem
284 225 366 268 ego
402 211 593 253 inustum
615 211 844 254 verissimis
879 211 1201 254 maledictorum
1239 209 1354 252 notis
1390 209 1557 250 tradam

123 267 348 311 hominum
376 269 593 310 memoriae
627 269 912 324 sempiternae.
974 268 1069 324 Ego
1101 266 1288 309 lanista?
1317 276 1361 307 et
1381 267 1556 321 quidem

122 338 209 366 non
231 325 309 383 insi
348 326 450 367 iens.
472 325 701 367 deteriores
727 326 841 366 enim
866 325 1056 380 jugulari
1079 325 1224 380 cupio,
1245 323 1440 365 meliores
1464 324 1556 363 vin-

123 395 233 423 cere.
333 382 389 423 tri
409 382 638 434 ceciderint,
661 383 810 424 scribit
831 382 948 423 lucro
972 382 1097 422 nobis
1119 381 1326 421 futurum.
1383 380 1424 420 O
1447 394 1556 435 prae-
1568 385 1615 419 ss

122 437 284 480 clarum
306 439 468 481 lucrum
489 441 497 482 !
529 455 630 495 quo,
654 452 695 481 te
720 441 894 488 victore,
915 439 1051 494 (quod
1072 438 1131 478 dii
1156 452 1283 478 omen
1314 446 1509 477 avertant
1528 437 1557 486 Ε)

125 495 252 536 beata
272 510 385 538 mors
406 511 551 538 eorum
575 496 718 544 futura
739 498 808 548 sit,
826 497 898 551 qui
921 511 944 537 e
967 496 1054 536 vita
1074 494 1336 536 excesserint
1357 494 1447 534 sine
1471 502 1558 533 tor-

122 553 294 594 mentis.
353 552 392 594 A
415 568 483 594 me
504 555 705 610 deceptos
735 554 795 595 ait
825 553 985 595 eisdem
1015 551 1275 601 ornamentis,
1299 550 1494 591 Hirtium
1515 558 1559 589 et

126 606 356 651 Caesarem.
417 611 562 663 Quod,
583 626 744 666 quaeso,
767 611 906 652 adhuc
928 625 952 650 a
972 624 1041 651 me
1071 618 1135 649 est
1167 609 1376 648 tributum
1409 606 1558 648 Hirtio

124 671 454 710 ornamentum?
485 683 580 708 nam
607 668 768 709 Caesari
797 667 916 723 plura
936 678 979 707 et
1000 667 1164 721 majora
1184 665 1409 706 debentur.
1469 662 1558 704 De-

124 727 298 786 ceptum
320 735 462 765 autem
486 735 649 780 patrem
671 741 695 766 a
717 740 784 766 me
808 724 1021 765 Caesarem
1044 724 1185 764 dicere
1205 722 1361 763 audes?
1392 719 1474 771 Tu,
1496 730 1558 771 tu,

123 793 316 843 inquam,
339 781 455 822 illum
488 782 684 823 occidisti
721 781 1049 838 Lupercalibus:
1082 779 1220 834 cujus,
1250 779 1381 820 homo
1415 778 1559 833 ingra-

126 838 304 889 tissime,
335 839 573 880 flaminium
605 854 680 880 cur
713 839 950 894 reliquisti?
1011 838 1094 879 Sed
1120 838 1215 892 jam
1240 836 1379 878 videte
1411 835 1559 890 magni

127 903 172 934 et
207 893 306 936 clari
344 895 423 936 viri
463 896 756 937 admirabilem
797 895 1052 952 gravitatem
1089 904 1219 948 atque
1255 892 1558 935 constantiam.

128 948 296 993 84Milzi
327 952 487 1007 quidem
516 960 685 1004 constat,
705 969 775 995 uec
802 967 930 994 meam
963 951 1261 1001 contumetiam,
1282 965 1352 991 nec
1383 963 1560 990 meorum
1571 950 1622 985 42

111 1004 257 1062 ferre.-
287 1024 358 1050 nec
386 1009 560 1052 deserere
582 1018 734 1065 partes,
755 1025 855 1066 quas
887 1009 1106 1064 Pompeius
1131 1008 1277 1059 odivit,
1305 1022 1376 1048 nec
1406 1013 1562 1048 vetera-

127 1078 197 1104 nos
223 1065 380 1108 sedibus
408 1068 487 1108 suis
516 1068 666 1109 moveri
693 1068 797 1122 pati,
820 1081 888 1108 nec
910 1065 1088 1123 singulos
1115 1065 1171 1106 ad
1191 1065 1414 1106 cruciatum
1437 1063 1562 1114 trahi,

128 1135 198 1162 nec
204 1120 364 1178 fallere
369 1124 515 1178 fidem,
537 1140 658 1181 quam
687 1125 779 1166 decli
801 1124 1043 1166 Dolabellae.
1106 1122 1276 1164 Omitto
1308 1121 1414 1162 alia:
1430 1119 1565 1174 fidem

129 1176 373 1232 Dolabellae,
397 1182 653 1223 sanctissimi
678 1183 770 1233 viri,
792 1182 982 1223 deserere
1010 1181 1142 1222 homo
1175 1180 1270 1236 pius
1296 1193 1383 1219 non
1408 1186 1564 1234 potest.

126 1237 433 1300 q.¹¹f²²m.fidem?
455 1253 507 1280 an
530 1240 682 1295 optimi
706 1239 913 1294 cujusque
935 1238 1080 1288 caedis,
1104 1237 1220 1278 urbis
1239 1245 1282 1278 et
1306 1235 1443 1276 Italiae
1467 1249 1565 1291 par—

127 1300 320 1336 titionis:
353 1296 439 1336 suis
471 1296 721 1349 dandarum,
754 1296 1175 1352 diripiendarumque
1212 1293 1565 1350 provinciarum?

129 1363 228 1413 iiam
253 1352 356 1406 quid
387 1362 477 1394 erat
505 1353 634 1405 aliud,
655 1354 771 1409 quod
802 1354 912 1394 inter
933 1352 1174 1394 Antonium
1204 1361 1248 1392 et
1280 1349 1566 1400 Dolabellam,

127 1410 440 1473 impurissimos
471 1411 718 1466 parricidas,
751 1410 915 1452 foedere
951 1425 1000 1452 ac
1033 1409 1117 1450 fide
1155 1409 1417 1450 sanciretur?
1479 1405 1566 1447 Nec

132 1462 283 1529 Lepzdz
301 1467 528 1509 societatem
548 1468 716 1520 violare,
730 1468 904 1524 piissimi
925 1467 1110 1509 hominis.
1155 1465 1255 1507 Tibi
1276 1480 1375 1506 cum
1400 1463 1564 1520 Lepido
1575 1473 1629 1506 43

132 1532 329 1576 societas,
351 1534 425 1566 aut
454 1539 551 1566 cum
584 1525 683 1576 ullo,
705 1541 791 1567 non
822 1525 961 1567 dicam
994 1526 1108 1566 bono
1139 1523 1239 1574 civi,
1261 1523 1373 1564 sicut
1395 1521 1464 1562 ille
1485 1531 1565 1572 est,
1576 1522 1611 1552 b.

132 1579 207 1642 sed
242 1581 416 1623 homine
452 1585 583 1625 sano?
642 1583 693 1624 Id
717 1583 824 1640 agis,
847 1592 895 1624 ut
930 1581 1139 1638 Lepidum
1174 1590 1248 1621 aut
1279 1580 1460 1636 impium
1493 1587 1570 1619 aut

109 1650 330 1680 ¹insanum
361 1640 598 1680 existimari
633 1640 750 1682 velis.
783 1640 889 1681 nihil
922 1640 1029 1696 agis.
1062 1652 1323 1694 quamquam
1355 1636 1569 1677 affirmare

133 1693 186 1735 de
208 1695 341 1737 altero
362 1697 537 1738 difficile
558 1706 636 1748 est,
658 1698 711 1738 de
743 1698 906 1753 Lepido
938 1696 1192 1753 praesertim,
1213 1709 1340 1751 quem
1371 1708 1455 1749 ego
1477 1707 1568 1733 me·
1623 1715 1627 1718 -

133 1759 254 1793 tuam
282 1768 531 1809 numquam,
553 1755 662 1796 bene
692 1756 888 1811 sperabo,
909 1755 1012 1796 dum
1044 1753 1205 1794 licebit.
1268 1751 1490 1793 Revocare
1525 1758 1568 1790 te

132 1822 159 1848 a
192 1809 335 1851 furore
373 1811 558 1868 Lepidus
594 1812 744 1864 voluit,
781 1827 868 1853 non
904 1812 1076 1866 adjutor
1106 1824 1198 1851 esse
1231 1808 1477 1850 dementiae.
1519 1816 1567 1848 tu

132 1879 261 1920 porro
294 1871 333 1899 85
347 1883 399 1909 ne
434 1869 529 1924 pios
562 1870 749 1924 quidem,
783 1870 855 1910 sed
891 1869 1107 1925 piissimos
1139 1866 1327 1923 quaeris:
1358 1875 1417 1916 et,
1449 1864 1566 1919 quod

134 1925 314 1965 verbum
344 1927 520 1967 omnino
553 1926 716 1968 nullum
746 1927 789 1967 in
819 1926 968 1982 lingua
1001 1925 1156 1966 Latina
1186 1933 1265 1974 est,
1300 1923 1357 1972 id,
1390 1931 1567 1978 propter

134 1990 252 2022 tuam
274 1983 463 2024 divinam
487 1984 706 2039 pietatem,
726 1998 883 2025 novum
916 1983 1098 2024 inducis.
1138 1980 1224 2022 Nec
1249 1980 1455 2021 Plancum
1466 1993 1566 2034 pro·
1578 1988 1628 2022 44

132 2037 239 2089 dere,
264 2040 510 2095 participem
542 2041 813 2082 consiliorimz.
874 2040 1083 2082 Plancum
1115 2038 1399 2095 participem?
1443 2035 1568 2091 cujus

133 2097 424 2138 memorabilis
447 2113 496 2139 ac
517 2098 664 2139 divina
692 2099 826 2139 vii-tus
846 2098 985 2139 lucem
1008 2097 1132 2138 affert
1161 2095 1434 2150 reipublicae:
1467 2094 1569 2147 (nisi

134 2153 246 2195 forte
272 2169 368 2195 eum
392 2156 582 2196 subsidio
605 2155 683 2196 tibi
707 2156 851 2196 venire
879 2154 1098 2196 arbitraris
1127 2167 1225 2194 cum
1248 2151 1492 2192 fortissimis
1510 2150 1570 2191 le-

135 2211 353 2268 gionibus,
372 2227 531 2269 magno
547 2213 588 2260 86
600 2213 794 2268 equitatu
819 2212 1097 2268 peditatuque
1121 2209 1343 2252 Gallorum
1360 2210 1391 2258 2)
1421 2211 1460 2242 87
1474 2208 1570 2263 qui-

133 2285 232 2327 que,
255 2270 335 2311 nisi
357 2279 456 2311 ante
477 2270 568 2326 ejus
591 2270 822 2312 adventum
847 2268 1094 2326 reipublicae
1111 2282 1265 2325 poenas
1287 2265 1468 2317 dederis,
1490 2265 1570 2306 hu-

176 2443 217 2471 84
238 2439 325 2470 Mihi
345 2438 475 2477 quidem
503 2435 642 2475 constat]
666 2435 719 2466 An
740 2434 830 2465 stat?
873 2432 1069 2470 notandum,
1083 2431 1170 2472 quod
1192 2433 1306 2463 Cicero
1321 2430 1360 2461 de
1374 2431 1472 2462 verbo
1488 2431 1572 2471 piis·

135 2493 212 2514 nam
231 2482 311 2512 milii
331 2485 456 2511 constat
478 2479 523 2509 sie
544 2479 620 2515 dici,
637 2487 704 2508 non
726 2478 830 2517 reperi
871 2477 974 2506 simus
987 2475 1078 2506 dicit.

134 2525 279 2564 quidem.
295 2533 352 2553 con
368 2522 495 2552 videtur
516 2521 687 2551 adhaesisse
708 2529 726 2549 e
749 2529 831 2559 prae-
916 2518 956 2549 86
978 2518 1137 2557 equitatu,
1146 2516 1299 2555 peditatu
1320 2515 1377 2555 G.]
1391 2514 1475 2546 Edd.
1490 2519 1572 2545 vett.

132 2567 270 2598 cedente
284 2565 396 2606 paullo
411 2569 488 2595 aute
503 2564 600 2594 verbo
615 2563 812 2593 constantz'ae.
867 2560 1081 2600 peditatuque
1094 2564 1192 2589 recte.

177 2612 218 2640 85
246 2618 287 2638 ne
309 2608 380 2647 pios
407 2607 548 2647 quidem,
575 2606 632 2635 sed
653 2603 827 2644 piissimos]
893 2605 897 2609 ”
923 2604 961 2635 87
984 2599 1384 2641 quiquesnisi—dederis,
1413 2600 1470 2630 ille
1495 2599 1571 2638 δια]

133 2651 255 2682 Nullus
278 2650 312 2680 in
334 2649 391 2680 illo
413 2659 453 2680 ne
468 2650 539 2688 pios
560 2648 688 2687 quidem
709 2655 832 2677 sensus.
873 2644 1039 2684 Quorsum
1060 2645 1115 2673 ille
1128 2643 1295 2682 pertinet?
1327 2640 1368 2671 ad
1389 2641 1546 2671 Plancum
1559 2642 1573 2671 Ξ

133 2693 326 2732 Legendum
347 2701 412 2722 non
426 2692 497 2731 pios
518 2690 658 2730 quidem.
703 2689 737 2720 Si
760 2688 831 2718 vul·
873 2686 913 2716 ad
927 2696 1002 2716 euni
1025 2686 1169 2725 pertinet
1184 2686 1312 2724 quique,
1328 2683 1414 2721 quod
1437 2685 1576 2720 conjun-

135 2742 250 2774 gatum
267 2744 379 2764 verum
401 2739 498 2770 esset,
513 2732 645 2763 deberet
667 2732 755 2770 sequi
778 2741 832 2761 ne·
873 2729 964 2767 gitur
974 2738 1050 2758 cum
1064 2727 1168 2768 cujus,
1212 2727 1300 2765 Ergo
1320 2726 1375 2754 ille
1388 2725 1575 2755 delendum.

133 2779 214 2808 dum
230 2777 391 2817 piissimos
411 2786 444 2816 q.
467 2775 553 2814 quod
575 2774 655 2805 olim
686 2774 827 2814 primum
872 2771 1029 2801 Cetei-um
1048 2768 1277 2799 antecedentia
1298 2772 1375 2797 sunt
1399 2767 1433 2796 in
1458 2776 1574 2807 paren-

133 2819 204 2849 haec
226 2819 350 2858 legenti
372 2818 405 2848 in
429 2824 573 2848 mentem
593 2817 697 2847 venit.
720 2815 776 2845 sed
797 2814 830 2844 id
871 2813 968 2843 thesi.
985 2821 1060 2842 nam
1072 2811 1240 2842 cohaerent
1253 2811 1319 2841 sic:
1339 2807 1435 2850 eujus
1450 2820 1494 2840 m.
1509 2811 1577 2840 vtr-

131 2862 342 2902 sequeiitibus
370 2869 438 2894 uon
466 2860 631 2891 convenit.
676 2859 830 2890 Cetei-um
873 2855 1084 2897 tus—quique
1095 2854 1154 2885 &c.
