1812 3147
324 423 406 481 M.
446 421 756 477 TULLII
803 417 1276 474 CICERONIS
1533 411 1652 484 {3¹4⁶-

231 524 1369 664 L.FLPXCCO

304 721 557 776 ORATIO,
591 717 846 771 QUARTA
878 720 954 763 ET
985 719 1303 762 VICESIMA.

602 905 1007 945 ARGUMENTUM.

36 1004 38 1007 v
81 986 220 1023 caesare
247 993 280 1025 et
310 989 441 1025 Bibulo
474 988 568 1024 Coss.
601 991 789 1023 accusatus
815 991 866 1022 est
896 987 940 1022 de
965 985 1174 1034 repetundis
1204 984 1248 1019 L.
1271 983 1430 1023 Flaccus,
1461 984 1525 1030 qui

129 1040 257 1076 Asiam
285 1043 481 1077 triennium
505 1052 573 1088 pro
599 1041 762 1082 Praetore
789 1040 1005 1078 obtinuerat,
1027 1050 1049 1073 α
1067 1038 1120 1073 D.
1140 1037 1267 1072 Laelio.
1323 1036 1424 1071 Inter
1451 1034 1525 1081 ejus

131 1091 331 1141 deffensores
352 1096 454 1141 (uam
474 1098 551 1129 tum
578 1093 691 1128 tribus
708 1090 795 1140 fere
813 1091 1013 1127 actionibus
1034 1102 1148 1125 causae
1172 1089 1449 1138 perorabcmtur,
1470 1089 1527 1123 uti

130 1155 149 1179 e
168 1144 336 1182 Cicerone
353 1145 553 1191 discimus,)
563 1144 648 1194 fuit
669 1144 815 1184 Cicero;
848 1156 916 1192 quo
938 1143 1089 1179 Consule
1112 1143 1256 1177 Praetor
1274 1141 1404 1191 fuerat
1422 1140 1524 1175 Fluc-

129 1208 203 1240 cus,
226 1199 500 1246 Ciceronemque
519 1199 556 1233 in
573 1197 794 1233 vindicanda
812 1195 1061 1242 conjuratione
1071 1193 1232 1240 juverat.
1288 1192 1526 1242 Defensionis

129 1255 250 1286 autem
270 1251 343 1287 haec
360 1256 411 1287 est
435 1252 546 1291 ratio,
565 1255 607 1285 ut
630 1251 770 1297 purtim
789 1261 812 1284 a
829 1249 1024 1296 superioris
1042 1249 1126 1283 vitae
1154 1247 1368 1285 innocentia,
1390 1257 1412 1280 α
1429 1257 1525 1280 sunz-

128 1304 197 1338 mz's
214 1305 253 1339 in
270 1303 444 1351 rempubl.
464 1304 603 1338 meritis
622 1303 787 1341 ducatur,
806 1303 945 1349 purtim
961 1313 983 1336 a
1000 1301 1206 1335 Graecorum,
1226 1300 1369 1334 testium
1390 1299 1426 1332 in
1444 1299 1525 1333 uni—

131 1367 272 1392 versum
290 1357 461 1397 omnium,
483 1359 559 1390 tum
587 1355 713 1389 horum
740 1355 920 1401 inprimis,
944 1353 1104 1393 levitate,
1125 1354 1188 1399 qui
1211 1356 1338 1387 contra
1357 1350 1526 1385 Flaccum

130 1409 328 1445 testimonii
348 1408 491 1443 dicendi
510 1419 619 1443 causa
646 1418 688 1441 ex
705 1406 797 1441 Asia
816 1405 970 1441 Romam
987 1408 1169 1440 venerant.
1225 1404 1269 1438 Iri
1289 1416 1357 1451 quo
1377 1415 1456 1438 cum
1474 1403 1525 1437 ri-

129 1456 275 1497 deretur
290 1473 348 1496 eos
366 1460 543 1509 offendere
560 1463 623 1494 aut
644 1462 737 1494 certe
757 1459 902 1493 minime
920 1459 1176 1493 consentientes
1191 1456 1331 1497 habere,
1349 1457 1410 1501 qui
1427 1455 1527 1490 (θηε-

130 1525 188 1550 cos
205 1513 429 1549 vehementer
447 1511 737 1553 admirabantur,
759 1522 897 1546 summo
916 1510 1071 1559 artificio
1091 1520 1260 1555 maguam
1285 1509 1420 1543 Grcecis
1449 1507 1530 1542 lau-

130 1567 210 1602 dem
228 1566 389 1600 concedit
409 1565 558 1611 ingenii,
579 1566 805 1599 inventarum
824 1567 859 1598 et
874 1561 1121 1612 perfectarum
1139 1562 1286 1600 artium,
1303 1560 1528 1606 eloquentiae,

118 1619 236 1668 fidem
263 1621 385 1653 autem
414 1621 537 1664 negat.
593 1616 803 1652 Diluuntur
831 1616 960 1650 deinde
989 1616 1101 1649 etiam
1129 1614 1205 1649 alia
1236 1614 1414 1652 criminu;
1447 1616 1528 1647 tart-

129 1682 248 1719 quam,
270 1670 366 1718 quod
384 1681 514 1704 aurum
532 1669 714 1710 avertisse,
736 1669 832 1715 quod
849 1667 971 1703 Judaei
990 1667 1282 1713 Hierosolymam
1303 1667 1445 1700 mittere
1471 1676 1528 1699 so-

129 1723 249 1759 lebant
276 1722 483 1770 quotannis,
502 1721 690 1768 religionis
706 1732 827 1763 causa,
847 1724 882 1756 et
910 1719 1044 1756 civibus
1062 1718 1168 1754 Rom.
1189 1719 1402 1766 quibusdam.
1431 1715 1525 1762 iuju-

128 1777 223 1812 riam
229 1774 366 1824 fecisse
384 1774 582 1810 dicebatur.
908 1794 911 1795 ν

81 1864 237 1930 CUM
263 1884 307 1925 in
329 1883 532 1924 maximis
557 1882 757 1938 periculis
779 1880 909 1937 hujus
930 1881 1201 1937 urbisffttque
1223 1879 1408 1936 imperii,
1428 1893 1524 1936 gra·
1542 1873 1568 1917 1

79 1941 254 1983 vissimo
276 1950 405 1996 atque
436 1940 713 1982 acerbissimo
733 1938 983 1995 reipubl'icae
1008 1953 1124 1990 casu,
1149 1937 1267 1979 socio
1291 1947 1420 1992 atque
1451 1937 1557 1977 ad-l

71 1998 220 2054 jutore
241 1998 519 2041 consiliorum
542 1997 917 2054 periculorumque
940 2011 1148 2046 meorum,
1174 1996 1222 2036 L.
1248 1994 1419 2045 Flacco,
1441 2009 1526 2035 cae-

78 2057 176 2098 dem
209 2072 233 2098 a
258 2056 396 2107 vobis,
418 2055 696 2111 conjugibus,
728 2054 872 2095 liberis
905 2054 1071 2105 vestris,
1093 2053 1340 2094 vastitatem
1373 2068 1397 2092 a
1420 2061 1530 2092 tem-

78 2113 174 2169 plis,
204 2114 407 2164 delubris,
439 2114 560 2164 urbe,
595 2112 722 2153 Italia
752 2111 1043 2168 depellebam:
1077 2111 1317 2166 sperabam,
1343 2109 1530 2165 judices,

81 2173 92 2200 ¹
120 2171 297 2212 honoris
330 2172 475 2227 potius
509 2170 558 2212 L.
595 2170 738 2211 Flacci
773 2184 841 2210 me
880 2169 1123 2225 adjutorem
1157 2167 1366 2218 futurum,
1400 2181 1531 2222 quam

79 2229 346 2269 miseriarum
378 2228 718 2285 deprecatorem.
780 2227 910 2273 Quod
933 2227 1048 2267 enim
1071 2235 1185 2266 esset-
1215 2225 1442 2281 praemium
1466 2224 1530 2265 di-

81 2287 273 2341 gnitatiS,
309 2282 430 2341 ¹quod
472 2285 657 2342 populus
700 2283 941 2336 Romanus,
979 2298 1080 2325 cum
1121 2283 1252 2337 hujus
1289 2282 1529 2337 maj0ribus

80 2357 247 2400 semper
269 2343 506 2394 detulisset,
528 2343 632 2383 huic
653 2342 911 2398 denegaret:
945 2356 1043 2382 cum
1070 2340 1118 2381 L·.
1138 2341 1317 2381 Flaccus
1343 2348 1530 2380 veterem

80 2400 261 2442 Valeriae
294 2402 435 2456 gentis
465 2400 509 2441 in
542 2399 761 2441 liberanda
783 2399 922 2454 patria
943 2399 1128 2449 laudem,
1151 2412 1286 2454 prope
1316 2397 1530 2452 quingen-

80 2459 233 2499 tesimo
256 2472 370 2499 anno
393 2457 659 2513 reipublicae,
687 2457 928 2498 retulisset?
972 2456 1056 2497 Sed
1089 2455 1123 2496 si
1155 2455 1267 2496 forte
1298 2453 1564 2510 aliquandoss

79 2524 154 2555 aut
186 2515 384 2556 beneficii
405 2515 535 2571 hujus
557 2515 838 2565 obtrectator,
861 2522 936 2554 aut
957 2513 1129 2554 virtutis
1162 2513 1312 2563 hostis,
1335 2522 1408 2552 aut
1440 2511 1530 2551 lau-

80 2572 144 2613 dis
168 2573 360 2614 invidus,
379 2572 641 2614 exstitisset:
674 2571 994 2622 existimabam,
1024 2571 1073 2612 L.
1098 2569 1254 2611 Flacco
1289 2569 1529 2610 multitudi-

125 2721 138 2747 l
165 2719 292 2748 honoris
314 2718 438 2758 pocius]
468 2718 613 2749 Fae'rnus
638 2718 784 2749 malebat
828 2717 930 2748 Male.
952 2727 983 2747 v.
1001 2715 1093 2748 Clav.
1118 2716 1153 2746 in
1171 2715 1205 2746 h.
1224 2726 1256 2746 v.
1301 2715 1395 2746 Unus
1418 2722 1534 2745 consu-

83 2761 252 2798 honorum,
267 2760 353 2799 quod
368 2761 401 2790 in
421 2762 501 2791 Mss.
520 2761 714 2800 quibusdam
736 2762 785 2791 in·
829 2759 918 2790 latus
932 2759 1076 2799 reliquus
1091 2763 1163 2791 erat
1178 2758 1304 2792 Flacco.
1321 2768 1396 2788 nam
1415 2762 1536 2797 praetor

85 2809 217 2832 venerat
230 2814 240 2840 3
259 2813 377 2844 nempe
391 2809 430 2832 ut
444 2803 560 2833 melius
578 2803 788 2844 responderet
830 2807 903 2832 tum
919 2809 1001 2834 erat.

86 2845 316 2874 miseriarum.-
342 2855 402 2877 nec
428 2845 621 2886 displicebat
646 2845 788 2876 Graevio.

149 2900 257 2927 voL.
286 2902 339 2928 ιι.
366 2901 405 2927 P.
433 2902 488 2929 υ.
778 2892 802 2927 ξ’,
828 2900 852 2926 c
