1785 3185
257 117 358 154 1294
849 108 1100 151 ORATIO

264 224 410 258 rentur
442 214 653 273 pecuniae.
713 213 775 258 At
802 230 931 272 quam
960 230 1076 258 caeca
1105 214 1285 256 avaritia
1313 214 1405 258 est?
1438 215 1587 273 Nuper
1605 214 1698 256 fixa

264 273 411 314 tabula
426 283 505 325 est,
527 288 611 329 qua
630 272 825 314 civitates
841 273 1187 329 locupletissimae
1210 272 1479 314 Cretensium
1502 273 1693 327 vectiga-

267 330 380 371 libus
404 330 661 372 liberantur:
694 330 992 385 statuiturque,
1021 344 1072 370 ne
1096 339 1191 384 post
1216 329 1282 369 M.
1307 329 1487 370 Brutum
1512 343 1694 385 procon-

272 387 420 438 sulem,
453 388 508 428 sit
531 387 659 428 Creta
680 387 917 443 provincia.
977 385 1040 426 Tu
1065 387 1219 426 mentis
1241 400 1283 426 cs
1306 389 1507 441 compos?
1540 397 1584 426 tu
1606 399 1697 425 non·

271 444 660 500 constringendus?
692 443 762 484 An
794 442 976 483 Caesaris
1004 442 1174 482 decreto
1204 442 1333 483 Creta
1359 453 1456 499 post
1478 442 1548 483 M.
1569 441 1694 483 Bruti

271 500 494 542 decessum
529 501 671 557 potuit
710 499 895 549 libcrari,
936 513 1033 539 cum
1078 498 1207 539 Creta
1247 498 1349 538 nihil
1393 500 1445 540 ad
1495 500 1694 546 Brutum,

273 556 447 599 Caesare
490 558 603 609 vivo,
651 557 910 612 pertineret?
970 554 1029 594 At
1075 554 1202 609 hujus
1243 555 1488 596 venditione
1534 554 1694 596 decreti

273 618 348 665 (ne
387 615 495 656 nihil
531 624 673 655 actum
719 612 893 668 putetis)
931 611 1193 666 provinciam
1230 610 1402 651 Cretam
1436 611 1695 667 perdidistis.

274 670 467 712 Omnino
498 684 624 711 nemo
648 668 860 709 ulliusrei
895 666 978 707 fuit
1007 677 1158 718 emtor,
1190 668 1258 708 cui
1290 667 1472 709 defuerit
1501 668 1571 709 hic
1593 681 1696 708 ven-

210 738 262 774 98
277 727 403 769 ditor.
467 727 522 768 Et
551 726 604 768 de
633 725 852 766 exsulibus
882 724 1035 780 legem,
1066 739 1191 779 quam
1225 724 1373 776 fixisti,
1407 725 1552 765 Caesar
1574 723 1702 767 tulit?

278 784 448 826 Nullius
467 784 652 826 insector
673 781 983 823 calamitatem:
1008 793 1172 822 tantum
1189 795 1355 836 queror,
1374 782 1558 836 primum
1572 783 1610 812 83
1624 794 1697 821 eo-

276 855 371 883 rum
393 841 552 882 reditus
571 848 778 894 aequatOS,
798 852 979 893 quorum
1000 853 1172 879 causam
1193 838 1441 879 dissimilem
1464 837 1609 879 Caesar
1624 837 1698 892 Ju-

277 897 456 950 dicarit3
486 896 639 938 deinde
661 895 804 935 nescio
826 909 900 935 cur
919 894 1089 950 reliquis
1113 895 1221 936 idem
1246 909 1330 935 non
1355 895 1530 935 tribuas.
1560 907 1699 949 neque

277 955 392 996 enim
434 954 527 1010 plus
567 966 693 1008 quam
738 962 821 991 tres
862 960 935 992 aut
975 962 1157 1006 quatuor
1195 951 1344 1006 reliqui
1382 961 1493 992 sunt.
1553 953 1593 982 84
1608 950 1698 997 Qui

144 1026 177 1060 p.
196 1020 264 1052 179.
278 1010 404 1052 simili
436 1012 480 1052 in
509 1009 752 1052 calamitate
782 1018 894 1059 sunt,
925 1023 1000 1049 cur
1032 1019 1105 1049 tua
1133 1008 1423 1050 misericordia
1452 1007 1579 1049 simili
1610 1021 1698 1048 non

232 1070 263 1092 ⁸·
277 1065 502 1110 fruuntur?
521 1080 596 1109 cur
612 1080 683 1107 eos
701 1068 740 1096 35
755 1065 885 1106 habes
908 1065 951 1106 in
973 1065 1067 1106 loco
1087 1066 1252 1121 patrui?
1274 1065 1325 1106 de
1347 1079 1431 1120 quo
1453 1065 1578 1115 ferre,
1598 1078 1699 1105 cum

277 1125 331 1166 de
352 1124 524 1179 reliquis
546 1123 690 1174 ferres,
714 1121 912 1164 noluisti:
936 1136 1062 1177 quem
1085 1123 1212 1162 etiam
1235 1122 1287 1162 ad
1309 1136 1526 1163 censuram
1552 1132 1700 1177 peten-

278 1182 376 1222 dam
396 1180 619 1237 impulisti,
641 1192 819 1234 eamque
844 1179 1096 1234 petitionem
1116 1179 1389 1234 comparasti,
1410 1193 1505 1234 quae
1528 1188 1570 1219 et
1593 1178 1700 1219 risus

214 1249 265 1284 99
277 1237 517 1289 hominum,
536 1247 579 1279 et
597 1235 786 1292 querelas
807 1244 1013 1276 moveret.
1073 1236 1162 1277 Cur
1183 1243 1324 1275 autem
1346 1250 1396 1277 ea
1416 1234 1592 1276 comitia
1614 1248 1700 1275 non

275 1295 494 1337 habuisti?
525 1309 579 1335 an
607 1294 709 1349 quia
729 1293 924 1333 tribunus
949 1293 1082 1348 plebis
1108 1293 1324 1333 sinistrum
1347 1292 1507 1333 fulmen
1530 1291 1700 1332 nuntia-

276 1353 381 1394 bat?
414 1352 525 1393 Cum
560 1360 634 1392 tua
655 1349 754 1405 quid
777 1349 965 1399 interest,
997 1350 1112 1390 nulla
1133 1348 1326 1405 auspicia
1347 1350 1458 1400 sint;
1482 1363 1578 1389 cum
1604 1358 1699 1388 tuo-

278 1423 388 1459 rum,
420 1418 510 1450 tum
545 1409 601 1449 sis
633 1407 871 1462 religiosus.
933 1407 1078 1453 Quid?
1109 1407 1289 1447 cundem
1322 1406 1364 1446 in
1396 1404 1702 1461 septemviram

274 1480 419 1507 nonne
437 1464 698 1506 destituisti?
722 1463 953 1504 intervenit
973 1464 1101 1504 enim.
1125 1463 1226 1519 quid
1242 1463 1458 1503 metuisti?
1481 1461 1623 1512 (πρᾶο,
1647 1475 1703 1502 ne

272 1523 393 1564 salvo
415 1522 556 1579 capite
582 1535 738 1576 negare
763 1535 848 1561 non
874 1535 1033 1576 posses.
1065 1521 1264 1561 omnibus
1297 1534 1395 1560 eum
1429 1517 1704 1561 contumeliis

277 1580 478 1630 onerasti,
496 1593 622 1634 quem
643 1577 773 1633 patris
795 1577 906 1628 loco,
927 1577 967 1608 86
981 1578 1015 1618 si
1034 1577 1118 1618 ulla
1137 1578 1178 1618 in
1200 1585 1240 1617 te
1262 1577 1398 1632 pietas
1418 1585 1543 1627 esset,
1564 1574 1704 1616 colere

278 1637 479 1678 debebas.
510 1640 548 1669 87
565 1635 695 1676 filiam
716 1634 822 1689 ejus,
842 1648 1029 1675 sororem
1050 1645 1181 1685 tuam,
1203 1633 1383 1689 ejecisti,
1405 1636 1443 1665 88
1457 1633 1539 1674 alia
1556 1631 1705 1674 condi-

280 1693 399 1734 tione
422 1692 603 1748 quaesita
623 1701 666 1733 et
687 1701 786 1732 ante
807 1701 1047 1747 prospecta.
1110 1691 1210 1732 Non
1240 1700 1304 1731 cst
1324 1690 1440 1732 satis,
1471 1689 1617 1745 probri
1640 1688 1706 1729 in·

280 1750 488 1791 simulasti
533 1748 851 1805 pudicissimam
893 1748 1126 1788 faeminam.
1188 1747 1305 1794 Quid
1344 1755 1422 1798 est,
1459 1746 1574 1801 quod
1606 1745 1706 1787 addi

295 1807 443 1848 ›ossit?
475 1816 702 1847 contentus
724 1820 775 1846 eo
798 1819 882 1846 non
912 1804 1046 1846 fuisti.
1078 1804 1424 1859 frequentissimo
1446 1811 1594 1844 senatu
1618 1801 1707 1844 Ka-

278 1821 415 1905 lendis
445 1863 546 1905 Jan.
577 1863 749 1903 sedente
782 1871 948 1918 patruo,
981 1862 1090 1903 lianc
1122 1862 1200 1902 tibi
1232 1875 1321 1901 esse
1352 1876 1450 1902 cum
1483 1859 1710 1901 Dolabella

279 1935 452 1962 causam
470 1920 572 1970 odii,
595 1920 737 1960 dicere
755 1934 880 1960 ausus
899 1933 958 1969 eS,
981 1918 1095 1973 quod
1118 1920 1172 1959 ab
1194 1933 1245 1958 eo
1260 1918 1389 1958 sorori
1414 1928 1457 1958 et
1480 1916 1603 1957 uxori
1620 1924 1705 1957 tuae

280 1988 475 2034 stuprum
499 1976 688 2018 oblatum
713 1990 803 2016 esse
832 1976 1125 2031 comperisses.
1187 1976 1296 2021 Quis
1319 1973 1587 2030 interpretari
1611 1983 1707 2029 pot-

280 2044 358 2085 est,
382 2034 740 2089 impudentiorne,
763 2033 835 2088 qui
860 2033 902 2073 in
923 2043 1085 2082 senatu,
1105 2047 1155 2072 an
1181 2032 1431 2087 improbior,
1453 2030 1524 2085 qui
1550 2030 1593 2070 in
1616 2029 1708 2071 Do-

281 2090 495 2142 labellam,
518 2106 573 2131 an
594 2090 816 2146 impurior,
838 2089 910 2144 qui
933 2099 1052 2146 patre
1071 2089 1284 2140 audiente,
1306 2103 1358 2129 an
1380 2087 1606 2139 crudelior,
1635 2086 1709 2142 qui

322 2222 361 2250 83
383 2229 494 2250 eorum
514 2220 638 2250 reditus
655 2218 852 2259 inquinatos]
877 2218 966 2249 Bene
1007 2223 1046 2250 ut
1065 2218 1172 2249 Guelf.
1193 2219 1221 2248 si
1242 2219 1277 2249 in
1292 2222 1324 2249 te
1338 2227 1370 2248 u.
1386 2227 1421 2257 p.
1436 2227 1463 2248 e.
1489 2215 1564 2247 alii:
1587 2216 1615 2247 si
1639 2217 1711 2246 ulla

280 2261 486 2292 Camerarius
523 2262 658 2300 corrigit
695 2266 852 2300 oeqizatos:
882 2261 969 2299 quod
1004 2271 1040 2302 p.
1056 2263 1090 2292 in
1106 2266 1136 2292 te
1149 2266 1240 2292 esset.

278 2304 449 2343 sequentia
470 2304 649 2343 postulant.
676 2304 799 2333 reditus
819 2303 971 2343 inquina-
1055 2307 1093 2337 87
1105 2304 1223 2343 filiam
1248 2301 1331 2343 ejus,
1355 2310 1496 2332 sororem
1516 2299 1625 2339 tuam]
1652 2299 1710 2330 So·-

280 2349 328 2375 tos
342 2354 438 2375 nemo
450 2345 590 2385 explicet
604 2345 784 2376 commode.
1014 2355 1134 2381 rorem,
1157 2345 1264 2375 intell.
1288 2344 1480 2385 patruelem.
1502 2342 1626 2373 frustra
1639 2342 1712 2380 qui-

325 2389 364 2418 81}
384 2388 438 2426 qui
451 2387 729 2426 simili—fuerint.
745 2396 804 2416 cur
818 2392 878 2418 tna
896 2387 969 2426 &c.]

285 2427 513 2468 Interpunctio
533 2429 603 2459 haec
621 2434 670 2458 est
687 2429 814 2466 vitiosa,
829 2434 863 2460 et
878 2438 974 2467 argu-

282 2471 495 2501 mentationis
522 2470 588 2500 vim
621 2470 721 2500 tollit.
781 2471 975 2511 Interpunxi

281 2517 316 2543 et
333 2512 445 2553 scripsi
460 2512 637 2542 secundum
654 2513 759 2542 Valle.
782 2523 856 2542 cum
881 2513 951 2543 aliis
967 2524 974 2542 :

282 2555 400 2594 reliqui
423 2559 509 2585 sunt.
566 2554 634 2594 ‚Qui
668 2555 767 2584 simili
797 2555 977 2585 calimitate

281 2601 370 2633 cunt,
390 2606 451 2627 cur
463 2601 523 2626 tua
538 2597 597 2625 cve.
632 2596 684 2626 Sic
705 2595 806 2626 edidit
823 2597 979 2626 Faernus.

281 2641 318 2669 in
341 2644 392 2670 est
417 2643 452 2669 et
475 2638 509 2668 in
530 2637 569 2668 L.
592 2636 636 2667 H.
659 2637 734 2668 edd.
759 2648 808 2678 pr.
832 2638 978 2669 Graevius

281 2689 357 2710 cum
373 2679 494 2711 Ursino
509 2679 598 2710 dedit
609 2680 687 2710 sint.

325 2725 364 2752 85
402 2723 499 2752 habes
527 2722 562 2753 in
588 2722 652 2751 loco
673 2721 803 2760 patrui]
844 2723 881 2753 C.
914 2721 981 2751 An-

281 2764 380 2801 tonii,
424 2773 521 2804 quem
555 2763 741 2793 deseruerat
771 2764 804 2793 in
837 2764 978 2801 judicio,

283 2806 318 2837 ln
341 2805 456 2836 exsilio
478 2807 538 2836 Ere.
565 2805 600 2836 in
623 2805 800 2835 honoribus
822 2811 856 2836 et
876 2815 981 2836 sacer-

281 2847 380 2882 dotiis
396 2847 556 2888 petendis,
568 2852 605 2877 ut
622 2857 639 2877 e
654 2847 863 2886 sequentibus
877 2852 981 2888 patet.

1016 2387 1089 2417 dam
1117 2389 1286 2426 corrigunt
1304 2396 1457 2416 uxorem:
1479 2384 1565 2424 quod
1591 2384 1669 2414 satis
1691 2395 1710 2417 e

1017 2430 1114 2459 verbo
1152 2427 1273 2469 ejecisti
1302 2427 1511 2467 intelligitur,
1540 2425 1626 2466 quod
1661 2431 1712 2457 est

1018 2471 1058 2501 de
1072 2471 1225 2501 divortio.

1061 2515 1100 2543 88
1123 2523 1156 2542 α.
1183 2513 1359 2542 condicione
1379 2521 1409 2550 q.
1431 2515 1461 2541 ee
1486 2514 1563 2541 ante
1579 2519 1710 2550 perspe-

1019 2554 1086 2594 cta]
1113 2555 1163 2584 De
1188 2564 1287 2584 uxore
1312 2553 1563 2592 intelligendum
1586 2557 1621 2582 et
1642 2562 1712 2583 ma-

1019 2597 1190 2626 trimonio.
1238 2596 1415 2635 Perspeeta
1438 2604 1504 2624 non
1524 2599 1575 2624 est
1588 2603 1714 2625 verum.

1021 2648 1096 2668 nam
1112 2638 1305 2668 conditiones
1328 2638 1506 2677 perspicere
1526 2645 1654 2675 semper
1678 2635 1714 2666 in

1023 2680 1145 2710 malam
1182 2685 1216 2710 et
1259 2679 1379 2710 foedam
1417 2682 1542 2719 partem
1582 2677 1714 2708 dicitur.

1022 2721 1124 2752 Recte
1169 2722 1317 2752 Graevius
1357 2721 1491 2759 corrigit
1533 2723 1715 2759 prospecta.

1023 2763 1259 2803 Compendium
1313 2763 1549 2803 praepositionis
1597 2761 1716 2791 vitium

1023 2806 1160 2845 peperit,
1191 2810 1229 2835 ut
1250 2805 1336 2835 alibi.
1382 2803 1590 2836 confusionis
1607 2803 1642 2833 in
1664 2802 1716 2833 his

1026 2847 1129 2878 verbis
1152 2848 1300 2887 exempla
1315 2847 1380 2879 vid.
1405 2857 1458 2889 ap.
1479 2845 1649 2879 Drakenh,
1673 2842 1718 2876 ιδ

322 2890 364 2921 86
385 2891 412 2920 ει·
434 2891 506 2920 ulla
532 2890 568 2920 in
592 2893 624 2921 ee
644 2890 753 2932 pietas
779 2890 874 2932 essee]
904 2890 987 2931 Alii,
1027 2889 1100 2922 Liv.
1111 2889 1153 2921 T.
1169 2889 1231 2921 111.
1246 2900 1276 2931 p.
1293 2891 1363 2922 536.
