1769 3174
578 90 694 128 PRO
721 90 780 128 M.
805 89 1017 128 COELIO.
1421 93 1517 128 1051

84 207 232 234 narum
257 195 460 236 sanctitas
485 193 687 251 postulat,
711 193 999 234 nominamus.
1032 193 1112 243 sin,
1145 193 1228 234 ista
1250 194 1427 236 muliere
1458 209 1523 236 re-

84 260 216 301 mota,
248 266 326 293 nec
355 252 516 293 crimen
550 250 694 301 ullum,
726 264 805 291 nec
832 264 935 305 opes
971 249 1023 289 ad
1048 252 1390 305 oppugnandum
1416 252 1522 293 Coe-

84 306 186 347 lium
211 307 291 348 illis
312 309 628 372 relinquentur3
659 307 761 362 quid
784 316 849 347 est
870 306 1000 357 aliud,
1022 306 1137 360 quod
1161 321 1238 347 nos
1267 309 1434 362 patroni
1459 309 1522 350 fa-

84 377 179 404 cere
207 365 453 416 debeamus,
487 380 567 406 nist
607 374 653 405 ut
690 378 778 415 eos,
818 363 891 418 qui
927 364 1207 413 insectantur,
1241 365 1522 419 repellamus?

84 420 198 475 quod
221 423 395 476 quidem
418 423 601 464 facerem
625 421 934 471 vehementius,
958 420 1039 460 nisi
1072 419 1384 461 intercederent
1415 423 1521 463 mihi

83 477 323 521 inimicitiae
355 494 454 521 cum
485 480 606 520 istius
639 478 828 519 mulieris
860 477 973 519 viro:
1011 477 1185 517 fratrem
1210 477 1325 517 volui
1354 478 1519 521 dicere:

85 549 251 591 semper
281 536 352 577 hic
383 551 491 577 erro.
522 551 636 577 nunc
666 550 791 591 agam
825 535 1008 584 modice,
1039 549 1119 574 nec
1143 534 1314 590 longius
1347 549 1522 591 progre-

85 591 192 643 diar,
214 607 341 648 quam
371 609 439 634 me
469 608 565 635 mea
588 593 706 643 fides,
729 602 772 633 et
801 607 930 633 causa
951 592 1044 647 ipsa
1064 602 1207 647 coget.
1237 606 1375 656 neque
1406 592 1519 633 enim

85 648 313 691 muliebres
337 665 537 706 umquam
569 650 814 691 inimicitias
847 649 951 689 mihi
983 650 1190 704 gerendas
1223 649 1388 705 putavi,
1412 664 1523 705 prae-

86 707 228 747 sertim
260 722 357 748 cum
380 722 444 759 ea,
466 723 595 762 quam
627 720 774 748 omnes
808 720 974 761 semper
1003 706 1186 746 amicam
1217 720 1411 747 omnium
1445 721 1523 762 po-

84 762 183 814 tius,
205 767 309 820 53qu
315 780 380 805 arn
405 779 660 828 cujusquam
692 763 912 804 inimicam
935 773 1208 818 puta·.ve1unt
1271 763 1353 804 Sed
1378 772 1520 805 tamen
1538 756 1605 804 14

85 833 137 860 ex
163 821 254 876 ipsa
275 836 462 877 quaeram
487 837 618 878 prius,
637 831 779 862 utrum
802 834 870 860 me
899 834 1043 861 secum
1067 834 1224 871 sciere,
1246 829 1289 861 et
1320 821 1583 876 graviter-,38

85 887 128 917 et
149 880 190 908 5⁴
204 879 374 934 prisce
362 893 488 935 agere
513 878 647 929 malit,
670 892 724 918 an
761 878 934 918 remisse
967 892 1016 918 ac
1038 876 1190 918 leniter
1211 886 1255 917 et
1279 879 1453 919 urbane.
1488 879 1522 919 si

85 933 157 974 illo
179 945 348 976 austero
371 949 489 976 more
511 950 560 976 ac
583 935 738 976 modo:
764 934 917 989 aliquis
942 934 1047 974 mihi
1080 935 1134 975 ab
1158 934 1305 975 inferis
1327 936 1525 977 excitan-

84 992 163 1032 dus
185 1001 263 1043 est,
285 1007 340 1033 ex
364 993 552 1033 barbatis
578 993 673 1044 illis,
695 1006 781 1032 non
814 992 894 1033 hac
916 991 1109 1042 barbula,
1131 1006 1216 1046 qua
1239 992 1320 1032 ista
1340 993 1526 1034 delecta-

87 1058 181 1091 tur:
206 1049 278 1090 sed
301 1049 372 1090 illa
394 1049 580 1100 horrida,
603 1063 731 1105 quam
754 1049 797 1090 iu
819 1060 868 1089 st·
861 1049 971 1090 atuis
993 1048 1181 1104 antiquis
1197 1058 1240 1089 et
1263 1049 1526 1106 imaginibus

87 1105 304 1148 videmus:
336 1108 410 1161 qui
441 1107 646 1163 objurget
678 1105 896 1147 mulierieu
886 1138 913 1157 ,
945 1114 988 1146 et
1022 1120 1099 1161 pro
1128 1120 1197 1146 me
1229 1085 1443 1162 loquatur,
1475 1123 1528 1148 ne

87 1162 170 1204 ista
191 1163 296 1204 mihi
319 1163 430 1205 forte
458 1173 721 1206 succenseat.
784 1162 976 1204 Exsistat
1007 1163 1140 1218 igitur
1160 1177 1215 1204 cx
1249 1164 1359 1205 hac
1350 1179 1444 1221 ipsa
1465 1164 1529 1206 fa·

87 1219 207 1261 milia
235 1221 416 1276 aliquis3
446 1236 496 1262 ac
534 1221 806 1286 potissimum
841 1219 997 1261 Caecus
1032 1220 1114 1261 ille.
1153 1221 1380 1262 minimum
1412 1223 1528 1263 enim

87 1276 278 1318 dolorem
301 1279 457 1334 capiet,
478 1293 552 1333 qui
586 1279 712 1319 istam
746 1293 829 1318 non
855 1278 1034 1318 xidebit.
1064 1277 1138 1332 qui
1162 1278 1371 1346 proiecto
1396 1280 1428 1319 si
1452 1294 1528 1320 ex-

87 1334 259 1385 stiterit,
284 1350 344 1376 stc
366 1345 480 1392 aget,
502 1348 545 1376 et
569 1336 630 1376 sic
651 1335 873 1390 loquetur:
908 1334 1068 1375 Mulier
1072 1350 1175 1390 ,qui
1202 1336 1279 1376 tibi
1301 1351 1398 1377 cum
1421 1336 1526 1378 Coe-

88 1391 173 1433 lio?
204 1392 306 1447 qnid
344 1407 444 1433 cum
484 1392 657 1433 bomine
700 1392 1046 1433 adolescentulo?
1081 1393 1185 1446 quid
1221 1408 1319 1434 cum
1357 1393 1526 1437 alieno?

87 1459 268 1490 curant
299 1460 383 1490 tam
417 1449 638 1491 funiliaris
669 1449 770 1491 huic
800 1449 935 1500 fuisti,
961 1460 1008 1490 ut
1038 1464 1186 1490 aurum
1213 1451 1526 1503 commodares,

88 1515 163 1546 aut
195 1516 280 1546 tam
312 1507 501 1557 inimica,
534 1518 580 1548 ut
613 1522 820 1548 venenum
857 1507 1054 1548 timeres?
1087 1521 1172 1547 non
1208 1518 1370 1563 patrem
1403 1519 1524 1549 tuum

90 1563 282 1605 videras?
313 1578 396 1604 non
425 1574 638 1619 patruum,
662 1578 748 1605 non
772 1579 914 1615 avum,
937 1578 1159 1620 proavum,
1183 1576 1356 1606 atavum
1380 1566 1525 1607 audie-

88 1635 154 1661 ras
176 1620 370 1661 consules
401 1621 560 1663 fuisse?
593 1636 676 1662 non
706 1622 890 1677 denique
923 1622 1052 1662 modo
1076 1631 1117 1661 te
1151 1622 1208 1668 Q.
1232 1621 1401 1663 Metelli
1434 1634 1588 1667 ma-34

89 1678 339 1718 trimonium
363 1679 548 1719 tenuisse
571 1679 751 1730 sciebas,
772 1679 996 1720 clarissimi
1019 1694 1068 1719 ac
1101 1679 1323 1720 fortissimi
1349 1681 1427 1720 xiri
1451 1696 1525 1736 pa-

90 1736 302 1790 triaque‹
291 1749 357 1776 am
362 1736 601 1777 antissimi?
632 1737 706 1792 qui
738 1736 915 1777 simulac
948 1736 1099 1791 pedem
1129 1735 1274 1777 limine
1295 1738 1524 1789 extuler,at

88 1807 237 1833 omnes
268 1807 401 1849 prope
420 1793 535 1834 cives
558 1794 730 1845 virtute,
753 1794 904 1849 g·loria‚
925 1793 1138 1849 dignitate
1169 1795 1422 1850 superabat?
1453 1796 1522 1836 cui

87 1864 186 1891 cum
210 1865 263 1891 ex
286 1849 597 1906 amplissimoo
573 1865 726 1891 venere
748 1851 790 1891 in
814 1849 1021 1892 familiam
1043 1850 1337 1902 clarissimam,
1357 1853 1525 1909 nupsis-
1537 1855 1568 1886 b-

89 1922 168 1958 ses,
189 1922 264 1948 cur
290 1907 367 1947 tibi
389 1906 555 1949 Coelius
579 1919 665 1948 tam
687 1909 946 1963 conjunctus
966 1907 1071 1950 fuit?
1097 1911 1135 1939 55
1152 1907 1400 1964 Cognatus?
1431 1910 1525 1951 affi-

88 1964 182 2007 nis?
216 1964 294 2005 viri
325 1964 386 2004 tui
418 1964 665 2007 familiaris?
697 1965 805 2006 nihil
833 1965 1001 2006 horum.
1033 1965 1137 2021 quid
1169 1966 1301 2022 igitur
1323 1967 1419 2018 fuit,
1440 1968 1522 2008 nisi

87 2021 286 2077 quaedam
310 2022 525 2062 temeritas
547 2037 596 2063 ac
618 2022 776 2064 libido.
770 2025 782 2053 Ρ
814 2037 955 2063 nonne
977 2032 1035 2072 te,
1066 2037 1100 2063 5ι
1123 2034 1281 2064 nostiae
1313 2025 1524 2081 imagines

87 2078 229 2120 viriles
252 2094 336 2120 non
361 2079 709 2129 commovebant,
739 2095 793 2120 ne
823 2081 863 2111 56
875 2080 1101 2135 progenies
1129 2080 1303 2135 quidem
1334 2096 1444 2134 mea,
1466 2083 1524 2129 Q.

87 2136 158 2177 illa
174 2135 378 2186 Claudia,
403 2136 603 2177 aemulam
635 2137 883 2178 domesticae
916 2136 1053 2178 laudis
1083 2137 1125 2177 in
1159 2137 1295 2193 gloria
1326 2139 1524 2181 muliebri

86 2208 177 2235 esse
209 2193 496 2235 admonebat?
529 2208 615 2234 non
647 2195 769 2250 xssiigo
803 2194 873 2234 illa
898 2194 1078 2234 Vestalis
1103 2194 1298 2247 Claudia,
1321 2211 1417 2251 quae
1453 2213 1528 2253 pa-

90 2261 193 2292 trem
218 2249 446 2306 complexa
469 2238 821 2306 triumphantem,
845 2252 930 2292 ab
922 2251 1098 2292 mimico
1119 2252 1292 2294 tribuno
1316 2253 1453 2309 plebis
1475 2254 1529 2296 de

88 2322 213 2350 curru
235 2306 401 2349 detrahi
435 2322 560 2364 passa
589 2323 676 2349 non
704 2318 791 2350 est.
785 2311 796 2338 Ρ
841 2308 930 2350 Cur
961 2318 1002 2350 te
1032 2308 1220 2350 fraterna
1241 2310 1347 2352 vitia
1368 2312 1527 2367 potiuS,

130 2461 168 2491 53
177 2468 277 2499 quam
289 2458 484 2500 cujusquam
495 2458 679 2498 inimicam]
693 2458 785 2489 Grae-
827 2459 963 2490 cedebat
985 2460 1072 2491 idem
1091 2461 1227 2491 verbum
1239 2474 1247 2490 ι
1272 2461 1308 2491 in
1322 2471 1387 2501 qua
1409 2462 1528 2502 repeti-

87 2501 158 2532 vius
178 2501 322 2532 malebat
336 2512 353 2532 e
369 2502 434 2532 Ms.
450 2502 520 2533 Erf.
536 2503 700 2542 cuiquam.
731 2501 786 2532 Ci—
827 2502 919 2532 tione
934 2512 1019 2543 saepe
1033 2502 1175 2534 alterum
1190 2503 1347 2534 omissum
1362 2509 1425 2540 est,
1441 2504 1528 2542 qnod

88 2554 163 2575 cero
184 2543 435 2574 similitudinem
458 2543 713 2574 constructionis
737 2554 784 2574 se·
829 2553 920 2574 more
943 2546 1078 2584 antiquo
1095 2545 1195 2576 semel
1210 2551 1344 2576 tantum
1366 2546 1527 2576 scribeba-

88 2591 184 2617 cutus
198 2590 266 2616 est:
291 2592 369 2616 ante
392 2592 442 2616 est
461 2588 606 2616 (amicam
621 2587 788 2616 omm'um:
830 2591 896 2617 tur.
940 2587 994 2618 Sic
1016 2592 1128 2618 autem
1155 2587 1329 2627 legendum
1354 2598 1435 2624 esse,
1462 2588 1530 2618 cla-

89 2628 124 2658 in
146 2637 210 2667 qua
226 2632 278 2658 est
300 2638 403 2668 genus
425 2628 599 2669 elegantiae
622 2629 688 2658 sive
712 2637 789 2658 con-
832 2638 905 2659 rum
931 2634 982 2659 est
1006 2639 1044 2659 ex
1067 2640 1106 2660 eo
1131 2629 1219 2669 quod
1245 2630 1411 2669 sequitur:
1436 2629 1531 2670 ‚Quid

91 2670 273 2700 cinnitatis.
830 2670 1017 2711 igilurfuit
1029 2673 1045 2701 ?

133 2710 173 2743 54
189 2713 296 2751 prisce
318 2712 430 2752 agere]
455 2712 644 2753 Opponitur
666 2715 708 2753 τῷ
730 2723 787 2743 nr·
873 2713 913 2743 56
928 2714 1101 2752 progenies
1115 2723 1201 2749 mea,
1224 2713 1268 2754 ρ.
1291 2714 1352 2743 illa
1372 2713 1528 2753 Claudia]

91 2753 183 2784 bane.
197 2763 227 2783 v.
243 2754 334 2785 Clav.
832 2755 949 2794 Neptis
982 2756 1078 2796 Appii
1106 2756 1193 2786 Caeci
1219 2756 1302 2786 fuit:
1338 2754 1377 2785 de
1403 2766 1467 2794 qua
1498 2766 1527 2786 v.

134 2798 173 2827 55
203 2795 366 2834 Cognatas
378 2796 408 2835 ?]
441 2797 547 2827 Puto:
565 2795 642 2836 fuit
669 2807 789 2837 cogna-
832 2797 924 2828 Clav.
954 2802 991 2827 ut
1018 2805 1064 2834 et,
1095 2797 1258 2836 quomodo
1286 2797 1414 2838 Quinta
1445 2797 1531 2829 dica-

92 2839 173 2868 tus?
194 2837 359 2868 emissum
374 2838 594 2878 videturjitir,
611 2840 686 2877 quia
707 2849 790 2880 prae-
832 2844 899 2869 tur.
