1785 3185
528 127 884 167 PHILIPPICA
911 128 1160 168 OCTAVA,
1468 132 1567 168 1363

124 229 201 272 filii
230 229 505 272 consulares?
566 229 616 270 P.
641 229 888 281 Lentulum,
910 232 950 262 29
964 231 1205 287 principem
1237 239 1423 284 senatuS,
1446 247 1565 274 corn-

120 287 261 343 plures
297 286 402 328 alios
444 300 633 327 summos
671 287 800 338 viros,
822 287 896 342 qui
937 302 1036 328 cum
1082 288 1131 328 L.
1167 288 1346 344 Opimio
1389 290 1565 331 consule

124 344 276 385 armati
316 343 562 386 Gracchum
604 344 645 385 in
679 343 945 385 Aventinum
986 345 1195 399 persecuti
1234 349 1364 389 sunt?
1395 361 1482 402 quo
1521 347 1562 387 in

119 400 278 457 proelio
303 400 508 442 Lentulus
530 415 660 457 grave
678 400 831 443 vulnus
853 402 1042 457 accepit:
1067 400 1319 443 interfectus
1340 414 1405 443 est
1428 404 1567 445 Grac-

118 457 240 510 chus,
270 465 314 498 et
348 456 416 499 M.
442 457 618 499 Fulvius
648 458 898 510 consularis,
929 459 1109 514 ejusque
1139 458 1225 499 duo
1256 459 1694 508 adolescentulip.217.

118 514 210 556 filii.
272 514 339 555 Illi
379 515 514 571 igitur
546 515 627 556 viri
661 516 948 571 vituperandi.
986 530 1073 557 non
1108 516 1222 556 enim
1258 517 1373 557 cives
1412 521 1606 559 omnesa·

117 571 257 613 salvos
287 586 379 613 esse
402 572 643 613 voluerunt.
702 572 770 614 Ad
804 574 1007 629 propiora
1029 573 1264 613 veniamus.
1327 572 1378 614 C.
1399 569 1606 626 Mario,5

117 628 167 670 L.
190 628 378 680 Valerio,
411 629 675 680 consulibus,
699 639 871 671 senatus
906 629 1214 686 rempublicam
1247 629 1558 672 defendendam
1577 640 1622 674 15

114 685 260 728 dedit:
295 687 343 728 L.
367 687 626 728 Saturninus
663 687 859 728 tribunus
897 687 1047 743 plebis,
1073 686 1258 728 Glaucia
1291 696 1463 743 praetor‚
1497 697 1563 730 est

112 741 381 785 interfectus.
414 758 562 785 omnes
593 743 666 785 illo
696 745 765 785 die
789 744 954 795 Scauri,
980 743 1165 795 Metelli,
1190 743 1377 796 Claudii,
1401 744 1562 797 Catuli,

112 799 338 852 Scaevolae,
363 800 522 852 Crassi,
544 815 662 842 arma
695 810 952 842 sumserunt.
982 815 1085 842 num
1117 810 1190 841 aut
1222 801 1418 842 consules
1452 802 1562 853 illos,

111 868 187 899 aut
216 857 473 899 clarissimos
497 857 610 899 viros
645 859 949 915 vituperandos
981 861 1136 914 putas?
1198 857 1294 914 Ego
1327 858 1561 901 Catilinam

102 916 248 970 perire
280 915 410 957 volui.
434 929 538 955 num
570 924 632 966 tu,
654 917 727 971 qui
759 930 908 957 omnes
940 918 1078 956 salvos
1102 915 1180 966 vis,
1214 915 1447 957 Catilinam
1480 917 1560 958 sal-

107 985 210 1013 vum
233 987 324 1013 esse
348 971 519 1013 voluisti
542 975 555 1014 ?
617 972 717 1014 Hoc
749 973 941 1024 interest,
966 972 1139 1024 Calene,
1168 973 1281 1014 inter
1303 987 1441 1014 meam
1465 988 1560 1015 sen-

106 1030 302 1081 tentiam,
324 1037 369 1070 et
406 1039 556 1072 tuam:
588 1032 629 1060 23
643 1045 726 1086 ego
761 1031 861 1071 nolo
885 1044 1145 1086 quemquam
1183 1030 1322 1071 civem
1356 1031 1558 1073 commit-

106 1090 208 1138 tere,
231 1095 280 1128 ut
301 1096 441 1128 morte
472 1087 720 1129 multandus
754 1088 833 1129 sit:
868 1096 930 1136 tu,
952 1088 1120 1128 etiamsi
1151 1088 1431 1144 commiserit,
1453 1103 1558 1129 con·

105 1144 363 1186 servandum
395 1153 536 1201 putas.
597 1143 649 1186 In
681 1159 862 1201 corpore
894 1145 926 1185 si
959 1145 1063 1199 quid
1094 1144 1307 1199 ejusmodi
1339 1156 1418 1197 est,
1440 1145 1556 1201 quod

102 1200 269 1257 reliquo
300 1202 472 1258 corpori
504 1211 674 1254 noceat,
697 1203 763 1243 uri
784 1205 826 1234 24
841 1203 1061 1258 secarique
1092 1201 1309 1258 patimur3
1344 1212 1390 1243 ut
1420 1217 1557 1244 mem-

102 1258 279 1301 brorum
301 1259 476 1315 aliquod
499 1259 658 1315 potius,
681 1274 810 1316 quam
836 1268 974 1301 totum
999 1273 1154 1315 corpus
1184 1259 1393 1302 intereat:
1426 1259 1487 1301 sic
1509 1261 1554 1301 in

100 1316 352 1372 reipublicae
375 1331 570 1373 corpore,
595 1325 641 1358 ut
660 1326 801 1358 totum
825 1317 989 1358 salvum
1014 1316 1083 1369 sit,
1101 1316 1309 1372 quidquid
1333 1327 1399 1358 est
1419 1317 1552 1373 pesti-

97 1371 252 1425 ferum,
274 1383 537 1430 amputetur.
600 1373 722 1416 Dura
744 1389 845 1415 vox.
869 1374 1006 1415 multo
1028 1373 1098 1415 illa
1120 1373 1291 1416 durior:
1325 1374 1440 1416 Salvi
1464 1374 1549 1417 sint
1563 1387 1611 1424 16

98 1429 303 1487 improbi,
347 1431 555 1481 scelerati,
594 1432 748 1489 impii:
793 1431 1016 1473 deleantur
1056 1431 1322 1482 innocentes,
1362 1432 1549 1484 honesti,

96 1488 217 1536 boni,
242 1497 333 1530 tota
364 1487 621 1545 respublica.
684 1488 783 1530 Uno
817 1491 862 1531 in
899 1488 1087 1540 homine,
1112 1489 1169 1535 Q.
1195 1488 1306 1539 Fufi,
1336 1489 1474 1530 fateor
1507 1501 1550 1531 te

95 1545 255 1587 vidisse
278 1546 387 1602 pluS‚
409 1559 539 1601 quam
566 1560 649 1587 me.
713 1545 808 1603 Ego
842 1547 893 1588 P.
918 1545 1121 1587 Clodium
1145 1545 1386 1586 arbitrabar
1408 1548 1551 1602 perni-

94 1603 261 1644 ciosum
298 1604 454 1655 civem,
486 1603 754 1656 sceleratum,
781 1604 1078 1654 libidinosum,
1102 1603 1300 1659 impium,
1323 1604 1548 1656 audacem,

92 1659 412 1702 facinorosum:
447 1669 491 1701 tu
532 1670 684 1702 contra
721 1670 935 1712 sanctum,
970 1669 1299 1717 temperantem,
1341 1662 1547 1702 innocen-

92 1725 195 1769 tem,
210 1718 468 1768 modestum,
483 1718 752 1759 retinendum
773 1719 928 1770 civem,
943 1729 986 1759 et
1007 1718 1263 1774 optandum.
1282 1719 1323 1758 in
1349 1718 1432 1759 hoc
1456 1734 1542 1760 uno

91 1782 134 1815 te
155 1775 388 1832 plurimum
412 1775 582 1827 vidisse,
606 1775 790 1817 multum
811 1791 881 1817 me
908 1790 1069 1816 errasse
1099 1775 1308 1817 concedo.
1369 1777 1410 1807 ‘25
1426 1775 1541 1818 Nam

88 1833 203 1887 quod
237 1846 305 1873 me
338 1845 480 1874 tecum
511 1833 714 1874 iracunde
745 1848 871 1890 agere
894 1833 1045 1874 dixisti
1073 1832 1232 1874 solere:
1265 1847 1351 1873 non
1377 1843 1440 1874 est
1463 1833 1538 1876 ita.

87 1889 364 1931 vehementer
386 1905 455 1930 me
478 1904 605 1946 agere
626 1889 779 1942 fateor,
802 1890 1005 1941 iracunde
1027 1905 1155 1947 nego.
1195 1889 1387 1931 Omnino
1411 1890 1535 1932 irasci
1576 1890 1579 1893 ’

87 1947 240 1989 amicis
270 1961 357 1988 non
389 1955 548 1988 temere
579 1947 720 2000 sole03
752 1962 806 1989 ne
832 1948 867 1989 si
890 1956 1108 1989 merentur
1129 1947 1319 2003 quidem.
1381 1946 1535 2003 Itaque
1549 1969 1599 2009 17

87 2004 180 2045 sine
199 2005 426 2045 verborum
445 2004 709 2045 contumelia
729 2020 754 2045 a
772 2017 814 2046 te
832 2005 1057 2046 dissentire
1079 2019 1270 2061 possum,
1286 2005 1378 2045 sine
1401 2005 1532 2046 animi

85 2075 256 2102 summo
279 2061 426 2102 dolore
448 2076 542 2116 non·
559 2077 747 2117 possum.
771 2077 903 2119 parva
924 2071 989 2103 est
1009 2062 1124 2102 enim
1149 2061 1256 2103 mihi
1282 2071 1441 2114 tecum,
1457 2072 1532 2104 aut
1544 2074 1577 2106 b.

117 2133 218 2160 arva
251 2118 303 2159 de
336 2133 380 2159 re
416 2119 653 2161 dissensio?
684 2134 767 2175 ego
801 2120 902 2161 huic
942 2118 1142 2160 videlicet
1178 2118 1318 2170 faveo,
1355 2130 1400 2159 tu
1439 2119 1531 2162 illi?

110 2190 226 2217 mmo
246 2190 346 2217 vero
368 2190 450 2231 ego
471 2175 529 2217 D.
549 2176 686 2217 Bruto
710 2177 850 2228 faveo,
871 2186 916 2218 tu
937 2175 1005 2218 M.
1022 2175 1217 2217 Antonio
1238 2192 1246 2217 :
1270 2190 1352 2232 ego
1374 2176 1530 2217 26con-

28 2243 30 2245 “
79 2233 237 2275 servari
270 2233 485 2275 coloniam
516 2233 665 2290 populi
698 2233 886 2275 Romani
917 2234 1064 2289 cupio,
1085 2242 1132 2274 tu
1163 2232 1406 2290 expugnari
1438 2243 1528 2274 stu-

78 2290 168 2332 des.
228 2289 300 2332 An
330 2290 414 2332 hoc
443 2304 602 2347 negare
632 2299 784 2347 potes:
816 2291 890 2347 qui
922 2305 1070 2332 omnes
1102 2289 1243 2331 moras
1269 2286 1575 2346 interponis,6

76 2348 235 2408 quibus
257 2347 499 2390 infirmetur
521 2347 697 2401 Brutus,
719 2349 870 2390 melior
891 2348 968 2390 fiat
988 2347 1236 2390 Antonius?
1284 2348 1524 2404 Quousque

116 2497 158 2527 22
167 2495 352 2536 principem
365 2493 511 2535 senatus]
526 2494 630 2526 Recte
644 2494 690 2525 sic
698 2494 780 2526 vat.
823 2498 914 2526 ctore
929 2493 1037 2526 Vatic.
1053 2494 1141 2535 quod
1163 2493 1312 2525 latinitas
1335 2497 1368 2524 et
1391 2496 1525 2524 senten·

68 2538 254 2578 principem
270 2541 464 2576 senatorem,
481 2537 567 2577 quod
590 2541 641 2568 est
655 2538 690 2568 in
709 2536 782 2568 aliis
823 2538 871 2568 tia
887 2537 1044 2577 postulat.

75 2580 156 2611 Mss.
170 2584 205 2610 et
220 2579 294 2611 edd.
312 2589 379 2610 non
395 2580 511 2611 dicunt
526 2579 650 2610 Latini.
862 2580 903 2611 26
925 2577 1356 2618 conservari—expugnari]
1391 2577 1444 2607 Sic
1471 2583 1522 2608 et-

116 2624 158 2653 23
180 2632 239 2661 ego
263 2624 334 2653 nolo
356 2632 550 2663 quemquam
578 2632 606 2652 c.
629 2620 675 2662 ᾳ]
707 2621 772 2653 Ms.
817 2621 883 2652 iam
906 2622 976 2652 sine
998 2621 1089 2652 libris
1112 2620 1203 2651 locus
1225 2619 1344 2658 corrigi
1368 2619 1518 2651 debebat.

74 2663 186 2706 Huyd.
213 2665 400 2705 quicquam,
426 2674 494 2695 non
522 2665 616 2695 bene.
659 2664 773 2696 Latini
816 2664 870 2694 Sic
897 2668 970 2694 erat
994 2664 1028 2695 in
1056 2663 1133 2694 Vat.
1178 2661 1218 2695 In
1248 2662 1311 2691 Gu.
1339 2666 1389 2691 est
1416 2670 1518 2701 expu-

72 2706 156 2738 bene
171 2708 374 2738 committere
386 2706 581 2748 simpliciter
596 2706 724 2737 dicunt.
813 2706 930 2744 gnari,
945 2705 1000 2736 sed
1016 2713 1216 2738 conservare.
1246 2703 1391 2733 Verbum
1406 2704 1517 2735 studes

114 2752 156 2779 24
177 2750 343 2790 secarique
365 2749 534 2789 patimur]
566 2749 646 2780 Mss.
673 2747 767 2780 Leid.
812 2748 942 2779 videtur
957 2748 1083 2785 fecisse,
1096 2750 1137 2777 ut
1151 2750 1308 2788 putarent
1321 2755 1516 2785 expugnare

72 2790 118 2822 H.
141 2791 372 2832 interponunt,
392 2801 432 2821 ne
453 2796 579 2830 noceat,
604 2791 659 2823 alii
685 2791 772 2831 quod
811 2789 1017 2821 scribendum
1040 2799 1121 2822 esse.
1167 2788 1248 2822 Mox
1268 2793 1303 2819 et
1321 2788 1406 2819 dices
1426 2787 1512 2823 edidi

69 2838 192 2865 noceat.
209 2839 260 2864 est
274 2844 294 2864 a
306 2833 498 2873 glossatore.
809 2843 870 2873 pro
886 2833 974 2864 dicis.

110 2877 151 2908 25
174 2876 269 2910 Nam
283 2876 370 2919 quod
382 2875 448 2917 me]
473 2875 574 2918 ‚Quod
586 2874 692 2908 addidi
709 2885 798 2962 aix-T
820 2921 848 2960 4
