1785 3185
238 89 341 130 1³80
810 84 1057 126 ORATIO

237 189 487 246 conscripti,
509 188 544 230 si
576 188 644 231 Μ.
667 189 849 232 Brutum
877 190 1145 231 deserueritis
1166 198 1209 232 et
1230 190 1523 256 ρτοᾶίἀειὶῐίῌε,
1537 205 1665 256 quem

238 249 411 290 tandem
435 248 574 288 civem
595 261 796 302 umquam
822 248 1057 290 ornabitis?
1089 248 1156 289 cui
1189 247 1416 290 favebitis?
1447 249 1527 290 nisi
1558 249 1669 290 torte

240 318 328 356 eos,
362 304 436 359 qui
471 303 666 345 diadema
706 306 1001 360 imposuerint,
1036 306 1379 356 conservandos;
1417 319 1505 358 eos,
1546 307 1668 360 laqui

240 361 362 417 regni
397 375 552 402 nomen
591 362 851 410 sustulerint,
884 361 1136 401 deserendos
1173 362 1346 416 putatis.
1405 362 1470 403 Ac
1506 361 1559 402 de
1589 362 1670 403 hac

241 418 417 482 quid-em
438 417 584 458 divina
605 430 731 473 atque
755 392 983 458 immortali
1006 417 1128 458 laude
1153 418 1218 458 M.
1240 418 1362 458 Bruti
1385 419 1542 459 silebo:
1574 432 1670 472 quae

242 475 488 539 gratissima
517 476 724 516 memoria
756 473 947 515 omnium
981 474 1139 514 civium
1174 474 1350 523 inclusa,
1372 476 1561 516 nondum
1596 489 1674 538 pu-

244 532 360 574 blica
391 532 645 573 auctoritate
679 539 834 572 testata
866 538 944 571 est.
1008 530 1295 571 ¹9lanta1nnc
1327 532 1594 585 patientiam,
1615 531 1675 572 dii
1703 537 1711 542 '

245 588 373 630 boni!
407 597 571 629 tantam
605 588 956 637 moderationem,
981 594 1143 628 tantam
1176 587 1220 628 in
1252 587 1407 642 injuria
1440 588 1676 643 tranquilli-

246 655 378 688 tatem
409 655 453 686 et
483 645 764 686 modestiam?
795 643 868 698 qui
899 658 996 684 cum
1031 653 1187 699 praetor
1218 645 1403 684 urbanus
1427 655 1551 695 esset,
1573 646 1681 686 urbe

247 704 400 753 caruit,
424 702 498 757 jus
529 716 615 742 non
646 701 773 751 dixit,
794 715 891 741 cum
923 714 1050 742 omne
1073 715 1146 755 Jus
1178 700 1324 758 populi
1349 700 1533 742 Romani
1557 715 1677 742 recu-

245 769 461 824 perasset:
494 772 677 813 cumque
706 771 916 798 concursu
947 758 1199 812 quotidiano
1232 759 1440 798 bonorum
1472 758 1679 808 omnium,

249 817 322 872 qui
360 815 620 856 admirabilis
654 814 708 855 ad
747 828 844 855 eum
883 814 973 855 fieri
1010 813 1187 866 solebat,
1223 815 1506 871 praesidioque
1541 814 1678 855 Italiae

250 881 420 915 cunctae
440 880 584 928 septus
607 880 750 927 posset
769 885 875 921 esse,
892 872 1043 912 absens
1059 871 1228 927 judicio
1251 872 1459 912 bonorum
1481 871 1679 912 defensus

251 944 343 971 esse
373 930 537 979 maluit,
560 943 686 984 quam
719 943 904 984 praesens
935 942 1092 970 manu:
1124 929 1196 983 qui
1225 943 1277 969 nc
1298 928 1565 984 Apollinares
1587 927 1683 983 qui-

254 988 350 1028 dem
372 986 509 1036 ludos,
531 999 608 1041 pio
632 1000 707 1026 sua
731 984 962 1040 populique
986 984 1169 1026 Romani
1200 985 1411 1041 dignitate
1442 994 1685 1050 apparatos,

255 1058 444 1101 praesens
466 1042 583 1091 fecit,
607 1055 809 1097 nequam
832 1043 944 1083 viam
976 1042 1235 1105 patefaceret
1265 1043 1684 1083 sceleratissimorum

209 1098 481 1146 4hominum
503 1098 709 1140 audaciae.
761 1099 1051 1154 Quamquam,
1073 1113 1145 1154 qui
1169 1113 1403 1153 umquam
1393 1100 1589 1149 intludi‚
1611 1107 1686 1140 aut

221 1159 364 1208 SdieS,
393 1157 578 1198 laetiores
610 1155 797 1206 fuciunt,
827 1170 955 1211 quam
986 1170 1082 1196 cum
1116 1157 1159 1196 in
1190 1155 1367 1211 singulis
1390 1157 1579 1197 versibus
1611 1170 1688 1211 po-

262 1214 384 1270 pulus
420 1212 641 1254 Romanus
676 1214 866 1254 maximo
899 1212 1083 1254 clamore
1116 1222 1159 1253 et
1189 1212 1335 1268 plausu
1370 1213 1492 1254 Bruti
1526 1226 1690 1253 meino-

129 1272 367 1323 ,mariam
409 1271 772 1326 prosequebatur?
803 1284 958 1325 corpus
1000 1271 1146 1310 aberat
1187 1270 1440 1319 liberatoris,
1481 1270 1690 1310 libertatis

214 1328 468 1369 ⁸·memoria
497 1327 668 1369 aderat:
702 1327 743 1367 in
767 1342 852 1382 qua
883 1327 1006 1367 Bruti
1030 1327 1172 1382 imago
1195 1327 1309 1367 cerni
1334 1327 1569 1368 videbatur.
1629 1326 1691 1366 At

259 1385 374 1426 hunc
406 1383 472 1425 his
504 1384 605 1440 ipsis
635 1384 832 1425 ludorum
855 1384 1005 1425 diebus
1029 1383 1258 1424 videbam
1249 1398 1290 1424 1n
1315 1383 1450 1425 insula
1470 1382 1692 1424 clarissimi

258 1442 556 1492 adolescentis,
593 1441 774 1492 Luculli,
798 1440 1026 1497 propinqui
1058 1441 1137 1491 sui,
1171 1440 1274 1481 nihil
1309 1441 1389 1482 nisi
1423 1441 1476 1482 de
1509 1454 1612 1497 pace
1646 1449 1690 1480 et

259 1498 491 1541 coneoidia
512 1498 671 1539 civium
694 1499 973 1554 cogitantem.
1035 1497 1229 1538 Eundem
1255 1497 1340 1538 vidi
1372 1508 1521 1554 postea
1542 1496 1691 1547 Veliae,

260 1554 484 1598 cedentem
517 1554 656 1606 Italia,
679 1570 732 1596 ne
753 1571 837 1610 qua
868 1555 1049 1596 oriretur
1081 1554 1177 1595 belli
1209 1554 1345 1595 civilis
1369 1570 1497 1596 causa
1518 1563 1693 1610 propter

262 1627 322 1654 se.
383 1612 423 1654 O
447 1612 736 1668 spectaculum
770 1612 871 1653 illud
903 1626 989 1652 non
1021 1611 1149 1653 modo
1179 1611 1443 1676 hominibus,
1466 1611 1538 1652 sed
1569 1610 1695 1651 undis

262 1670 366 1733 ipsis
404 1678 447 1709 et
485 1669 682 1710 litoribus
721 1669 990 1710 luctuosum!
1023 1669 1171 1710 cedere
1207 1682 1230 1708 e
1268 1669 1404 1724 patiia
1436 1678 1693 1709 servat01em

263 1742 371 1782 ejus,
394 1740 563 1767 manere
587 1726 628 1766 in
653 1726 790 1782 patria
811 1725 1066 1783 perditmes'
1101 1725 1237 1767 Cassii
1259 1725 1403 1766 elassis
1427 1725 1574 1789 pauc-is
1598 1734 1695 1789 post

263 1784 414 1835 diebus
438 1784 808 1838 consequebatur:
842 1792 891 1824 ut
917 1797 983 1823 me
1006 1783 1196 1839 puderet
1218 1792 1358 1838 patres
1381 1782 1628 1837 conscripti,
1652 1782 1696 1822 in

265 1855 359 1882 eam
393 1841 543 1881 urbem
576 1839 726 1891 redire,
763 1843 871 1881 20ex
903 1854 988 1894 qua
1022 1839 1079 1880 illi
1114 1840 1295 1880 abirent.
1355 1839 1453 1890 Sed,
1475 1853 1561 1894 quo
1593 1853 1698 1880 con-

232 1898 364 1944 9silio
398 1897 609 1949 redierim,
643 1897 769 1938 initio
807 1896 998 1946 audistis,
1035 1906 1132 1953 post
1158 1896 1258 1938 estis
1289 1872 1470 1953 experti.
1534 1894 1699 1959 Exspe-

268 1964 432 1996 ctatum
465 1954 596 2010 igitui
629 1963 795 2009 tempus
826 1969 851 1994 a
882 1953 1017 1994 Bruto
1048 1964 1126 1995 est.
1158 1968 1256 1994 nam
1277 1954 1417 2009 quoad
1450 1968 1524 1994 vos
1556 1967 1701 1993 omnia

268 2012 360 2068 pati
392 2011 514 2060 vidit,
537 2026 637 2051 usus
669 2021 734 2051 est
768 2025 859 2066 ipse
892 2011 1130 2051 incredibili
1167 2011 1386 2067 patientia
1422 2020 1701 2073 posteaquam

222 2088 239 2103 ο
268 2084 345 2109 vos
376 2069 428 2109 ad
461 2068 701 2109 libertatem
733 2068 865 2108 sensit
895 2078 1088 2120 erectos;
1121 2068 1319 2123 praesidia
1340 2078 1490 2109 vestrae
1513 2065 1699 2108 libertati

268 2125 452 2183 paravit.

326 2183 388 2223 At
424 2181 492 2223 cui
532 2181 657 2238 pesti,
693 2190 951 2237 quantaeque
992 2182 1180 2224 restitit?
1241 2181 1285 2223 Si
1324 2181 1437 2222 enim
1477 2179 1529 2223 C.
1563 2179 1701 2221 Anto-

258 2238 380 2290 nius,
403 2238 515 2294 quod
557 2253 702 2279 annno
736 2239 990 2290 intenderat,
1027 2239 1227 2294 perficere
1259 2239 1482 2302 potuisset,
1517 2237 1702 2293 (potuis-

268 2305 334 2337 set
371 2305 529 2345 autem‚
565 2295 647 2336 nisi
686 2295 778 2350 ejus
821 2295 965 2337 sceleri
1002 2298 1134 2337 xirtus
1171 2296 1237 2336 Μ.
1272 2295 1394 2336 Bruti
1431 2295 1703 2345 obstitisset,)

268 2351 592 2402 Macedoniam,
617 2351 851 2407 Illyricum,
875 2353 1091 2395 Graeciam
1114 2352 1466 2409 perdidissemus:
1490 2360 1614 2402 esset,
1637 2350 1702 2392 vel

269 2408 586 2466 receptaculum
610 2411 731 2464 pulso
754 2409 962 2461 Antonio,
981 2410 1046 2451 xel
1068 2425 1200 2466 agger
1221 2408 1523 2466 oppugnandae
1548 2407 1702 2458 Italiae,

270 2466 467 2508 Graecia:
499 2480 596 2521 quae
618 2467 791 2520 quidem
823 2481 936 2507 nunc
968 2466 1035 2507 M.
1061 2468 1181 2508 Bruti
1216 2467 1410 2523 imperio,
1432 2466 1704 2516 auctoritate,

269 2523 407 2580 copiis
430 2537 516 2564 non
547 2522 756 2564 instructa
787 2523 938 2575 solum,
961 2524 1033 2565 sed
1055 2525 1184 2566 etiam
1207 2533 1370 2575 ornata,
1393 2523 1530 2565 tendit
1553 2522 1704 2564 dexte-

316 2671 352 2699 18
373 2670 429 2708 qm·
451 2668 546 2707 regni
566 2666 695 2706 nomeu]
721 2667 773 2697 Sic
796 2677 853 2707 pro
876 2669 964 2706 regis
1010 2678 1090 2706 esse,
1117 2669 1275 2706 extitisse,
1300 2670 1334 2700 in
1357 2670 1491 2701 homine
1519 2668 1628 2709 aliquo
1654 2667 1707 2699 fu-

271 2711 346 2741 Vat.
376 2716 409 2740 ct
425 2709 553 2740 Nonius
568 2710 602 2740 in
616 2711 767 2740 sustulit:
788 2709 874 2740 unde
889 2709 970 2741 bene
1011 2712 1081 2741 isse.

276 2758 456 2792 receptum.
1055 2756 1094 2783 20
1117 2763 1156 2783 ea·
1169 2763 1233 2793 qua
1253 2754 1304 2783 illi
1323 2753 1464 2795 abirent]
1490 2751 1704 2786 Scribendum

318 2797 354 2828 19
379 2794 565 2826 Tantamne
580 2794 780 2836 pacientiam
804 2792 879 2836 &c.]
908 2795 970 2826 int,
1014 2795 1142 2827 videtur
1155 2797 1302 2828 abissent.
