1785 3185
486 135 826 173 PHILIPPICA
852 136 1093 175 QUINTA.
1362 129 1366 134 '
1401 137 1499 174 1329

75 239 301 289 crudelem,
325 237 450 293 ³6qui
474 237 666 293 quotidie
697 237 930 293 periculum
963 237 1146 277 f‹›1tunae
1181 237 1324 278 faciat.
1384 237 1496 278 Sunt

76 298 179 339 item
208 295 304 336 lecti
329 295 514 349 judiceS,
537 309 608 348 qui
631 295 714 335 fort
720 309 809 334 asse
830 295 1163 335 excusabuntur.
1195 294 1236 333 li
1239 296 1304 334 ibe
1298 303 1354 334 nt
1379 295 1493 335 enim

75 353 309 409 legitimam
345 351 681 401 excusationem,
703 352 841 391 exsilii
879 365 1006 391 causa
1036 351 1170 390 solum
1204 352 1391 400 vertisse,
1414 366 1494 392 nec

75 424 166 450 esse
188 417 336 472 postea
357 408 590 449 restitutos.
625 407 718 449 Hos
734 408 802 448 ille
815 409 987 449 demens
1004 406 1172 461 judiees
1197 406 1391 462 legisset:
1414 407 1491 449 ho-
1507 420 1553 453 15

75 480 168 507 1um
199 479 373 506 nomina
401 465 453 506 ad
486 465 680 506 aerarium
711 466 951 506 detulisset:
1002 464 1065 504 his
1097 477 1297 518 magnam
1328 474 1492 518 partem

74 522 320 578 reipublicae
344 521 606 572 credidisset,
630 522 662 562 si
698 522 822 563 ullam
847 522 1029 577 speciem
1059 496 1306 576 τειρυΟὺΙὶοω
1329 521 1495 575 cogita-

76 579 229 622 visset?
260 579 403 634 Atque
433 593 514 634 ego
546 579 598 619 de
625 579 972 634 notisjiiclicibt1s
995 578 1101 619 dixi.
1126 592 1232 632 quos
1257 591 1395 617 minus
1419 579 1542 631 no-(j

74 635 164 685 stis,
187 636 304 678 nolui
327 636 570 677 nominare:
605 636 838 687 saltatmes,
872 635 1129 685 citharistas,
1150 644 1286 674 totum
1310 634 1495 689 denique

74 694 387 735 comissationis
415 692 674 734 Antonianae
709 693 902 743 chorum,
931 693 974 733 in
997 692 1165 733 tertiam
1188 690 1402 731 decuriam
1419 705 1494 746 Ju-

72 749 217 792 dicum
242 751 394 792 scitote
417 764 507 790 esse
530 749 790 804 conjectum.
849 752 888 783 37
903 748 969 790 En
999 762 1186 798 elusam,
1215 762 1291 788 cur
1313 747 1380 788 lex
1405 758 1489 788 tam

72 808 259 864 egregia,
279 818 450 862 tamque
480 806 695 862 praeclara,
719 806 908 847 maximo
932 806 1072 856 imbri,
1103 815 1368 869 tempestate,
1391 819 1492 845 ven-

74 865 143 915 tis,
167 840 374 920 procellis,
398 863 654 914 turbinibus,
678 864 786 904 inter
807 863 987 904 fulmina
1007 872 1051 903 et
1073 863 1262 903 tonitrua
1288 861 1490 903 fer·:1etur
1505 873 1535 904 b.

72 930 122 961 ut
142 935 213 962 eos
229 921 397 976 judices
419 919 685 971 haberemus,
709 923 748 951 38
761 935 869 975 quos
890 920 1080 976 hospites
1104 920 1258 960 habere
1281 933 1405 959 nemo
1424 933 1494 959 ve-

71 976 136 1018 lit.
158 978 363 1020 scelerum
384 977 653 1041 magnitudo,
675 978 938 1018 conscientia
965 976 1287 1026 maleficiorum,
1309 976 1493 1030 direptio

72 1036 164 1089 eJ'us
188 1035 396 1091 pecuniae,
418 1035 540 1089 cujus
572 1035 681 1075 litio
712 1035 754 1075 in
787 1034 879 1076 aede
902 1033 1009 1089 Opis
1041 1033 1240 1074 confecta
1272 1044 1350 1083 est,
1384 1033 1494 1073 hane

74 1092 241 1133 tertiam
263 1092 479 1133 decuriam
501 1092 790 1147 excogitavit:
813 1105 891 1132 nec
914 1100 1012 1131 aute
1030 1100 1098 1131 tur
1105 1105 1174 1146 pes
1190 1090 1360 1145 judices
1376 1105 1494 1144 quae-

72 1147 159 1200 siti,
180 1163 306 1203 quam
331 1148 754 1203 honestis-judicibus
777 1148 1024 1189 nocentium
1047 1147 1157 1188 salus
1180 1149 1401 1203 desperata
1414 1157 1492 1188 est.

72 1204 156 1246 Sed
175 1206 277 1246 illud
298 1220 360 1256 os,
382 1205 495 1246 illam
526 1206 817 1261 impuritatem
847 1205 964 1246 coeni
985 1207 1026 1239 39
1039 1203 1183 1255 fuisse,
1213 1214 1258 1244 ut
1281 1204 1358 1245 hos
1373 1204 1492 1260 judi·
1508 1213 1554 1247 16

73 1275 143 1303 ces
175 1262 314 1319 legere
349 1263 545 1304 auderet!
578 1277 760 1318 quorum
792 1262 974 1303 lectione
998 1261 1156 1317 duplex
1180 1261 1495 1316 imprimeretur

72 1319 319 1375 reipublicae
341 1320 544 1361 dedecus:
567 1334 714 1371 unum,
737 1319 848 1375 quod
870 1328 958 1360 tam
979 1328 1122 1375 turpes
1136 1318 1307 1373 judices
1329 1328 1494 1360 essent:
1546 1365 1550 1371 .

70 1375 264 1428 alterum,
285 1377 398 1432 quod
429 1380 470 1407 40
483 1377 746 1433 patefactum
776 1385 901 1426 esset,
923 1391 1050 1431 quam
1073 1375 1264 1416 multos
1255 1389 1296 1415 ln
1321 1375 1496 1422 civitate

68 1442 214 1497 turpes
233 1434 500 1475 haberemus.
562 1434 689 1476 Hanc
709 1449 831 1499 ergo,
860 1443 903 1474 et
927 1433 1107 1489 reliquas
1132 1432 1342 1488 ejusmodi
1366 1432 1495 1488 leges,

66 1489 237 1532 etiamsi
260 1492 350 1532 sine
371 1492 428 1542 vi,
452 1491 610 1532 salvis
598 1491 815 1547 auspiciis,
837 1500 977 1531 essent
996 1499 1174 1545 rogata),
1195 1503 1411 1530 censerem
1429 1501 1493 1530 ta-

69 1560 167 1588 men
198 1549 481 1605 abrogandas.
522 1563 636 1589 nunc
679 1563 777 1589 vero
817 1551 946 1589 4¹cur
981 1547 1249 1603 abrogandas
1282 1560 1493 1598 censeam,

67 1617 171 1658 quas
188 1583 341 1661 judico
365 1621 450 1647 non
473 1608 670 1661 rogatas?

65 1693 68 1696 .
127 1663 196 1703 An
220 1662 290 1704 illa
321 1678 408 1703 non
440 1663 701 1718 gravissimis
724 1662 988 1726 ignominiis,
1018 1661 1394 1716 monumentisque
1415 1660 1493 1701 hu-
1510 1673 1556 1711 17

48 1717 136 1772 jus
158 1720 334 1770 ordinis,
354 1720 408 1761 ad
441 1719 701 1775 posteritatis
734 1719 985 1761 memoriam
1017 1727 1117 1759 suut
1144 1718 1346 1769 notanda,
1379 1718 1493 1773 quod

17 1799 47 1868 χ
72 1790 178 1816 unus
202 1776 269 1817 M.
291 1776 537 1818 Antonius'
529 1792 572 1817 ln
595 1776 674 1817 hac
695 1777 795 1818 urbe
818 1787 915 1832 post
937 1778 1085 1817 urbem
1108 1775 1326 1816 conditam
1354 1775 1494 1831 palam

63 1846 214 1874 secum
234 1833 385 1876 habuit
406 1843 615 1875 armatos:
647 1835 761 1888 quod
795 1848 932 1888 neque
964 1848 1085 1890 reges
1118 1833 1325 1883 fecerunt,
1356 1846 1494 1887 neque

72 1889 117 1940 ii,
139 1891 265 1945 qui,r
246 1890 417 1946 regibus
438 1890 617 1940 exactis,
645 1905 822 1953 regnum
845 1905 1056 1946 occupaie
1090 1864 1495 1930 vs›1uerunt'.Cin-

69 1961 169 1987 nam
191 1948 390 1988 memini:
425 1948 511 1988 vidi
536 1925 733 1989 Sullamoz‘
752 1948 882 1988 modo
917 1947 1147 1988 Caesaiem.
1184 1946 1227 1987 hi
1261 1946 1376 1986 enim
1409 1957 1494 1987 tres

64 2013 168 2059 post
190 2003 408 2046 civitatem
432 2019 457 2045 a
480 2005 528 2046 L.
559 2004 696 2045 Bruto
718 2005 954 2056 liberatam,
978 2004 1071 2060 plus
1101 2013 1346 2060 potuerunt,
1365 2017 1494 2058 quam

64 2112 65 2115 Ἰ
108 2117 193 2157 36ᾳ.
209 2128 240 2158 q.
251 2129 287 2159 p.
291 2117 454 2160 flsaciat]
467 2119 550 2150 Mss.
563 2118 628 2149 Gu.
645 2118 689 2149 H.
693 2119 756 2160 fa—
801 2125 861 2150 est.

66 2161 123 2190 cit.
148 2160 229 2191 illud
244 2163 359 2192 melius
375 2169 465 2201 puto.
840 2165 881 2192 40
893 2161 1097 2201 patefactum
1113 2160 1204 2199 esset]
1222 2159 1369 2190 Graevius
1383 2169 1401 2190 e
1415 2159 1491 2192 vat.

107 2204 145 2236 37
163 2202 221 2233 En
234 2204 384 2242 eausam]
401 2205 452 2233 Sic
468 2205 548 2233 bene
563 2214 579 2233 e
594 2202 660 2234 Ms.
678 2204 753 2234 V.at
797 2204 932 2242 aliisque
955 2203 1090 2239 addidit,
1115 2207 1153 2232 ut
1171 2207 1248 2232 ante
1264 2200 1336 2232 edd.
1353 2207 1433 2232 vett.
1450 2202 1492 2232 R.

64 2243 191 2275 editum
214 2249 264 2276 est
286 2256 344 2286 pro
360 2246 512 2285 vulgato:
538 2245 620 2275 Hoec
642 2255 753 2276 causa.
797 2246 851 2276 B·-
868 2245 940 2275 Ald.
962 2247 1020 2275 &c.
1036 2245 1230 2281 habuerant,
1253 2244 1491 2283 cognitumque.

59 2290 157 2323 .‚ante
182 2292 221 2318 ut
247 2298 297 2318 eos
314 2288 446 2328 judices
473 2291 505 2318 h.
531 2289 592 2318 int.
630 2297 757 2328 nempe,
799 2298 896 2327 quam
921 2292 1001 2327 puto
1024 2296 1091 2317 esse
1113 2287 1266 2326 glossam,
1294 2286 1358 2316 Ms.
1382 2285 1492 2317 Guelf.

61 2331 152 2369 -quod
165 2330 330 2370 elegantia
345 2331 449 2361 latina
461 2331 599 2360 omittit.
802 2339 868 2361 non
885 2330 993 2360 habet.
1010 2339 1069 2360 nec
1086 2329 1124 2359 L.
1142 2329 1186 2359 H.

108 2375 148 2404 38
175 2382 252 2412 quos
276 2374 372 2403 socios
398 2373 444 2402 acl
469 2375 582 2414 epula)
608 2372 755 2411 hospites]
843 2375 879 2403 41
899 2382 959 2401 eur
974 2372 1181 2410 abrogandas
1195 2369 1355 2409 censeam]
1374 2369 1492 2401 Delevi

67 2413 152 2445 Socii
167 2416 212 2445 ad
224 2417 336 2454 epulas
358 2420 436 2445 sunt
451 2425 468 2444 e
484 2415 591 2453 glossa
606 2415 757 2444 hominis.
800 2422 873 2454 post
886 2414 965 2444 alios
981 2424 1062 2444 nou:
1086 2413 1172 2452 quod
1186 2422 1298 2442 sensus
1320 2412 1492 2443 manifeste

65 2457 120 2495 qui
143 2458 278 2497 hospites
291 2467 358 2487 non
373 2458 455 2487 bene
470 2457 573 2487 latine
592 2457 755 2494 intellige-
801 2457 960 2497 repudiat
978 2466 1054 2486 nam
1064 2455 1353 2495 etesuperioribus
1365 2454 1492 2484 clarum

65 2499 135 2535 bat,
160 2509 219 2530 nec
242 2500 265 2529 ii
285 2499 375 2530 fuere
396 2500 430 2529 in
453 2500 529 2529 Vat.
552 2499 637 2529 unde
659 2498 758 2528 deleti
800 2507 862 2531 est.
892 2498 1083 2528 Ciceronem
1113 2498 1254 2528 noluisse
1286 2497 1356 2526 fieri
1384 2496 1490 2535 legem

65 2547 144 2571 sunt
173 2542 264 2572 bene.
308 2542 343 2572 P.
370 2542 535 2573 Victorius
570 2543 758 2580 conjectura
800 2542 850 2571 xel
878 2541 1044 2570 decretum
1073 2539 1111 2569 de
1136 2538 1329 2578 abrogandis
1354 2537 1492 2568 Antonii

67 2584 236 2614 tentabat:
260 2593 336 2624 quos
349 2585 446 2614 socios
458 2584 504 2613 ad
515 2585 628 2623 epulas
643 2584 759 2613 hahere
801 2583 938 2622 legibus,
963 2582 1047 2622 quod
1071 2591 1123 2612 eas
1143 2582 1250 2611 nullas
1265 2590 1332 2610 esse
1348 2587 1490 2620 putaret.
1528 2611 1530 2614 ,

61 2626 174 2666 stpes
203 2636 296 2656 nemo
323 2628 420 2657 velit:
457 2635 523 2655 non
553 2635 630 2656 sane
665 2626 758 2655 bene.
802 2609 889 2665 Ergo
905 2605 1061 2658 dit-{thia
1078 2634 1135 2653 cur
1149 2632 1298 2653 censeam
1323 2621 1491 2651 decretum

61 2667 218 2708 Denique
233 2669 318 2699 forte
331 2678 394 2699 scr.
412 2669 447 2698 in
462 2669 526 2698 fine
541 2670 646 2698 vellet.
801 2668 880 2703 tale,
901 2667 1007 2706 legem
1022 2666 1124 2696 talem
1139 2666 1222 2701 ficri,
1245 2674 1319 2694 cum
1335 2672 1387 2692 eas
1403 2663 1491 2702 leges

109 2713 150 2744 39
161 2710 295 2750 fecisse]
319 2711 417 2741 Varie
439 2710 493 2740 hic
511 2711 626 2740 loeus·
619 2721 654 2740 ιιι
676 2710 756 2740 Mss.
804 2720 843 2739 ne
855 2719 910 2748 rog
906 2708 1121 2747 'atasquidem
1132 2713 1222 2743 ante,
1235 2716 1278 2736 sc.
1292 2710 1392 2742 recte,
1404 2706 1490 2745 jure,

64 2755 100 2782 et
119 2751 190 2783 edd.
213 2763 263 2793 pr.
286 2753 416 2792 legitur.
461 2752 523 2783 Sed
543 2752 609 2782 fere
624 2753 750 2782 vitiose.
796 2758 920 2799 putem.
951 2751 1052 2781 Abest
1066 2756 1132 2779 eta
1147 2729 1248 2780 Cod’d.
1264 2747 1371 2777 Guelf.
1385 2747 1424 2777 L.
1443 2747 1487 2778 H.

55 2792 165 2826 ‚Recte
178 2800 361 2825 correctum
377 2801 425 2825 est
429 2794 539 2835 suzsse
553 2805 570 2824 e
585 2794 654 2824 cod.
678 2794 706 2824 V
708 2800 752 2824 :.1t
797 2795 876 2824 item
892 2794 963 2824 edd.
982 2803 1029 2833 pr.
1045 2792 1147 2822 Aldus
1162 2792 1260 2821 etiam
1278 2799 1338 2819 cnr
1353 2799 1420 2820 non
1435 2789 1489 2820 ha-

62 2835 223 2867 Gruterus
237 2837 389 2868 dederat:
413 2837 499 2867 illud
519 2847 564 2871 os,
582 2838 679 2867 illam
693 2846 754 2865 zm·
797 2836 865 2866 bet.
888 2836 974 2867 nesci
965 2845 1008 2872 0,
1024 2843 1100 2866 casu
1115 2842 1156 2864 an
1171 2831 1319 2864 consilio.

57 2880 239 2926 puritatem
255 2877 334 2910 θωπί
344 2878 478 2920 fec-isse,
502 2884 538 2909 ut
557 2880 589 2909 in
611 2878 682 2909 edd.
706 2888 754 2917 pr.

714 2926 840 2963 41³3
