1769 3174
0 0 17 26 P

0 32 3 46 ι

0 95 12 161 ‘.
499 116 627 161 PRO
666 121 760 159 cN.
798 120 1099 161 PLANcm.
1443 124 1515 160 961

0 247 16 268 ο.
82 224 335 282 'respublica
353 224 460 267 vicit
479 225 679 267 armatis:
712 233 800 277 aut,
820 224 853 265 si
877 224 1018 265 minus
1052 222 1197 274 fortes,
1221 229 1409 264 attamen
1433 232 1520 264 tarn

79 283 208 340 justi,
230 297 358 338 quam
393 282 442 324 P.
467 280 660 334 Mucius,
684 282 758 337 qui
792 296 922 332 arma,
945 296 1041 337 quae
1074 280 1264 335 privatus
1298 280 1348 320 P.
1373 281 1520 336 Scipio

24 384 27 387 ,
85 351 308 391 sumserat,
340 354 404 390 ea,
438 338 505 380 Ti.
537 339 739 380 Graccho
775 339 1018 387 interemto,
1048 337 1147 392 jure
1180 337 1347 392 optimo
1380 347 1522 378 sumta

0 426 24 476 ζ,
82 410 176 438 esse
196 396 416 438 defendit?
449 394 573 437 Esset
591 397 724 453 igitur
747 395 1025 452 pugnandum
1049 408 1144 434 cum
1169 392 1432 435 consulibus.
1454 394 1521 434 ni-

11 455 27 498 ζ.
87 453 149 496 hil
178 453 361 510 amplius
383 454 496 505 dico,
519 453 598 493 nisi
624 453 741 503 illud,
766 453 972 493 Victoriae
996 460 1153 492 nostrae
1189 464 1338 506 graves
1370 449 1520 490 adver-

21 506 26 514 *
84 510 217 552 sarios
241 521 425 567 paratos,
449 510 645 551 interitus
670 509 805 550 nullos
828 509 985 550 ultores
1008 522 1098 550 esse
1122 508 1335 548 videbam.
1382 505 1516 547 Hisce
1529 514 1579 550 89

74 572 166 623 ego
199 568 370 609 auxiliis
400 567 547 608 salutis
580 581 687 608 meae
722 568 755 608 si
788 566 947 608 idcirco
970 565 1102 616 defui,
1125 565 1225 620 quia
1252 563 1518 620 nolui-dimi-

81 639 203 666 care:
236 623 419 675 fatebor,
454 624 494 665 id
529 624 645 679 quod
683 624 762 675 vis,
802 638 888 664 non
925 623 1030 664 mihi
1071 622 1296 672 auxilium,
1335 620 1406 660 sed
1450 634 1520 661 me

80 680 244 723 auxilio
267 682 467 723 defuisse.
492 681 554 722 sin
576 688 733 732 autem,
756 696 841 735 quo
863 680 1030 735 majora
1052 679 1193 720 studia
1215 679 1257 719 in
1289 691 1358 717 me
1380 677 1518 718 bono-

79 752 175 780 rum
197 738 385 790 fuerunt,
400 738 492 782 ,hoc
514 738 565 779 iis
587 739 725 794 magis
747 737 1053 779 consulendum
1079 746 1122 777 et
1152 735 1411 792 parcendum
1437 748 1517 790 pu-

79 795 194 838 tavi:
226 805 272 837 tu
305 796 347 838 id
379 797 420 836 in
453 810 521 836 me
555 795 844 851 reprehendis,
867 795 981 850 quod
1018 794 1074 840 Q.
1099 792 1279 834 Metello
1301 791 1414 832 laudi
1441 791 1516 831 da-

20 898 24 903 ,
78 860 171 893 tum
203 863 282 904 est,
324 852 538 907 hodieque
573 862 651 900 est,
687 861 731 893 et
769 866 935 908 semper
976 852 1057 892 erit
1090 851 1292 891 maximae
1335 848 1516 905 gloriae?

0 917 26 939 ‘1¹
77 923 221 965 quem,
245 919 290 950 ut
321 920 444 966 potes
467 924 520 950 ex
544 909 688 950 multis
711 909 870 959 andire,
893 909 965 964 qui
991 920 1082 950 tum
1105 907 1333 956 affuerunt,
1357 908 1397 940 78
1412 919 1515 946 con-

78 975 178 1018 stat,
210 967 478 1008 invitissimis
511 967 611 1007 viris
645 967 782 1017 bonis,
813 968 1013 1008 cessisse:
1047 980 1126 1006 nec
1157 964 1288 1005 fuisse
1318 962 1514 1012 dubium,

77 1024 182 1079 quin
205 1024 482 1065 contentione
504 1032 548 1064 et
578 1024 706 1064 armis
738 1024 931 1078 superior
965 1031 1109 1079 posset
1138 1036 1242 1062 esse.
1307 1019 1422 1076 Ergo
1446 1019 1515 1060 ille

75 1095 176 1123 cum
206 1096 345 1132 suum,
373 1095 581 1128 noncum
614 1089 784 1121 senatus
817 1080 978 1121 factum
1001 1079 1264 1129 defenderet,
1287 1092 1385 1119 cum.
1419 1091 1514 1132 per-

76 1138 359 1179 severantiam
383 1139 606 1178 sententiae
631 1153 733 1188 suae,
764 1152 849 1178 non
875 1138 1054 1178 salutem
1077 1136 1324 1191 reipublicae
1351 1136 1513 1175 retinu-

68 1194 203 1237 isset:
237 1204 394 1245 tamen,
416 1198 456 1230 79
470 1195 585 1250 quod
609 1195 710 1235 illud
736 1194 1023 1245 voluntarium
1048 1193 1199 1234 vulnus
1231 1192 1413 1247 accepit,
1438 1191 1513 1247 ju-

74 1252 283 1294 stissimos
303 1252 496 1293 omnium
517 1251 796 1293 Metellorum
815 1261 858 1292 et
876 1251 1133 1292 clarissimos
1159 1249 1399 1305 triumphos
1419 1248 1513 1304 glo-

71 1308 147 1350 riae
181 1308 304 1350 laude
339 1309 570 1366 superavit,
592 1310 708 1363 quod
730 1318 772 1349 et
805 1309 898 1350 illos
934 1309 1049 1365 ipsos
1083 1307 1424 1363 improbissimos
1450 1306 1512 1347 ci-

73 1380 144 1407 ves
177 1366 363 1408 interfici
397 1367 549 1417 noluit,
580 1376 636 1418 et,
667 1381 720 1407 ne
755 1367 848 1422 quis
884 1367 1022 1407 bonus
1057 1365 1249 1406 interiret
1282 1364 1325 1404 in
1359 1363 1510 1404 eadem

73 1423 206 1474 caede,
248 1423 461 1480 providit:
504 1437 601 1480 ege,
636 1423 766 1464 tantis
805 1423 1005 1479 periculis
1040 1422 1286 1478 propositis,
1323 1435 1437 1471 cum,
1474 1420 1509 1461 si

68 1480 210 1521 victus
233 1495 384 1532 essem,
415 1481 612 1522 interitus
646 1481 910 1536 reipublicae,
944 1481 976 1520 si
1008 1480 1221 1529 vicissem,
1253 1477 1423 1518 infinita
1443 1477 1510 1518 di-

69 1537 246 1579 micatio
285 1547 517 1594 pararetur,
547 1539 877 1588 committerem,
911 1547 959 1578 ut
992 1537 1105 1578 idem
1138 1536 1329 1591 perditor
1359 1535 1502 1590 reipu-

2 1612 15 1631 ·.
68 1594 194 1636 blicae
235 1596 493 1646 nominarer,
526 1595 599 1650 qui
641 1605 832 1636 servator
860 1594 1064 1635 fuissem?
1116 1593 1307 1633 Mortem
1341 1606 1410 1632 me
1447 1591 1545 1637 ti-b.

25 1652 32 1675 ·’
67 1651 226 1693 muisse
247 1652 369 1693 dicis.
431 1651 526 1708 Ego
550 1666 649 1693 vero
672 1666 725 1692 ne
757 1652 1124 1693 immortalitatem
1155 1650 1327 1705 quidem
1350 1655 1585 1710 contra37

67 1709 376 1765 rempublicam
398 1709 692 1765 accipiendam
716 1719 926 1765 putarem,
947 1709 1104 1750 nedum
1126 1708 1260 1748 emori
1283 1721 1379 1747 cum
1407 1720 1500 1763 per·
1513 1728 1567 1763 90

65 1766 179 1808 nicie
208 1767 457 1823 reipublicae
493 1766 659 1808 vellem.
687 1781 803 1818 nam,
836 1767 909 1822 qui
945 1781 1022 1822 pro
1058 1764 1279 1821 republica
1316 1764 1501 1805 &Ox-itam

67 1822 336 1876 dediderunt,
352 1823 474 1878 (licet
493 1838 563 1864 me
584 1824 777 1880 desipere
795 1824 984 1874 dicatis)
1004 1836 1237 1878 numquam
1258 1820 1502 1863 mehercule

65 1882 138 1922 eos
169 1890 352 1923 mortem
382 1881 541 1938 potius,
571 1896 700 1936 quam
734 1882 1103 1923 immortalitatem
1137 1887 1388 1934 assequutos
1421 1893 1502 1934 pu-

64 1938 168 1979 tavi.
230 1937 324 1995 Ego
354 1954 470 1990 vero,
501 1938 534 1979 si
568 1948 660 1978 tum
690 1938 859 1980 illorum
892 1939 1125 1994 impiorum
1156 1936 1268 1977 ferro
1291 1950 1340 1976 ac
1370 1949 1502 1976 manu

65 1995 363 2047 concidissem‚
386 1997 429 2037 in
457 2005 707 2052 perpetuum
730 1996 973 2052 respublica
994 1994 1121 2036 civile
1151 1992 1401 2050 praesidium
1435 2006 1502 2032 sa-

63 2050 162 2093 lutis
185 2067 273 2094 suae
297 2053 564 2109 perdidisset.
625 2053 743 2099 Quin
766 2054 911 2104 etiam,
935 2053 968 2093 si
991 2066 1060 2093 me
1084 2052 1148 2092 vis
1179 2050 1322 2105 aliqua
1343 2049 1499 2099 morbi,

63 2117 136 2150 aut
175 2118 329 2151 natura
366 2110 459 2167 ipsa
488 2110 817 2152 consumsisset:
852 2121 996 2151 tamen
1035 2107 1198 2150 auxilia
1233 2106 1500 2164 posteritatis

32 2241 35 2270 j
104 2235 144 2268 78
166 2234 368 2265 invitissimis
394 2235 473 2265 viris
501 2237 626 2265 constat
652 2234 753 2274 bonis]
801 2234 978 2265 delendum
1015 2234 1071 2272 sit,
1107 2231 1347 2273 legendumque
1375 2235 1500 2268 tamen,

65 2274 118 2306 Sic
140 2282 227 2307 reete
241 2277 424 2316 corrigebat
447 2277 640 2314 Lambinus,
655 2278 699 2307 sic
723 2278 757 2307 in
800 2278 885 2316 quod
906 2276 992 2306 illud
1012 2286 1043 2306 v.
1067 2277 1186 2306 vulnus
1204 2275 1328 2314 accepit
1351 2274 1410 2304 διο.
1457 2273 1502 2304 Et

59 2315 130 2348 Ms.
166 2319 232 2349 Erf.
269 2324 433 2359 repertum
469 2319 572 2349 edidit
600 2319 758 2349 Graevius.
800 2319 846 2349 sic
870 2319 966 2350 edidi.
1009 2319 1097 2349 Nam
1120 2318 1156 2348 ob
1178 2318 1287 2354 illam,
1301 2317 1385 2356 quod
1402 2316 1500 2353 illud,

64 2358 127 2389 Sed
139 2361 185 2392 sic
197 2361 295 2402 plane
311 2362 439 2401 estjam
456 2362 490 2391 in
504 2361 574 2392 edd.
590 2361 644 2391 W.
664 2363 755 2392 1480.
801 2361 888 2400 quod
903 2359 1050 2391 Graevius
1068 2360 1182 2397 edidit,
1195 2362 1246 2389 est
1259 2358 1309 2389 vel
1323 2367 1404 2389 sono
1417 2357 1501 2389 indi-

0 2434 1 2442 *
63 2398 222 2442 Juntina:
266 2404 326 2434 nisi
363 2403 449 2442 quod
483 2407 609 2434 constat
645 2403 753 2434 locum
799 2413 903 2443 gnum
920 2403 1090 2433 Cicerone.

0 2446 1 2453 ¹
34 2471 36 2474 .
62 2441 163 2475 alium
177 2445 318 2483 obtinet,
334 2446 355 2475 i.
372 2455 403 2476 v.
425 2450 550 2476 constat
565 2446 664 2483 bonis,
679 2456 756 2476 cum
842 2448 882 2476 80
894 2446 996 2476 vitam
1012 2442 1221 2483 dediderunt]
1239 2443 1292 2473 Sic
1306 2442 1387 2473 Mss.
1401 2442 1501 2483 multi

61 2482 125 2516 MS.
146 2486 265 2518 habeat
285 2488 326 2518 ab
347 2487 455 2519 initio.
500 2489 568 2519 Cur
589 2497 666 2527 ergo
689 2488 756 2518 illae
799 2493 832 2518 et
855 2487 925 2518 edd.
953 2498 1001 2527 pr.
1026 2495 1159 2517 ornnes:
1182 2495 1242 2526 pro
1267 2495 1331 2524 quo
1352 2485 1501 2515 reddide-

63 2525 134 2559 edd.
147 2538 213 2559 non
228 2529 405 2570 inspectae?
798 2534 879 2560 runt
914 2530 1039 2570 primus
1071 2528 1172 2559 Aldus
1201 2526 1316 2564 edidit,
1344 2527 1432 2566 quod
1457 2525 1499 2557 ad

103 2573 144 2605 79
165 2571 202 2601 ob
220 2572 315 2602 illam
337 2572 567 2609 constantiam,
589 2581 654 2612 qua
675 2573 763 2602 illud
805 2572 984 2602 Gruterum
1010 2581 1112 2610 usque
1139 2569 1243 2600 secuti
1269 2575 1349 2599 sunt
1374 2577 1500 2599 omnes.

61 2618 92 2640 v·
125 2612 198 2653 &e.]
242 2613 465 2644 Constantiam
494 2614 638 2654 primum
669 2614 760 2645 dedit
802 2614 949 2644 Graevius
961 2614 1101 2653 denique
1116 2622 1133 2643 e
1146 2612 1213 2643 Ms.
1230 2611 1301 2642 Erf.
1315 2610 1500 2641 ediderunt.

63 2646 216 2696 Juntina‚
229 2665 325 2695 quam
347 2655 513 2686 Victorius
535 2660 665 2686 secutus
686 2661 756 2687 est:
804 2655 918 2687 Vitam
940 2656 1055 2686 dedere
1075 2656 1158 2685 bene
1178 2654 1282 2685 latine
1302 2652 1434 2689 dicitur,
1457 2652 1501 2682 ab

66 2693 217 2735 abestque
251 2707 272 2728 a
300 2697 381 2728 Mss.
434 2697 562 2729 Deinde
596 2708 656 2738 pro
692 2708 759 2738 qua
802 2698 873 2738 ipso
898 2698 1068 2735 Cicerone,
1095 2696 1151 2727 sed
1175 2696 1288 2727 addito
1314 2693 1438 2730 dativo,
1460 2698 1501 2724 ut

65 2743 132 2766 non
155 2738 284 2777 quidem
305 2748 420 2770 omnes
442 2739 517 2770 libri
537 2739 610 2771 edd.
633 2740 759 2771 habent
800 2750 859 2780 pro
882 2740 978 2771 Rosc.
994 2740 1068 2770 Am.
1091 2739 1231 2770 libidini.
1277 2737 1392 2775 ltaque
1418 2735 1499 2766 mihi

65 2779 161 2816 quod,
181 2784 221 2811 ut
246 2781 392 2811 Graevius
417 2782 477 2819 ait,
501 2781 556 2812 sed
577 2786 693 2813 tamen
717 2783 758 2813 R.
800 2791 868 2812 non
883 2782 962 2812 satis
981 2782 1108 2822 placet:
1131 2780 1189 2812 sed
1211 2789 1271 2811 nee
1293 2778 1398 2818 magis
1413 2781 1501 2809 cete·

65 2817 130 2868 ΒΓ..
145 2830 218 2860 quo,
246 2822 335 2854 Med.
359 2822 431 2854 Ald.
456 2824 548 2864 quod.
580 2823 661 2854 Inde
686 2824 759 2855 fieri
800 2833 845 2854 rae
859 2824 1029 2856 lectiones.

65 2860 216 2903 arbitror,
228 2869 267 2895 ut
280 2869 392 2896 totum
406 2865 490 2897 illud
503 2866 538 2897 ob
549 2866 645 2897 illam
657 2870 758 2898 const.

729 2913 857 2951 3123
