1817 3169
265 139 363 175 1114
852 141 1103 178 ORATIO

264 254 326 289 so,
365 252 495 295 quam
532 241 605 295 qui
645 240 788 298 legum
830 245 1016 299 praeiniis
1058 246 1303 301 praetoriam
1345 247 1614 298 sententiam,
1654 257 1697 289 et

263 298 302 330 97
321 307 574 351 praetextam
595 309 740 355 togam
764 312 1098 356 consequuntur.
1159 302 1214 344 Et
1245 304 1420 358 adoptio
1439 304 1691 360 Theophani

265 355 430 408 agitata
461 364 548 396 est:
593 370 667 411 per
706 371 832 411 quam
874 358 1112 409 Cornelius,
1149 360 1254 400 nihil
1292 371 1370 411 est,
1406 373 1691 417 praeterquam

266 411 606 467 propinquorum
629 428 801 454 suorum
824 414 1093 465 hereditates,
1116 428 1347 457 assecutus.

183 461 255 515 26
326 467 598 523 Quamquam
631 469 809 511 istorum
839 472 1018 522 animos,
1046 474 1118 526 qui
1153 474 1231 528 ipsi
1257 473 1457 514 Cornelio
1488 475 1695 526 invident,

267 538 352 565 non
375 535 438 565 est
460 525 757 567 difficillimum
786 528 996 583 mitigare.
1020 543 1135 569 more
1167 531 1396 570 hominum.
1421 532 1626 581 invident,
1651 532 1693 571 in

265 582 476 622 conviviis
507 583 677 633 rodunt,
709 584 750 624 in
782 584 950 624 circulis
982 585 1204 626 vellicant:
1237 589 1373 626 98110„
1408 587 1479 626 illo
1502 588 1693 638 inimico,

203 643 252 676 58
266 639 337 678 sed
376 638 457 679 hoc
490 639 698 681 maledico
725 640 852 681 dente
876 651 1070 696 carpunt.
1132 642 1216 688 Qui
1250 644 1397 683 amicis
1431 643 1478 683 L.
1503 644 1690 685 Cornelii

264 705 338 735 aut
361 695 521 736 inimici
547 706 659 745 sunt,
681 706 755 737 aut
777 697 983 748 invident,
1007 698 1048 738 hi
1073 710 1171 739 sunt
1196 699 1292 739 huic
1317 698 1450 739 multo
1469 700 1694 741 veliemen-

263 752 348 792 tius
373 752 712 807 pertimescendi.
736 768 834 794 nam
857 754 956 795 huic
978 755 1150 809 quidem
1177 757 1256 811 ipsi
1281 757 1374 810 quis
1397 766 1460 796 est
1492 771 1693 811 umquam

263 808 461 849 inventus
485 809 710 851 inimicus?
732 820 806 851 aut
827 811 1034 866 quisjure
1055 827 1144 853 esse
1169 813 1336 867 potuit?
1368 813 1509 858 Quem
1535 814 1693 854 bonum

262 879 347 905 non
370 865 530 906 coluit?
552 867 674 921 cujus
698 867 881 908 lortunae
903 869 1190 924 dignitatique
1213 885 1294 909 non
1319 870 1558 911 concessit?
1590 870 1694 910 Ver-

263 931 377 962 satus
401 922 442 962 in
464 923 615 963 intima
637 923 924 965 familiaritate
948 925 1132 966 hominis
1167 927 1468 982 potentissimi,
1492 927 1532 966 in
1557 928 1694 967 maxi-

262 979 343 1018 mis
373 980 528 1020 nostris
559 980 679 1020 malis
711 991 838 1036 atque
860 981 1082 1022 discordiis
1113 984 1323 1024 neminem
1358 998 1558 1038 umquam
1591 984 1694 1025 alte-

262 1035 348 1076 rius
372 1036 548 1077 rationis
570 1051 620 1077 ac
644 1038 790 1092 partis,
813 1052 898 1078 non
922 1053 979 1089 re,
1003 1054 1088 1079 non
1109 1041 1251 1090 verbo,
1271 1055 1355 1080 non
1374 1041 1491 1080 vultu
1510 1041 1693 1095 denique

262 1091 457 1133 offendit.
519 1093 619 1134 Fuit
639 1093 722 1135 hoc
745 1094 833 1135 sive
851 1110 1008 1146 meum,
1028 1096 1115 1136 sive
1138 1097 1383 1152 reipublicae
1407 1097 1557 1145 fatum,
1581 1108 1627 1139 ut
1650 1099 1690 1139 in

262 1163 330 1189 me
363 1164 494 1190 unum
525 1151 664 1191 omnis
699 1151 768 1192 illa
799 1152 1019 1194 inclinatio
1041 1154 1332 1194 communium
1358 1165 1595 1209 temporum
1631 1155 1692 1195 in-

262 1207 496 1247 cumberet.
520 1222 606 1248 non
629 1208 757 1248 modo
783 1223 866 1249 non
888 1210 1120 1251 exsultavit
1141 1213 1180 1245 ι39
1195 1210 1237 1250 in
1266 1211 1396 1251 ruinis
1419 1211 1573 1250 nostris
1597 1213 1693 1264 [no-

263 1263 444 1318 strisque
474 1264 717 1318 discordiis]
752 1265 1000 1308 Cornelius:
1033 1267 1105 1308 sed
1138 1268 1253 1308 omni
1287 1268 1446 1318 officio,
1479 1266 1691 1323 lacrymis,

262 1334 405 1375 opera,
438 1321 746 1372 consolatione,
776 1337 938 1374 ornnes,
970 1337 1037 1364 me
1066 1325 1256 1374 absente,
1288 1339 1404 1365 meos
1437 1324 1690 1366 sublevavit.

200 1381 249 1415 59
265 1377 460 1423 Quorum
480 1392 561 1433 ego
584 1379 831 1420 testimonio
853 1395 902 1421 ac
926 1381 1121 1436 precibus
1143 1384 1183 1411 3⁰
1198 1395 1350 1421 munus
1381 1381 1462 1422 hoc
1493 1382 1691 1422 meritum

264 1434 376 1485 huic,
398 1446 455 1486 et,
480 1445 526 1475 ut
547 1451 572 1476 a
596 1435 808 1491 principio
831 1437 937 1488 dixi,
953 1437 1116 1492 justam
1139 1447 1182 1478 et
1202 1438 1391 1479 debitam
1423 1439 1606 1494 gratiam
1629 1453 1692 1479 re-

262 1490 376 1533 fero:
409 1506 632 1547 speroque,
657 1492 842 1547 judices,
864 1504 911 1534 ut
937 1509 1025 1545 eos,
1048 1496 1119 1550 qui
1155 1495 1367 1550 principes
1398 1494 1570 1536 fuerunt
1591 1510 1692 1536 con-

260 1549 478 1589 servandae
503 1550 664 1599 salutis,
686 1559 758 1590 aut
781 1551 1004 1607 dignitatis
1038 1567 1158 1602 ineae,
1181 1552 1374 1608 diligitis,
1393 1563 1436 1592 et
1460 1567 1579 1593 caros
1618 1552 1691 1593 ha-

262 1605 385 1656 betis,
410 1606 484 1657 sie,
507 1621 602 1661 quae
638 1607 692 1647 ab
723 1606 805 1648 hoc
839 1623 915 1663 pro
941 1608 1143 1650 facultate
1176 1609 1318 1663 hujus,
1351 1623 1426 1664 pro
1458 1609 1553 1649 loco
1577 1609 1690 1650 facta

261 1672 375 1718 sunt,
397 1672 440 1703 et
469 1675 591 1717 grata
621 1678 711 1704 esse
745 1665 879 1716 vobis,
901 1674 944 1706 et
976 1667 1169 1721 probata.
1232 1666 1330 1706 Non
1366 1666 1498 1722 igitur
1530 1681 1554 1706 a
1588 1667 1689 1716 suis,

260 1734 367 1773 quos
402 1720 537 1760 nullos
572 1721 714 1770 habet,
737 1721 809 1763 sed
840 1738 864 1763 a
886 1737 1073 1773 suorum,
1095 1722 1167 1778 qui
1195 1732 1237 1763 ct
1271 1722 1391 1762 multi
1414 1733 1457 1762 et
1495 1733 1689 1777 potentes

215 1785 246 1815 b.
262 1786 374 1827 sunt,
399 1787 572 1832 urgetur
594 1778 802 1819 inimicis:
827 1794 933 1833 quos
955 1779 1126 1834 quidem
1150 1779 1347 1820 hesterno
1370 1780 1439 1820 die
1462 1779 1544 1820 Cn.
1563 1780 1690 1820 Pom-

260 1834 380 1888 peius
413 1835 589 1890 copiosa
610 1834 804 1876 oratione
834 1846 877 1877 et
909 1836 1043 1893 gravi,
1075 1851 1234 1886 secum,
1265 1837 1298 1876 si
1325 1836 1491 1885 vellent,
1513 1846 1691 1878 conten-

257 1948 333 1978 civis
348 1953 429 1978 erat.
451 1947 557 1987 Quem
573 1954 752 1984 accusarat,
767 1954 880 1980 utrum
895 1950 954 1981 ho-

256 1999 371 2020 norem
389 1996 522 2020 tantum
546 1991 677 2030 petierit
701 1991 793 2021 malis
815 1993 952 2028 artibus,

257 2036 291 2062 et
314 2039 484 2073 propterea
507 2039 676 2063 accusatus
691 2033 803 2069 fuerit,
819 2044 859 2063 an
876 2045 952 2064 con-

256 2079 386 2105 secutus
410 2075 522 2110 fuerit,
540 2075 711 2105 nesciinus.
756 2076 788 2105 Si
810 2077 951 2106 maxime

256 2115 312 2145 ille
335 2121 462 2146 creatus
478 2117 553 2152 fuit,
568 2123 681 2147 tamen
704 2122 873 2148 accusator
899 2118 952 2148 hic

256 2158 289 2186 in
314 2158 421 2189 locum
439 2160 506 2198 ejus
526 2159 696 2188 succedere
720 2168 785 2188 non
809 2165 951 2200 poterat,

256 2205 295 2230 ut
311 2200 345 2236 ii,
368 2200 407 2230 de
421 2201 535 2240 quibus
553 2206 639 2240 post,
655 2202 730 2239 quia
747 2202 779 2230 in
795 2202 883 2232 tribu
897 2213 951 2232 ur-

257 2242 341 2272 bana
366 2248 458 2272 erat:
483 2245 516 2272 in
543 2253 607 2281 qua
633 2243 688 2281 qui
712 2249 819 2279 erant,
849 2245 950 2284 magi-

255 2288 378 2314 stratus
401 2290 511 2324 petere
536 2290 570 2316 et
595 2286 739 2325 accipere
766 2295 833 2316 non
859 2293 950 2327 pote-

257 2332 342 2356 rant.

298 2371 337 2402 ‘27
359 2373 556 2408 prostat-tam
584 2368 710 2407 togam]
740 2368 845 2399 Miror
868 2370 952 2399 viros

256 2409 368 2441 doctos
389 2411 442 2440 hic
465 2411 602 2441 haesisse.
629 2410 879 2449 intelligendum
902 2416 951 2442 cst

256 2452 295 2482 de
322 2453 374 2490 iis,
401 2454 455 2492 qui
484 2454 714 2491 magistratum
743 2460 950 2490 accusarunt,

255 2504 356 2533 eoque
371 2494 540 2531 damnato,
557 2494 636 2533 legis
658 2494 806 2534 praemiO,
821 2496 889 2533 ejus
904 2495 950 2525 lo-

255 2546 330 2566 cum
356 2537 584 2573 obtinuerunt,
607 2546 708 2575 eoque
736 2543 847 2575 togam
872 2546 954 2576 prae-

255 2582 392 2611 textam,
439 2580 524 2609 Satis
538 2583 609 2608 erat
618 2583 815 2618 pratariam
835 2578 952 2615 dicere,

254 2618 337 2650 dixit
363 2625 474 2659 togam
499 2630 551 2659 pr.
578 2628 616 2650 ut
645 2624 830 2660 aequaretur
857 2620 952 2651 alteri

254 2664 448 2693 sententiam
458 2663 658 2702 praetoriam.

296 2707 336 2734 28
353 2715 414 2735 non
436 2706 492 2734 illo
513 2704 658 2743 inimico]
684 2703 799 2733 Lamb.
814 2704 950 2742 corrigit

254 2747 392 2777 mimico.
416 2756 481 2776 non
504 2747 594 2776 bene.
617 2756 693 2776 nam
711 2745 859 2775 mimicus
873 2746 950 2776 dens

252 2793 336 2820 esset
361 2789 401 2819 ad
430 2789 613 2818 irrisionem
643 2786 761 2824 mod03
797 2796 870 2826 quae
896 2787 948 2818 hic

252 2840 319 2860 non
345 2831 475 2861 sufficit.
524 2830 601 2860 Mox
624 2840 683 2870 pro
709 2830 858 2859 concessit
882 2830 946 2862 Μς.

251 2875 314 2904 Cu.
329 2874 421 2903 cessit
433 2886 441 2902 :
464 2878 503 2902 ut
514 2872 585 2903 edd.
602 2881 649 2912 pr.
667 2870 753 2902 Illud
770 2871 895 2907 melius.

1037 1953 1076 1982 99
1103 1953 1136 1980 z'n
1159 1951 1264 1980 ruinis
1285 1951 1410 1986 vestris,
1434 1951 1610 1989 nostrisque
1628 1950 1691 1979 dis-

994 1993 1123 2031 cordiis]
1152 1993 1313 2031 Loquitur
1333 1993 1385 2022 hic
1405 1992 1519 2022 Cicero
1535 1992 1572 2022 de
1595 2001 1640 2028 se,
1657 1998 1689 2023 et

994 2034 1033 2064 de
1056 2035 1120 2064 suis
1146 2035 1248 2064 malis.
1291 2034 1481 2073 Legendnm
1505 2034 1616 2073 putavi
1635 2044 1689 2064 ηο-

993 2078 1079 2105 slris.
1108 2076 1152 2105 sic
1184 2076 1286 2116 reperi
1322 2077 1354 2105 in
1392 2076 1455 2106 Ms.
1484 2075 1590 2105 Guelf.
1617 2075 1688 2106 edd.

993 2118 1089 2148 dunt.
1103 2119 1178 2148 Ald.
1197 2120 1254 2148 ἃς.
1271 2118 1380 2156 itaque
1397 2118 1511 2157 recepi.
1541 2117 1623 2147 Eud.
1639 2127 1687 2156 pr.

994 2161 1094 2190 ctiam
1117 2161 1293 2199 vestrisque
1318 2160 1491 2190 discordiis.
1517 2159 1691 2189 P.'Manu-

994 2203 1059 2231 tius
1075 2204 1174 2232 etiam
1198 2203 1342 2241 unisque
1363 2201 1527 2231 discordiis
1549 2211 1691 2231 comme-

994 2251 1113 2279 morat,
1129 2250 1159 2274 ct
1184 2244 1222 2273 de
1245 2244 1368 2274 duabus
1392 2243 1536 2281 partibus
1560 2244 1594 2272 in
1620 2253 1687 2283 rep.

993 2287 1144 2326 explicat.
1160 2287 1290 2316 frustra.
1313 2286 1347 2315 in
1371 2285 1448 2314 Mss.
1472 2284 1608 2315 subinde
1632 2295 1689 2325 per

994 2337 1223 2377 compendium
1252 2343 1301 2367 est
1328 2339 1480 2376 vtrisqne.
1537 2337 1598 2367 Sed
1626 2347 1687 2375 ego

995 2379 1133 2409 alterum
1149 2379 1230 2409 illud
1245 2380 1421 2418 nostrisque
1435 2380 1600 2409 discordiis
1614 2388 1689 2418 spu-

995 2422 1078 2450 rium
1095 2431 1162 2451 esse
1186 2431 1250 2450 non
1273 2421 1400 2456 dubito,
1415 2427 1449 2451 et
1471 2431 1488 2450 e
1514 2421 1688 2460 superiori-

995 2463 1052 2493 bus
1090 2464 1285 2502 repetitum:
1326 2463 1410 2492 unde
1438 2463 1529 2492 uncis
1559 2462 1687 2492 inclusi.

995 2514 1070 2534 nam
1097 2514 1203 2534 sermo
1231 2510 1280 2534 est
1309 2504 1347 2534 de
1375 2504 1471 2534 exilio
1501 2504 1687 2537 Ciceroms;

998 2547 1050 2576 ubi
1067 2546 1243 2584 nullaejam
1260 2545 1426 2576 discordiae¹
1440 2547 1616 2576 Ciceronis.

1037 2592 1078 2618 30
1096 2598 1213 2618 munus
1235 2590 1291 2617 hoe
1313 2589 1481 2627 meritum]
1510 2588 1582 2618 Hoc
1607 2588 1686 2618 mihi

997 2640 1162 2669 nunqnam
1180 2631 1312 2670 placuit.
1328 2631 1397 2668 quis
1413 2631 1459 2659 ita
1473 2640 1618 2669 unquam
1641 2630 1689 2659 di-

992 2673 1063 2702 xit?
1091 2672 1165 2701 Post
1193 2673 1308 2711 reperi,
1339 2672 1536 2702 Lambinum
1563 2672 1686 2702 dedisse

992 2715 1116 2750 merito,
1131 2714 1183 2743 sed
1199 2724 1216 2743 e
1231 2716 1429 2753 coniectura.
1446 2714 1476 2743 id
1491 2724 1602 2744 verum
1618 2723 1686 2744 csse

993 2765 1057 2786 non
1074 2755 1198 2786 dubito.
1244 2756 1303 2786 Est
1325 2761 1436 2785 antem
1459 2755 1615 2794 adjective
1635 2765 1688 2786 ca-

991 2799 1156 2837 piendum.
1201 2797 1291 2828 Nota
1306 2797 1457 2828 Lambini
1480 2798 1514 2828 in
1530 2797 1581 2828 ed.
1596 2798 1686 2827 Grae-

989 2841 1031 2870 vii
1048 2844 1201 2879 corrupta
1215 2847 1275 2870 est.
