1812 3147
286 128 364 162 350
861 126 1114 165 ORATIO

236 244 280 276 15
295 243 505 270 annonam
529 245 608 271 nec
629 231 804 287 opinata
823 231 962 272 vilitas
985 239 1215 272 consecuta
1231 237 1308 270 est.
1354 229 1502 280 Erant,
1520 228 1593 284 qui
1616 227 1717 271 deos

297 286 557 328 immortales
595 288 656 339 (id
690 288 803 343 quod
838 303 920 344 ego
959 289 1115 337 sentio)
1151 286 1374 327 ¹28numine
1416 300 1491 326 suo
1533 286 1715 327 reditum

294 357 438 383 meum
460 344 650 385 dicerent
673 346 987 401 comprobasse.
1020 344 1211 385 nonnulli
1242 353 1382 384 autem
1406 343 1518 384 illam
1549 356 1637 383 rem
1667 342 1721 383 ad

297 398 410 440 illam
442 401 649 442 rationem
682 402 1060 457 conjecturamque
1095 402 1367 450 revocabant,
1400 400 1488 455 qui,
1523 399 1638 454 quod
1676 398 1720 439 in

296 469 391 497 meo
415 457 551 498 reditu
574 473 667 513 spes
686 459 761 498 otii
779 469 821 498 et
840 459 1080 499 concordiae
1105 459 1185 498 sita
1204 457 1441 507 videbatur,
1465 457 1506 496 in
1529 457 1719 497 discessu

295 522 435 554 autem
457 515 731 568 quotidianus
755 515 975 555 seditionis
998 515 1244 568 timor,jam
1269 528 1392 570 paenc
1424 513 1519 554 belli
1542 511 1721 568 depulso

295 581 427 621 metu,
451 580 759 611 commutatam
777 586 989 612 annonam
1013 572 1239 612 dicebant:
1272 585 1367 625 quae
1389 570 1489 624 quia
1513 584 1653 610 rursus
1677 569 1721 609 in

296 640 392 667 meo
415 628 550 668 reditu
579 628 693 669 facta
713 638 803 668 erat
824 628 982 678 durior,
1005 643 1029 668 a
1050 642 1132 677 me,
1155 627 1276 682 cujus
1307 627 1491 666 adventu
1515 626 1605 666 fore
1629 625 1722 665 vili-

247 694 280 747 7
301 692 428 724 tatem
470 685 570 725 boni
604 684 682 725 viri
722 688 761 719 29
775 684 1036 735 dictitarant,
1070 699 1239 724 annona
1274 683 1565 739 flagitabatur.
1626 681 1720 737 Ego

297 740 480 796 denique
501 756 586 781 non
612 741 747 782 solum
771 742 825 782 ab
848 742 987 796 operis
1012 742 1109 791 tuis,
1135 740 1316 796 impulsu
1343 750 1431 789 tuo,
1454 739 1721 790 nominabar,

298 798 369 837 sed
392 799 535 848 etiam,
555 797 743 854 depulsis
765 812 814 839 ac
836 798 1051 853 dissipatis
1072 798 1154 838 tuis
1173 797 1323 854 copiis,
1338 812 1362 837 a
1385 796 1544 852 populo
1562 795 1719 836 Roma-

298 868 354 894 no
386 855 598 905 universo,
628 855 698 909 qui
733 864 821 895 tum
856 855 898 894 in
931 854 1193 910 Capitolium
1225 863 1496 904 convenerat,
1517 867 1615 894 eum
1648 851 1720 893 illo

240 913 287 946 16
299 911 367 951 die
400 912 539 952 minus
564 912 758 962 valerem,
786 911 1037 952 nominatim
1063 911 1104 951 in
1131 920 1323 952 senatum
1355 911 1551 951 vocabar.
1611 909 1719 949 Veni

297 979 585 1023 exspectatus.
618 968 761 1008 multis
781 968 1002 1008 sententiis
1019 968 1112 1023 jam
1135 968 1274 1018 dictis,
1306 976 1479 1023 rogatus
1512 980 1603 1006 sum
1627 980 1721 1006 sen-

296 1025 490 1065 tentiam.
522 1026 611 1065 dixi
639 1025 884 1080 reipublicae
918 1025 1251 1075 saluberrimam,
1286 1024 1390 1064 mibi
1425 1023 1720 1064 necessariam.

299 1081 532 1122 Petebatur
547 1098 570 1122 a
585 1097 651 1122 me
665 1082 866 1122 frumenti
884 1083 1024 1138 copia,
1041 1097 1222 1123 annonae
1240 1081 1404 1133 vilitas3
1437 1080 1608 1135 30quasi
1625 1094 1722 1135 pos-

298 1152 385 1178 sem
416 1138 574 1194 aliquid
609 1140 652 1179 iu
683 1153 732 1179 ea
762 1154 805 1179 re
839 1140 1047 1194 gerenda:
1082 1154 1166 1179 non
1198 1139 1451 1179 habebatur.
1493 1135 1721 1193 flagitabar

254 1191 505 1236 b2b011oru1n
549 1195 908 1251 expostulatione.
957 1197 1248 1252 improborum
1286 1194 1482 1236 convicia
1516 1193 1722 1234 sustinere

296 1267 382 1292 non
417 1262 624 1308 poteram.
647 1255 682 1283 31
700 1252 892 1308 delegavi
923 1254 1061 1294 amico
1095 1252 1378 1308 locupletiori,
1408 1266 1492 1292 non
1530 1265 1615 1306 quo
1646 1249 1721 1301 illi,

297 1309 357 1349 ita
392 1309 539 1350 deme
581 1310 748 1359 merito,
787 1325 894 1350 onus
936 1310 1038 1350 illud
1078 1309 1341 1364 imponerem
1383 1308 1722 1361 (succubuissem

296 1366 410 1405 enim
446 1367 588 1422 potius
613 1366 719 1422 ipse)
743 1367 812 1407 sed
846 1366 945 1422 quia
971 1366 1167 1407 videbam
1192 1367 1247 1417 id,
1270 1365 1382 1420 quod
1407 1379 1575 1406 omnes:
1607 1363 1723 1419 quod

296 1437 375 1463 nos
397 1423 448 1464 de
484 1423 565 1464 Cn.
588 1423 797 1478 Pompeio
830 1423 1139 1479 polliceremur,
1170 1423 1211 1464 id
1246 1422 1362 1463 illum
1394 1422 1490 1471 fide,
1522 1421 1718 1471 consilio,

300 1479 473 1530 virtute,
504 1481 773 1531 auctoritate,
807 1480 1011 1521 felicitate
1035 1480 1218 1535 denique
1250 1495 1325 1520 sua
1354 1479 1553 1520 facillime
1587 1477 1723 1534 perfe-

241 1544 485 1582 17‘cturum.
548 1537 714 1591 Itaque,
740 1537 828 1578 sive
853 1537 965 1577 hunc
987 1537 1045 1577 dii
1067 1537 1330 1577 immortales
1350 1536 1533 1577 fructum
1557 1535 1639 1576 mei
1662 1549 1726 1576 re·-

298 1593 412 1634 ditus
436 1594 594 1650 populo
621 1594 817 1635 Romano
842 1595 1049 1644 tribuunt,
1072 1603 1134 1645 ut,
1155 1593 1515 1649 quemadmodum
1537 1592 1723 1633 discessu

296 1664 393 1691 meo
423 1652 597 1706 frugum
621 1651 779 1706 inopia,
812 1651 960 1701 fames,
989 1652 1181 1701 vastitas,
1205 1651 1357 1701 caedes,
1380 1649 1591 1700 incendia,
1614 1649 1726 1705 rapi-

294 1721 378 1759 nae,
414 1709 618 1749 scelerum
651 1708 898 1762 impunitas,
931 1708 1047 1763 fuga,
1071 1707 1270 1758 formido,
1301 1706 1515 1748 discordia
1544 1706 1722 1747 fuisset:

295 1765 356 1805 sie
390 1765 526 1806 reditu
562 1779 657 1805 meo
693 1766 862 1806 ubertas
886 1779 1102 1821 agrorum,
1125 1765 1295 1819 frugum
1331 1764 1470 1820 copia,
1505 1777 1599 1819 spes
1628 1762 1723 1813 otii,

297 1822 580 1876 tranquillitas
614 1822 872 1872 animorum,
906 1822 1088 1878 judicia,
1119 1821 1247 1877 leges,
1290 1821 1520 1863 concordia
1559 1819 1722 1876 populi,

296 1890 465 1918 senatus
503 1878 752 1928 auctoritas,
781 1893 949 1919 meeum
984 1878 1106 1919 simul
1143 1879 1317 1919 reducta
1352 1878 1598 1919 videantur:
1632 1877 1720 1917 sive

293 1945 466 1989 egomet
488 1936 646 1990 aliquid
679 1936 865 1976 adventu
899 1950 1009 1985 meo,
1033 1935 1226 1985 consilio,
1247 1935 1515 1984 auctoritate,
1540 1933 1721 1988 diligen-

294 1991 368 2040 tia,
391 1995 431 2022 39
445 2007 520 2048 pro
546 2001 665 2032 tanto
700 1993 907 2033 beneficio
940 1992 1087 2048 populi
1124 1992 1307 2032 Romani
1333 2001 1532 2048 praestare
1567 1990 1721 2031 debui:

292 2058 476 2102 praesto:
512 2049 733 2104 promitto,
756 2050 960 2105 spondeo.
992 2049 1099 2089 nihil
1124 2049 1220 2089 (lico
1253 2049 1456 2105 amplius:
1489 2048 1585 2097 hoc,
1607 2048 1721 2102 quod

294 2105 395 2146 satis
422 2115 486 2146 cst
507 2106 608 2148 huic
632 2107 829 2162 tempori,
852 2106 964 2158 dico,
986 2106 1293 2163 rempublicam
1324 2120 1505 2147 aunonae
1528 2105 1717 2154 nomine,

332 2263 372 2292 28
395 2262 527 2291 numine
541 2262 610 2301 suo]
636 2262 675 2292 vi
699 2272 767 2298 sua,
785 2273 856 2301 quae
878 2273 910 2292 s(-
933 2274 986 2293 ex-

292 2310 412 2333 sereret
428 2304 461 2332 in
478 2304 603 2333 vilitate
630 2304 764 2333 reddita.
790 2306 911 2334 reditus
932 2316 985 2334 :ni-

293 2351 361 2374 lcin
394 2345 625 2384 intelligendus
651 2345 688 2375 de
711 2346 839 2376 ‹lt-creto
869 2348 984 2377 reditu.

293 2397 367 2416 mox
385 2387 526 2417 inillam
549 2398 615 2418 rem
641 2388 686 2416 ad
711 2389 802 2417 illam
828 2390 986 2419 rationem

292 2429 434 2468 primum
464 2430 558 2458 illam
588 2429 781 2460 delendum:
819 2436 853 2460 ct
877 2436 987 2461 tamen

293 2470 488 2510 relinquitur
502 2471 611 2509 aliqua
625 2471 771 2501 ‹turim-s.

335 2516 375 2544 29
398 2513 606 2551 dictitabant]
625 2514 692 2543 Ser.
706 2513 910 2543 dictitarant.
925 2514 987 2543 Res

292 2559 342 2584 est
358 2555 537 2594 perspicua.
552 2555 660 2592 itaque
670 2556 714 2584 sic
730 2556 864 2585 correxi.
911 2556 987 2585 Mox

293 2596 435 2635 depulsis
452 2597 512 2626 int.
529 2597 566 2626 dc
582 2597 665 2634 soro,
683 2598 736 2626 ubi
752 2607 927 2626 ‹eom-ursus
945 2599 989 2627 l'a—

292 2642 376 2668 ctus.

334 2683 374 2709 30
396 2679 859 2719 qumipossem—-ItabcLamr]
886 2680 986 2710 issam·

294 2722 422 2751 variant
448 2722 521 2751 libri
550 2724 582 2751 in
617 2723 678 2752 hoc
706 2723 776 2752 loco
814 2723 923 2761 scripti
954 2729 987 2750 ι-ῐ,

292 2763 380 2793 editi.
425 2764 547 2794 Omnes
570 2770 648 2794 sunt
670 2765 794 2794 vitiosi:
830 2774 888 2794 nec
913 2774 989 2792 vcu-

288 2806 428 2842 jecturis
444 2806 565 2844 aliquid
589 2807 776 2844 expeditum
794 2812 852 2835 cst.
897 2806 988 2835 Arbi-

293 2855 363 2877 tror
379 2853 485 2878 totuin
500 2858 567 2878 esse
584 2849 772 2886 insititiuni,
790 2855 822 2878 ct
837 2860 852 2878 a
870 2848 988 2887 glossa-

1029 2263 1153 2293 toribus
1176 2268 1299 2297 ortum,
1324 2264 1377 2302 qui
1403 2261 1520 2301 aliquid
1543 2261 1651 2292 simile·
1670 2270 1724 2291 su-

1031 2305 1207 2344 perioribus
1223 2305 1316 2335 initio
1332 2305 1457 2345 capitis,
1473 2304 1611 2343 intelligi
1630 2309 1725 2344 puta-

1031 2348 1120 2378 bant.

1072 2392 1107 2419 31
1135 2389 1281 2427 delegavi
1304 2389 1407 2418 (mico
1431 2387 1641 2428 locupletiori]
1660 2388 1722 2418 Ln-

1031 2431 1197 2470 cupletinrz'
1224 2441 1289 2460 non
1318 2431 1446 2470 proprie
1472 2431 1604 2466 dicitur,
1640 2430 1724 2459 sicut

1033 2483 1091 2502 nc(-
1114 2474 1284 2511 delegare:
1307 2473 1361 2502 scd
1385 2474 1507 2512 tropice
1531 2477 1563 2502 et
1590 2476 1723 2501 venuste

1030 2525 1089 2554 pro
1112 2526 1162 2549 co,
1177 2516 1230 2553 qui
1255 2516 1410 2553 majora-ni
1428 2515 1471 2544 rei
1486 2513 1660 2544 efficienda!
1676 2513 1722 2543 fa·

1031 2557 1188 2586 ‹sultam-m
1207 2556 1317 2587 habet:
1342 2564 1380 2586 ut
1401 2568 1418 2586 e
1442 2556 1651 2595 sequentibus
1673 2556 1721 2585 in-

1032 2599 1204 2635 alligitur.

1073 2645 1110 2670 :12
1131 2651 1192 2678 pro
1207 2645 1295 2669 lamae
1320 2640 1464 2680 lwncficio
1482 2641 1593 2678 populi
1610 2638 1720 2678 Rom]

1030 2684 1173 2713 Grau-ius
1186 2694 1203 2711 e
1216 2683 1278 2712 Ms.
1295 2692 1351 2710 sun
1365 2683 1450 2712 aedit
1463 2683 1579 2721 smpzelo
1592 2682 1634 2712 R.
1646 2691 1723 2719 quo·
1778 2702 1780 2707 .

1030 2735 1102 2753 cuni
1115 2725 1277 2753 consentit
1292 2725 1353 2753 Gu.
1398 2724 1459 2753 Sed
1474 2724 1641 2762 vulgatum
1657 2732 1723 2753 me-

1035 2766 1106 2802 lius,
1134 2767 1218 2805 quod
1234 2767 1265 2795 in
1288 2776 1325 2794 eo
1346 2775 1409 2795 non
1437 2767 1483 2795 ita
1508 2766 1654 2803 frequens
1675 2770 1726 2797 est
1778 2765 1779 2768 ’

1032 2809 1144 2837 cadoni
1168 2809 1369 2841 terminatio,
1386 2817 1457 2845 qum
1474 2807 1609 2837 offendit
1632 2815 1722 2837 aures
1775 2805 1776 2808 ’

1034 2861 1119 2880 int-as
1134 2850 1166 2879 in
1182 2850 1320 2880 lectione
1334 2852 1421 2879 Grau
1432 2851 1515 2879 iana.
