1785 3185
474 100 824 141 PHILIPPICA
849 99 1119 148 SEPTIMA,
1418 99 1518 140 1855.

147 203 260 247 Satis
300 203 436 246 multa
463 205 516 246 de
547 203 825 260 turpitudine.
888 203 1045 244 Dicam
1076 202 1292 258 deinceps,
1327 209 1374 242 ut
1416 215 1513 257 pro·
1529 214 1577 260 ις

89 261 228 323 posui,
250 261 303 301 de
335 261 547 317 periculo:
579 261 694 315 quod
723 260 803 301 etsi
835 259 975 300 minus
1005 268 1069 299 est
1095 259 1363 314 fugiendum,
1386 271 1516 313 quam

91 317 336 372 turpitudo:
370 326 508 358 tamen
532 317 714 358 offendit
741 316 906 358 animos
933 315 1108 370 majoris
1138 316 1268 370 partis
1293 315 1515 355 hominum

92 373 245 428 magis.
308 373 510 415 Poteritis
532 374 664 431 igitur
684 372 953 430 exploratam
984 372 1143 413 habere
1164 385 1329 426 pacem,
1349 386 1447 412 cum
1472 370 1564 428 in6

93 431 270 477 civitate
291 430 531 472 Antonium
553 431 769 482 videbitis,
790 430 855 471 vel
876 431 1019 486 potius
1041 428 1282 469 Antonios?
1304 428 1385 468 nisi
1406 427 1518 470 forte
1551 429 1554 433 “

95 487 371 531 contemnitis
396 487 592 530 Lucium.
613 503 696 545 ego
728 502 783 529 ne
813 486 968 528 Caium
989 486 1178 542 quidem.
1197 484 1285 535 sed,
1308 493 1356 525 ut
1378 484 1520 537 video,

93 543 386 594 dominabitur
420 545 591 587 Lucius.
629 555 694 586 est
734 545 849 586 enim
891 554 1099 600 patronus
1135 554 1274 584 xxxv
1312 540 1520 592 tribuum,

94 614 289 656 quarum,
309 616 385 643 sua
406 601 514 658 lege,
536 617 621 658 qua
641 617 738 644 cum
763 601 815 643 C.
841 599 1016 642 Caesare
1035 599 1314 655 magistratus
1336 597 1519 653 partitus

92 666 172 709 est,
205 657 456 715 suffragium
483 659 679 701 sustulit:
711 669 915 715 patronus
937 660 977 689 28
991 657 1280 699 centuriarum
1309 654 1520 710 equitum,

91 728 198 770 quas
222 714 322 756 item
345 716 435 757 sine
454 716 658 772 suffragio
680 730 770 757 esse
794 715 946 756 voluit:
979 717 1020 749 529
1032 722 1235 770 patronus
1259 725 1422 763 eorum,
1444 712 1518 766 qui

94 770 256 814 tribuni
275 772 478 814 militares
498 773 690 824 fuerunt;
712 782 917 828 patronus
938 769 1039 812 Jani
1058 770 1204 811 medii.
1248 768 1288 810 O
1310 769 1391 811 dii!
1422 769 1518 824 quis
1532 779 1583 818 17

92 826 222 883 hujus
245 830 482 884 potentiam
505 831 662 886 poterit
683 829 917 870 sustinere?
949 828 1188 884 praesertim
1217 840 1316 867 cum
1347 826 1521 867 eosdem

96 884 140 925 in
163 899 287 941 agros
309 886 439 927 etiam
459 887 699 928 deduxerit.
721 887 817 941 quis
841 899 1043 941 umquam
1062 898 1210 925 omnes
1235 883 1395 924 tribus?
1426 883 1522 937 quis

94 942 258 996 equites
293 942 541 985 Romanos?
583 944 680 999 quis
716 944 910 984 tribunos
947 942 1181 983 militares?
1224 939 1526 981 Gracchorum

96 999 336 1053 potentiam
367 1000 573 1055 majorem
597 1001 728 1042 fuisse
749 1000 1032 1050 arbitramini,
1054 1012 1183 1054 quam
1205 996 1335 1052 hujus
1362 996 1524 1053 gladia-

97 1055 203 1096 toris
224 1055 368 1097 futura
389 1058 469 1098 sit?
499 1072 627 1112 quem
648 1057 929 1114 gladiatorem
951 1070 1038 1097 non
1063 1057 1122 1096 ita
1144 1054 1373 1110 appellavi,
1393 1063 1442 1095 ut
1459 1053 1527 1095 in-

99 1112 266 1153 terdum
287 1114 417 1154 etiam
443 1113 511 1155 Μ.
539 1114 756 1156 Antonius
779 1114 991 1170 gladiator
1012 1110 1216 1169 appellari
1241 1111 1363 1162 solet,
1380 1110 1453 1152 sed
1476 1120 1527 1152 ut

96 1169 313 1225 appellant
344 1171 388 1222 ii,
419 1172 492 1226 qui
525 1172 648 1228 plane
677 1182 722 1213 et
753 1172 886 1212 latine
923 1170 1172 1225 loquuntur.
1232 1167 1444 1210 Mirmillo
1477 1169 1524 1209 in

97 1225 204 1267 Asia
223 1227 503 1284 depugnavit.
525 1244 624 1270 cum
646 1238 838 1270 ornasset
868 1226 1135 1268 Threcidicis
1162 1226 1367 1267 comitem
1396 1233 1440 1266 et
1461 1223 1523 1266 fa·
1534 1241 1568 1272 b,

98 1282 307 1326 miliarem
327 1300 465 1336 suum,
488 1286 606 1327 illum
635 1287 836 1327 miserum
868 1284 1107 1341 fugientem
1128 1282 1375 1338 jugulavit:
1405 1282 1526 1323 lucu-

99 1338 259 1382 lentam
293 1351 434 1383 tamen
471 1343 562 1399 ipse
596 1343 770 1400 plagam
804 1342 987 1397 accepit,
1023 1351 1071 1381 ut
1104 1340 1294 1382 declarat
1327 1339 1527 1381 cicatrix.

104 1396 191 1443 Qui
215 1397 467 1441 familiarem
497 1400 727 1456 jugularit,
748 1400 854 1456 quid
882 1399 970 1450 hic,
1003 1397 1230 1440 occasione
1259 1397 1376 1447 data,
1396 1396 1527 1438 faciet
1541 1396 1588 1431 18

101 1453 306 1498 inimico?
336 1465 380 1496 et
395 1457 468 1512 qui
486 1457 588 1499 illud
605 1458 737 1498 animi
754 1471 883 1498 causa
898 1455 1064 1507 fecerit,
1086 1455 1202 1496 hunc
1224 1453 1383 1510 praedae
1400 1469 1531 1496 causa

99 1511 205 1566 quid
239 1511 453 1555 facturum
491 1515 678 1570 putatis?
709 1529 796 1556 non
828 1527 970 1554 rursus
1009 1512 1230 1568 improbos
1262 1511 1537 1554 decuriabit?

100 1582 189 1609 non
227 1569 477 1612 sollicitabit
508 1586 650 1613 rursus
687 1571 902 1628 agrarios?
937 1584 1024 1611 non
1055 1578 1221 1624 quaeret
1247 1568 1537 1624 soexpulsos9

104 1624 172 1666 M.
204 1641 304 1667 vero
325 1627 541 1670 Antonius
571 1643 659 1670 non
690 1629 725 1669 is
753 1629 851 1680 erit,
884 1627 936 1668 ad
967 1640 1096 1682 quem
1126 1625 1244 1667 omni
1275 1634 1398 1666 motu
1428 1640 1534 1667 con-

101 1697 250 1725 cursus
273 1684 349 1725 fiat
368 1685 528 1726 civium
550 1686 843 1742 perditorum?
866 1684 927 1726 Ut
945 1698 1072 1725 nemo
1091 1683 1146 1724 sit
1166 1683 1289 1734 alius,
1305 1685 1342 1713 31
1355 1682 1438 1724 nisi
1457 1682 1536 1736 illi,

101 1740 176 1795 qui
195 1755 280 1782 una
300 1750 414 1793 sunt,
434 1751 479 1783 et
500 1742 559 1794 hi,
580 1743 653 1798 qui
676 1742 748 1784 hic
770 1743 808 1784 ei
831 1756 946 1783 nunc
967 1751 1114 1797 aperte
1130 1740 1302 1782 favent:
1326 1754 1541 1796 paruan

102 1808 229 1838 erunt
248 1798 400 1841 multi?
430 1801 668 1855 praesertim
688 1802 838 1840 32cu1n
860 1799 1070 1840 bonorum
1092 1797 1293 1854 praesidia
1314 1798 1535 1850 cesserint,

103 1853 164 1895 illi
196 1856 332 1910 parati
354 1856 440 1896 sint
471 1857 524 1898 ad
560 1866 714 1898 nutum
745 1856 909 1898 futuri?
942 1854 1037 1911 Ego
1070 1869 1172 1896 vero
1202 1863 1364 1905 metuo,
1384 1854 1418 1895 si
1448 1853 1534 1896 hoc

104 1919 298 1967 tempore
319 1913 498 1955 consilio
518 1913 628 1969 lapsi
657 1913 830 1966 erimus,
851 1927 906 1953 ne
935 1913 996 1954 illi
1030 1912 1149 1955 brevi
1180 1920 1374 1967 tempore
1403 1911 1533 1953 nimis

103 1968 229 2009 multi
251 1969 376 2010 nobis
397 1984 488 2011 esse
509 1971 749 2011 videantur.
811 1969 905 2011 Nec
926 1984 1008 2026 ego
1032 1983 1182 2026 pacem
1203 1968 1329 2010 nolo:
1362 1968 1435 2011 sed
1458 1983 1532 2025 pa·
1546 1974 1595 2013 19

103 2024 164 2065 cis
184 2026 358 2068 nomine
386 2027 545 2069 bellum
567 2027 862 2070 33involutum
885 2026 1134 2068 reformido.
1195 2026 1341 2073 Quare
1371 2025 1406 2068 si
1427 2040 1534 2083 pace

145 2150 185 2180 28
199 2152 425 2182 centuriarum
439 2161 509 2192 equ..
526 2151 636 2192 Rom]
653 2151 748 2184 Rom.
764 2153 800 2183 in

106 2190 171 2222 Gu.
186 2199 236 2222 est
251 2194 339 2223 inter
353 2202 480 2224 versus:
505 2194 659 2233 abestque
675 2205 693 2224 a
706 2195 798 2226 Leid.

106 2232 215 2274 Huyd.
230 2239 264 2265 et
278 2234 348 2267 edd.
363 2244 411 2275 pr.
446 2236 533 2277 Quia
547 2237 660 2267 Cicero
674 2240 709 2267 et
722 2237 800 2268 alibi

106 2277 273 2307 centurias
302 2279 448 2317 equitum
474 2279 544 2309 sine
580 2278 676 2310 Rom.
707 2279 798 2316 dicit,

105 2317 250 2358 itemque
264 2319 319 2350 alii
334 2320 520 2360 scriptores,
535 2319 568 2350 id
583 2320 699 2352 delevi,
722 2321 800 2352 Post

107 2359 186 2437 3⁸3
214 2371 274 2402 pro
300 2362 386 2393 idem
409 2372 487 2393 cum
519 2363 649 2393 Graevio
682 2374 700 2395 e
721 2363 800 2396 Vat.

150 2446 191 2478 29
200 2449 364 2484 patronus
374 2446 500 2487 eorum]
516 2446 597 2477 Mss.
606 2447 752 2487 plerique
767 2448 803 2479 in

883 2154 921 2182 31
946 2152 1009 2182 nisi
1031 2151 1156 2182 illi-—et
1171 2149 1218 2190 hi]
1250 2149 1302 2182 Sic
1318 2159 1394 2183 cum.
1409 2150 1540 2191 Graevio

841 2193 924 2225 edidi
941 2204 999 2234 pro
1014 2194 1078 2224 nisi
1092 2194 1190 2224 ii-et
1201 2194 1238 2226 ii⁴
1270 2193 1323 2225 Sic
1338 2202 1466 2234 quoque
1481 2192 1539 2227 ha-

842 2236 898 2268 bet
914 2236 1022 2268 Guelf-

885 2281 926 2310 32
953 2288 983 2310 c.
1010 2278 1164 2313 bonorum
1184 2277 1342 2318 prcesidia
1367 2277 1538 2317 cesserint]

841 2319 896 2352 Sic
912 2319 984 2351 edd.
999 2324 1081 2353 vett.
1125 2319 1165 2351 In
1180 2329 1241 2351 ser.
1258 2320 1440 2359 nonnullis,
1454 2325 1492 2353 ut
1502 2326 1544 2351 ee

842 2362 878 2392 in
890 2363 952 2394 Gu.
968 2362 1013 2393 H.
1025 2368 1075 2393 est
1084 2362 1256 2402 proesidiis.
1271 2361 1359 2395 unde
1373 2362 1544 2400 Ferrarius

843 2405 922 2436 fecit
937 2405 1008 2436 boni
1013 2404 1093 2446 jam
1103 2404 1265 2444 proesz‘diis
1279 2405 1450 2436 cesserim.-
1472 2404 1539 2436 ele-

845 2451 973 2487 ganter.
1016 2447 1079 2478 Sed
1091 2451 1205 2478 tamen
1219 2445 1355 2486 vulgata
1368 2447 1454 2481 bona
1474 2451 1536 2478 est.

109 2483 160 2520 his
174 2486 284 2518 Guelf.
300 2487 339 2519 L.
356 2488 400 2519 H.
413 2494 449 2519 et
461 2489 533 2520 edd.
549 2494 630 2521 vett.
640 2494 804 2530 patronus

98 2527 184 2569 j‘ori.
205 2528 291 2568 quod
311 2531 430 2561 merito
451 2532 671 2572 postpositum
691 2537 741 2563 est
755 2532 800 2564 le-

110 2570 215 2601 ctioni
241 2570 337 2602 hodie
364 2572 519 2613 vulgatae,
549 2583 648 2613 quam
674 2575 800 2614 primus

109 2611 200 2644 dedit
206 2613 242 2644 P.
256 2613 389 2647 Manut.
399 2625 428 2646 a.
444 2618 533 2648 1540.
547 2625 624 2647 nam
632 2618 802 2657 sequentia

109 2652 173 2685 hoc
187 2655 369 2695 postulant.

154 2699 196 2728 30
217 2698 377 2739 expulsos]
400 2697 430 2729 E
452 2700 596 2741 vestigiis
614 2699 691 2732 Vat.
714 2700 804 2733 addi-

113 2739 188 2776 tum
215 2746 265 2770 est
288 2741 388 2774 urbm
417 2746 537 2781 praeter
565 2744 804 2774 necessitatem.

114 2778 246 2812 Centies
255 2784 380 2822 expulsi
393 2793 450 2823 pro
459 2783 622 2816 exsulibus
638 2785 804 2817 dicuntur.

116 2821 196 2855 Mox
209 2825 297 2863 omni
309 2831 399 2858 motu
412 2826 496 2859 forte
511 2826 695 2863 addendum
710 2828 755 2859 in.

849 2489 967 2520 Cedere
980 2494 1031 2519 est
1045 2489 1155 2520 locum
1171 2488 1366 2528 relinquere.

853 2563 856 2565 ,
885 2533 925 2562 33
939 2530 1136 2571 involutum]
1150 2531 1202 2561 Sic
1214 2530 1293 2562 Mss.
1310 2530 1418 2562 Guelf.
1432 2528 1473 2561 L.
1488 2528 1534 2560 H.

843 2578 878 2605 at
898 2573 1017 2606 Lamb.
1039 2573 1129 2605 dedit
1149 2574 1334 2604 obvolutum
1356 2582 1374 2606 e
1388 2572 1538 2612 vestigiis

843 2615 1015 2654 librorum,
1024 2617 1078 2655 qui
1089 2615 1256 2648 habebant
1266 2616 1441 2651 ovohrtum,
1451 2614 1538 2653 quod

844 2667 912 2689 non
925 2667 1127 2698 spernerem,
1145 2657 1172 2688 si
1187 2657 1296 2698 plures
1312 2656 1386 2687 libri
1402 2657 1539 2687 assenti-

846 2705 972 2731 rentur.
1001 2708 1079 2732 nam
1101 2700 1136 2730 in
1159 2699 1216 2730 illo
1238 2707 1334 2730 sensu
1355 2698 1544 2728 obvolutum

846 2747 897 2773 est
910 2742 1079 2782 proprium
1093 2746 1128 2772 et
1140 2742 1300 2780 usitatum
1311 2751 1322 2772 ;
1345 2745 1382 2772 ut
1397 2750 1430 2770 os
1450 2740 1540 2771 obuo-

848 2786 955 2816 lutum
969 2789 1003 2816 et
1016 2783 1146 2816 similia.
