<?xml version="1.0" encoding="UTF-8"?>
<!DOCTYPE html PUBLIC "-//W3C//DTD XHTML 1.0 Transitional//EN"
    "http://www.w3.org/TR/xhtml1/DTD/xhtml1-transitional.dtd">
<html xmlns="http://www.w3.org/1999/xhtml" xml:lang="en" lang="en">
 <head>
  <title>
</title>
<meta http-equiv="Content-Type" content="text/html;charset=utf-8" />
  <meta name='ocr-system' content='tesseract 3.04.00' />
  <meta name='ocr-capabilities' content='ocr_page ocr_carea ocr_par ocr_line ocrx_word'/>
</head>
<body>
  <div class='ocr_page' id='page_1' title='image "./p2operaomnia02ciceuoft_0730.png"; bbox 0 0 1785 3185; ppageno 0'>
   <div class='ocr_carea' id='block_1_1' title="bbox 172 76 1001 119">
    <p class='ocr_par' dir='ltr' id='par_1_1' title="bbox 172 76 1001 119">
     <span class='ocr_line' id='line_1_1' title="bbox 172 76 1001 119; baseline -0.006 -1"><span class='ocrx_word' id='word_1_1' title='bbox 172 84 272 119; x_wconf 75' lang='lat'>1444</span> <span class='ocrx_word' id='word_1_2' title='bbox 752 76 1001 114; x_wconf 81' lang='lat' dir='ltr'><strong>ORATIO</strong></span> 
     </span>
    </p>
   </div>
   <div class='ocr_carea' id='block_1_2' title="bbox 48 179 1639 2284">
    <p class='ocr_par' dir='ltr' id='par_1_2' title="bbox 48 179 1639 2284">
     <span class='ocr_line' id='line_1_2' title="bbox 172 179 1605 236; baseline -0.002 -12"><span class='ocrx_word' id='word_1_3' title='bbox 172 183 246 225; x_wconf 86' lang='lat' dir='ltr'>lud</span> <span class='ocrx_word' id='word_1_4' title='bbox 281 179 571 223; x_wconf 83' lang='lat' dir='ltr'>admirabilius</span> <span class='ocrx_word' id='word_1_5' title='bbox 605 188 648 221; x_wconf 89' lang='lat' dir='ltr'>et</span> <span class='ocrx_word' id='word_1_6' title='bbox 684 180 836 236; x_wconf 85' lang='lat' dir='ltr'>majus,</span> <span class='ocrx_word' id='word_1_7' title='bbox 866 180 1139 234; x_wconf 82' lang='lat' dir='ltr'>maximeque</span> <span class='ocrx_word' id='word_1_8' title='bbox 1178 179 1397 235; x_wconf 86' lang='lat' dir='ltr'>proprium</span> <span class='ocrx_word' id='word_1_9' title='bbox 1433 182 1605 221; x_wconf 72' lang='lat' dir='ltr'>senatus</span> 
     </span>
     <span class='ocr_line' id='line_1_3' title="bbox 177 236 1604 295; baseline -0.001 -15"><span class='ocrx_word' id='word_1_10' title='bbox 177 239 380 295; x_wconf 80' lang='lat' dir='ltr'>sapientis</span> <span class='ocrx_word' id='word_1_11' title='bbox 402 248 479 288; x_wconf 87' lang='lat' dir='ltr'>est,</span> <span class='ocrx_word' id='word_1_12' title='bbox 502 247 623 293; x_wconf 83' lang='lat' dir='ltr'>grata</span> <span class='ocrx_word' id='word_1_13' title='bbox 654 251 800 277; x_wconf 86' lang='lat' dir='ltr'>eorum</span> <span class='ocrx_word' id='word_1_14' title='bbox 825 237 1023 278; x_wconf 83' lang='lat' dir='ltr'>virtutem</span> <span class='ocrx_word' id='word_1_15' title='bbox 1057 236 1263 277; x_wconf 83' lang='lat' dir='ltr'>memoria</span> <span class='ocrx_word' id='word_1_16' title='bbox 1296 237 1509 293; x_wconf 83' lang='lat' dir='ltr'>prosequi,</span> <span class='ocrx_word' id='word_1_17' title='bbox 1530 237 1604 292; x_wconf 80' lang='lat' dir='ltr'>qui</span> 
     </span>
     <span class='ocr_line' id='line_1_4' title="bbox 117 293 1605 352; baseline -0.001 -16"><span class='ocrx_word' id='word_1_18' title='bbox 117 312 163 346; x_wconf 81' lang='lat'>31</span> <span class='ocrx_word' id='word_1_19' title='bbox 180 310 256 352; x_wconf 89' lang='lat' dir='ltr'>pro</span> <span class='ocrx_word' id='word_1_20' title='bbox 280 295 416 351; x_wconf 80' lang='lat' dir='ltr'>patria</span> <span class='ocrx_word' id='word_1_21' title='bbox 438 297 567 335; x_wconf 78' lang='lat' dir='ltr'>vitam</span> <span class='ocrx_word' id='word_1_22' title='bbox 592 293 884 350; x_wconf 81' lang='lat' dir='ltr'>profuderunt.</span> <span class='ocrx_word' id='word_1_23' title='bbox 947 293 1143 339; x_wconf 83' lang='lat' dir='ltr'>Quorum</span> <span class='ocrx_word' id='word_1_24' title='bbox 1173 293 1225 333; x_wconf 91' lang='lat' dir='ltr'>de</span> <span class='ocrx_word' id='word_1_25' title='bbox 1253 293 1412 334; x_wconf 86' lang='lat' dir='ltr'>bonore</span> <span class='ocrx_word' id='word_1_26' title='bbox 1443 295 1605 334; x_wconf 84' lang='lat' dir='ltr'>utinam</span> 
     </span>
     <span class='ocr_line' id='line_1_5' title="bbox 179 349 1609 408; baseline -0.003 -14"><span class='ocrx_word' id='word_1_27' title='bbox 179 353 286 395; x_wconf 85' lang='lat' dir='ltr'>mihi</span> <span class='ocrx_word' id='word_1_28' title='bbox 322 352 440 408; x_wconf 83' lang='lat' dir='ltr'>plura</span> <span class='ocrx_word' id='word_1_29' title='bbox 472 352 513 391; x_wconf 90' lang='lat' dir='ltr'>in</span> <span class='ocrx_word' id='word_1_30' title='bbox 550 361 735 391; x_wconf 78' lang='lat' dir='ltr'><strong>mentem</strong></span> <span class='ocrx_word' id='word_1_31' title='bbox 758 349 973 390; x_wconf 83' lang='lat' dir='ltr'>venirent!</span> <span class='ocrx_word' id='word_1_32' title='bbox 1005 349 1089 390; x_wconf 84' lang='lat' dir='ltr'>duo</span> <span class='ocrx_word' id='word_1_33' title='bbox 1122 358 1235 390; x_wconf 85' lang='lat' dir='ltr'>certe</span> <span class='ocrx_word' id='word_1_34' title='bbox 1258 365 1340 390; x_wconf 89' lang='lat' dir='ltr'>non</span> <span class='ocrx_word' id='word_1_35' title='bbox 1368 351 1609 405; x_wconf 78' lang='lat' dir='ltr'>praeteribo,</span> 
     </span>
     <span class='ocr_line' id='line_1_6' title="bbox 180 406 1609 464; baseline -0.002 -15"><span class='ocrx_word' id='word_1_36' title='bbox 180 424 278 464; x_wconf 87' lang='lat' dir='ltr'>quae</span> <span class='ocrx_word' id='word_1_37' title='bbox 300 409 487 449; x_wconf 78' lang='lat' dir='ltr'>maxime</span> <span class='ocrx_word' id='word_1_38' title='bbox 509 417 762 448; x_wconf 84' lang='lat' dir='ltr'>occurrunt:</span> <span class='ocrx_word' id='word_1_39' title='bbox 795 421 975 461; x_wconf 87' lang='lat' dir='ltr'>quorum</span> <span class='ocrx_word' id='word_1_40' title='bbox 1007 407 1184 447; x_wconf 87' lang='lat' dir='ltr'>alterum</span> <span class='ocrx_word' id='word_1_41' title='bbox 1218 407 1400 462; x_wconf 83' lang='lat' dir='ltr'>pertinet</span> <span class='ocrx_word' id='word_1_42' title='bbox 1421 407 1472 447; x_wconf 81' lang='lat' dir='ltr'>ad</span> <span class='ocrx_word' id='word_1_43' title='bbox 1497 406 1609 446; x_wconf 89' lang='lat' dir='ltr'>viro-</span> 
     </span>
     <span class='ocr_line' id='line_1_7' title="bbox 185 462 1616 520; baseline -0.003 -14"><span class='ocrx_word' id='word_1_44' title='bbox 185 481 276 507; x_wconf 85' lang='lat' dir='ltr'>rum</span> <span class='ocrx_word' id='word_1_45' title='bbox 318 465 645 508; x_wconf 80' lang='lat' dir='ltr'>fortissimorum</span> <span class='ocrx_word' id='word_1_46' title='bbox 683 463 861 520; x_wconf 83' lang='lat' dir='ltr'>gloriam</span> <span class='ocrx_word' id='word_1_47' title='bbox 899 463 1225 517; x_wconf 84' lang='lat' dir='ltr'>sempiternam;</span> <span class='ocrx_word' id='word_1_48' title='bbox 1257 462 1432 503; x_wconf 86' lang='lat' dir='ltr'>alterum</span> <span class='ocrx_word' id='word_1_49' title='bbox 1470 463 1520 503; x_wconf 90' lang='lat' dir='ltr'>ad</span> <span class='ocrx_word' id='word_1_50' title='bbox 1557 462 1616 502; x_wconf 90' lang='lat' dir='ltr'>le-</span> 
     </span>
     <span class='ocr_line' id='line_1_8' title="bbox 105 519 1611 575; baseline -0.005 -9"><span class='ocrx_word' id='word_1_51' title='bbox 105 520 385 567; x_wconf 62' lang='lat' dir='ltr'>mumdum</span> <span class='ocrx_word' id='word_1_52' title='bbox 411 535 635 561; x_wconf 64' lang='lat' dir='ltr'>moerorem</span> <span class='ocrx_word' id='word_1_53' title='bbox 659 533 701 561; x_wconf 83' lang='lat' dir='ltr'>et</span> <span class='ocrx_word' id='word_1_54' title='bbox 735 520 895 561; x_wconf 86' lang='lat' dir='ltr'>luctum</span> <span class='ocrx_word' id='word_1_55' title='bbox 930 519 1239 574; x_wconf 81' lang='lat' dir='ltr'>proximorum.</span> <span class='ocrx_word' id='word_1_56' title='bbox 1302 519 1447 560; x_wconf 81' lang='lat' dir='ltr'>Placet</span> <span class='ocrx_word' id='word_1_57' title='bbox 1479 519 1611 575; x_wconf 83' lang='lat' dir='ltr'>igitur</span> 
     </span>
     <span class='ocr_line' id='line_1_9' title="bbox 183 575 1612 634; baseline -0.003 -14"><span class='ocrx_word' id='word_1_58' title='bbox 183 579 305 630; x_wconf 84' lang='lat' dir='ltr'>mihi,</span> <span class='ocrx_word' id='word_1_59' title='bbox 340 589 478 634; x_wconf 78' lang='lat' dir='ltr'>patres</span> <span class='ocrx_word' id='word_1_60' title='bbox 512 578 758 633; x_wconf 72' lang='lat' dir='ltr'>conscripti,</span> <span class='ocrx_word' id='word_1_61' title='bbox 782 576 960 632; x_wconf 76' lang='lat' dir='ltr'>legionis</span> <span class='ocrx_word' id='word_1_62' title='bbox 996 575 1170 616; x_wconf 64' lang='lat' dir='ltr'>Martia}</span> <span class='ocrx_word' id='word_1_63' title='bbox 1206 575 1427 626; x_wconf 82' lang='lat' dir='ltr'>militibus,</span> <span class='ocrx_word' id='word_1_64' title='bbox 1458 586 1501 616; x_wconf 89' lang='lat' dir='ltr'>et</span> <span class='ocrx_word' id='word_1_65' title='bbox 1535 577 1612 626; x_wconf 90' lang='lat' dir='ltr'>eis,</span> 
     </span>
     <span class='ocr_line' id='line_1_10' title="bbox 185 632 1612 691; baseline -0.004 -14"><span class='ocrx_word' id='word_1_66' title='bbox 185 637 257 691; x_wconf 86' lang='lat' dir='ltr'>qui</span> <span class='ocrx_word' id='word_1_67' title='bbox 298 650 380 676; x_wconf 83' lang='lat' dir='ltr'>una</span> <span class='ocrx_word' id='word_1_68' title='bbox 417 645 656 690; x_wconf 81' lang='lat' dir='ltr'>pugnantes</span> <span class='ocrx_word' id='word_1_69' title='bbox 696 633 959 683; x_wconf 84' lang='lat' dir='ltr'>occiderunt,</span> <span class='ocrx_word' id='word_1_70' title='bbox 994 642 1319 673; x_wconf 82' lang='lat' dir='ltr'>monumentum</span> <span class='ocrx_word' id='word_1_71' title='bbox 1358 632 1447 672; x_wconf 80' lang='lat' dir='ltr'>fieri</span> <span class='ocrx_word' id='word_1_72' title='bbox 1485 646 1612 687; x_wconf 80' lang='lat' dir='ltr'>quain</span> 
     </span>
     <span class='ocr_line' id='line_1_11' title="bbox 185 688 1612 748; baseline -0.004 -15"><span class='ocrx_word' id='word_1_73' title='bbox 185 692 508 748; x_wconf 81' lang='lat' dir='ltr'>amplissimum.</span> <span class='ocrx_word' id='word_1_74' title='bbox 534 705 688 745; x_wconf 78' lang='lat' dir='ltr'>magna</span> <span class='ocrx_word' id='word_1_75' title='bbox 717 699 844 744; x_wconf 89' lang='lat' dir='ltr'>atque</span> <span class='ocrx_word' id='word_1_76' title='bbox 878 689 1143 730; x_wconf 81' lang='lat' dir='ltr'>incredibilia</span> <span class='ocrx_word' id='word_1_77' title='bbox 1172 699 1270 730; x_wconf 87' lang='lat' dir='ltr'>suut</span> <span class='ocrx_word' id='word_1_78' title='bbox 1306 690 1348 729; x_wconf 80' lang='lat' dir='ltr'>in</span> <span class='ocrx_word' id='word_1_79' title='bbox 1382 688 1612 744; x_wconf 82' lang='lat' dir='ltr'>rempubli-</span> 
     </span>
     <span class='ocr_line' id='line_1_12' title="bbox 48 745 1619 809; baseline -0.003 -19"><span class='ocrx_word' id='word_1_80' title='bbox 48 778 81 809; x_wconf 80' lang='lat' dir='ltr'>p.</span> <span class='ocrx_word' id='word_1_81' title='bbox 101 767 172 799; x_wconf 68' lang='lat'>264.</span> <span class='ocrx_word' id='word_1_82' title='bbox 187 765 279 790; x_wconf 86' lang='lat' dir='ltr'>cam</span> <span class='ocrx_word' id='word_1_83' title='bbox 305 749 374 803; x_wconf 83' lang='lat' dir='ltr'>huj</span> <span class='ocrx_word' id='word_1_84' title='bbox 386 764 430 789; x_wconf 80' lang='lat' dir='ltr'>us</span> <span class='ocrx_word' id='word_1_85' title='bbox 454 747 605 788; x_wconf 86' lang='lat' dir='ltr'>merita</span> <span class='ocrx_word' id='word_1_86' title='bbox 626 746 819 803; x_wconf 79' lang='lat' dir='ltr'>legionis.</span> <span class='ocrx_word' id='word_1_87' title='bbox 843 746 936 787; x_wconf 78' lang='lat' dir='ltr'>haec</span> <span class='ocrx_word' id='word_1_88' title='bbox 968 761 1011 786; x_wconf 89' lang='lat' dir='ltr'>sc</span> <span class='ocrx_word' id='word_1_89' title='bbox 1042 747 1180 801; x_wconf 83' lang='lat' dir='ltr'>prima</span> <span class='ocrx_word' id='word_1_90' title='bbox 1199 745 1423 786; x_wconf 84' lang='lat' dir='ltr'>latrocinio</span> <span class='ocrx_word' id='word_1_91' title='bbox 1445 745 1619 800; x_wconf 87' lang='lat' dir='ltr'>abrupit</span> 
     </span>
     <span class='ocr_line' id='line_1_13' title="bbox 144 802 1615 848; baseline -0.003 -2"><span class='ocrx_word' id='word_1_92' title='bbox 144 820 174 840; x_wconf 79' lang='lat' dir='ltr'>a·</span> <span class='ocrx_word' id='word_1_93' title='bbox 189 806 392 848; x_wconf 76' lang='lat' dir='ltr'>Antonii:</span> <span class='ocrx_word' id='word_1_94' title='bbox 425 805 518 845; x_wconf 61' lang='lat' dir='ltr'>haee</span> <span class='ocrx_word' id='word_1_95' title='bbox 540 804 679 845; x_wconf 87' lang='lat' dir='ltr'>tenuit</span> <span class='ocrx_word' id='word_1_96' title='bbox 701 803 880 844; x_wconf 78' lang='lat' dir='ltr'>Albam:</span> <span class='ocrx_word' id='word_1_97' title='bbox 912 803 1006 844; x_wconf 83' lang='lat' dir='ltr'>haec</span> <span class='ocrx_word' id='word_1_98' title='bbox 1028 818 1071 843; x_wconf 85' lang='lat' dir='ltr'>se</span> <span class='ocrx_word' id='word_1_99' title='bbox 1093 803 1145 843; x_wconf 86' lang='lat' dir='ltr'>ad</span> <span class='ocrx_word' id='word_1_100' title='bbox 1169 802 1382 844; x_wconf 73' lang='lat' dir='ltr'>Caesarem</span> <span class='ocrx_word' id='word_1_101' title='bbox 1407 802 1615 844; x_wconf 86' lang='lat' dir='ltr'>contulit:</span> 
     </span>
     <span class='ocr_line' id='line_1_14' title="bbox 188 859 1617 916; baseline -0.003 -12"><span class='ocrx_word' id='word_1_102' title='bbox 188 864 298 904; x_wconf 67' lang='lat' dir='ltr'>lianc</span> <span class='ocrx_word' id='word_1_103' title='bbox 322 863 489 903; x_wconf 86' lang='lat' dir='ltr'>imitata</span> <span class='ocrx_word' id='word_1_104' title='bbox 510 871 662 916; x_wconf 84' lang='lat' dir='ltr'>quarta</span> <span class='ocrx_word' id='word_1_105' title='bbox 683 860 794 915; x_wconf 77' lang='lat' dir='ltr'>legio</span> <span class='ocrx_word' id='word_1_106' title='bbox 819 874 961 915; x_wconf 82' lang='lat' dir='ltr'>parem</span> <span class='ocrx_word' id='word_1_107' title='bbox 987 860 1152 900; x_wconf 83' lang='lat' dir='ltr'>virtutis</span> <span class='ocrx_word' id='word_1_108' title='bbox 1181 859 1360 915; x_wconf 81' lang='lat' dir='ltr'>gloriam</span> <span class='ocrx_word' id='word_1_109' title='bbox 1386 868 1617 900; x_wconf 80' lang='lat' dir='ltr'>consecuta</span> 
     </span>
     <span class='ocr_line' id='line_1_15' title="bbox 188 917 1628 965; baseline -0.003 -5"><span class='ocrx_word' id='word_1_110' title='bbox 188 930 266 960; x_wconf 88' lang='lat' dir='ltr'>est.</span> <span class='ocrx_word' id='word_1_111' title='bbox 328 919 494 965; x_wconf 82' lang='lat' dir='ltr'>Quarta</span> <span class='ocrx_word' id='word_1_112' title='bbox 527 918 682 958; x_wconf 75' lang='lat' dir='ltr'>victrix</span> <span class='ocrx_word' id='word_1_113' title='bbox 717 917 927 957; x_wconf 74' lang='lat' dir='ltr'>desiderat</span> <span class='ocrx_word' id='word_1_114' title='bbox 960 917 1197 958; x_wconf 86' lang='lat' dir='ltr'>neminem:</span> <span class='ocrx_word' id='word_1_115' title='bbox 1229 930 1282 957; x_wconf 81' lang='lat' dir='ltr'>ex</span> <span class='ocrx_word' id='word_1_116' title='bbox 1319 917 1480 956; x_wconf 79' lang='lat' dir='ltr'>Martia</span> <span class='ocrx_word' id='word_1_117' title='bbox 1511 930 1628 963; x_wconf 21' lang='lat' dir='ltr'>non-¹</span> 
     </span>
     <span class='ocr_line' id='line_1_16' title="bbox 190 973 1617 1031; baseline -0.003 -14"><span class='ocrx_word' id='word_1_118' title='bbox 190 976 294 1017; x_wconf 86' lang='lat' dir='ltr'>nulli</span> <span class='ocrx_word' id='word_1_119' title='bbox 319 976 361 1017; x_wconf 87' lang='lat' dir='ltr'>in</span> <span class='ocrx_word' id='word_1_120' title='bbox 384 976 476 1031; x_wconf 84' lang='lat' dir='ltr'>ipsa</span> <span class='ocrx_word' id='word_1_121' title='bbox 498 974 677 1014; x_wconf 82' lang='lat' dir='ltr'>victoria</span> <span class='ocrx_word' id='word_1_122' title='bbox 707 974 999 1014; x_wconf 87' lang='lat' dir='ltr'>conciderunt.</span> <span class='ocrx_word' id='word_1_123' title='bbox 1061 973 1101 1014; x_wconf 94' lang='lat' dir='ltr'>O</span> <span class='ocrx_word' id='word_1_124' title='bbox 1125 973 1340 1014; x_wconf 82' lang='lat' dir='ltr'>fortunata</span> <span class='ocrx_word' id='word_1_125' title='bbox 1373 987 1498 1023; x_wconf 84' lang='lat' dir='ltr'>mors,</span> <span class='ocrx_word' id='word_1_126' title='bbox 1520 987 1617 1028; x_wconf 81' lang='lat' dir='ltr'>quae</span> 
     </span>
     <span class='ocr_line' id='line_1_17' title="bbox 129 1030 1620 1086; baseline -0.004 -11"><span class='ocrx_word' id='word_1_127' title='bbox 129 1041 178 1076; x_wconf 76' lang='lat'>32</span> <span class='ocrx_word' id='word_1_128' title='bbox 194 1042 354 1074; x_wconf 84' lang='lat' dir='ltr'>naturae</span> <span class='ocrx_word' id='word_1_129' title='bbox 376 1031 535 1081; x_wconf 81' lang='lat' dir='ltr'>debita,</span> <span class='ocrx_word' id='word_1_130' title='bbox 560 1045 634 1086; x_wconf 80' lang='lat' dir='ltr'>pro</span> <span class='ocrx_word' id='word_1_131' title='bbox 658 1030 794 1086; x_wconf 82' lang='lat' dir='ltr'>patria</span> <span class='ocrx_word' id='word_1_132' title='bbox 815 1040 878 1070; x_wconf 83' lang='lat' dir='ltr'>est</span> <span class='ocrx_word' id='word_1_133' title='bbox 901 1030 1170 1086; x_wconf 84' lang='lat' dir='ltr'>potissimum</span> <span class='ocrx_word' id='word_1_134' title='bbox 1193 1031 1379 1071; x_wconf 79' lang='lat' dir='ltr'>reddita!</span> <span class='ocrx_word' id='word_1_135' title='bbox 1414 1030 1500 1071; x_wconf 66' lang='lat' dir='ltr'>Vos</span> <span class='ocrx_word' id='word_1_136' title='bbox 1519 1043 1620 1070; x_wconf 91' lang='lat' dir='ltr'>vero</span> 
     </span>
     <span class='ocr_line' id='line_1_18' title="bbox 189 1087 1621 1148; baseline -0.003 -17"><span class='ocrx_word' id='word_1_137' title='bbox 189 1090 340 1148; x_wconf 72' lang='lat' dir='ltr'>patriae</span> <span class='ocrx_word' id='word_1_138' title='bbox 364 1097 485 1129; x_wconf 87' lang='lat' dir='ltr'>natos</span> <span class='ocrx_word' id='word_1_139' title='bbox 502 1088 682 1142; x_wconf 59' lang='lat' dir='ltr'>judit-03</span> <span class='ocrx_word' id='word_1_140' title='bbox 709 1102 888 1142; x_wconf 85' lang='lat' dir='ltr'>quorum</span> <span class='ocrx_word' id='word_1_141' title='bbox 911 1087 1040 1128; x_wconf 88' lang='lat' dir='ltr'>etiam</span> <span class='ocrx_word' id='word_1_142' title='bbox 1064 1101 1217 1127; x_wconf 85' lang='lat' dir='ltr'>nomen</span> <span class='ocrx_word' id='word_1_143' title='bbox 1237 1103 1261 1127; x_wconf 83' lang='lat' dir='ltr'>a</span> <span class='ocrx_word' id='word_1_144' title='bbox 1285 1087 1427 1127; x_wconf 80' lang='lat' dir='ltr'>Marte</span> <span class='ocrx_word' id='word_1_145' title='bbox 1449 1091 1511 1127; x_wconf 84' lang='lat' dir='ltr'>e&#39;st</span> <span class='ocrx_word' id='word_1_146' title='bbox 1531 1102 1540 1127; x_wconf 76' lang='grc' dir='ltr'>ε</span> <span class='ocrx_word' id='word_1_147' title='bbox 1572 1095 1621 1126; x_wconf 82' lang='lat' dir='ltr'>ut</span> 
     </span>
     <span class='ocr_line' id='line_1_19' title="bbox 190 1143 1621 1200; baseline -0.004 -12"><span class='ocrx_word' id='word_1_148' title='bbox 190 1148 303 1188; x_wconf 85' lang='lat' dir='ltr'>idem</span> <span class='ocrx_word' id='word_1_149' title='bbox 336 1146 438 1187; x_wconf 81' lang='lat' dir='ltr'>deus</span> <span class='ocrx_word' id='word_1_150' title='bbox 477 1145 622 1186; x_wconf 84' lang='lat' dir='ltr'>urbem</span> <span class='ocrx_word' id='word_1_151' title='bbox 658 1143 767 1184; x_wconf 85' lang='lat' dir='ltr'>hauc</span> <span class='ocrx_word' id='word_1_152' title='bbox 806 1144 1021 1200; x_wconf 80' lang='lat' dir='ltr'>gentibus,</span> <span class='ocrx_word' id='word_1_153' title='bbox 1054 1159 1126 1185; x_wconf 88' lang='lat' dir='ltr'>vos</span> <span class='ocrx_word' id='word_1_154' title='bbox 1161 1144 1260 1184; x_wconf 83' lang='lat' dir='ltr'>huic</span> <span class='ocrx_word' id='word_1_155' title='bbox 1292 1144 1386 1184; x_wconf 88' lang='lat' dir='ltr'>urbi</span> <span class='ocrx_word' id='word_1_156' title='bbox 1416 1143 1621 1199; x_wconf 83' lang='lat' dir='ltr'>genuisse</span> 
     </span>
     <span class='ocr_line' id='line_1_20' title="bbox 189 1199 1621 1256; baseline -0.003 -12"><span class='ocrx_word' id='word_1_157' title='bbox 189 1203 400 1244; x_wconf 73' lang='lat' dir='ltr'>videatur.</span> <span class='ocrx_word' id='word_1_158' title='bbox 462 1201 511 1242; x_wconf 86' lang='lat' dir='ltr'>In</span> <span class='ocrx_word' id='word_1_159' title='bbox 553 1200 657 1256; x_wconf 85' lang='lat' dir='ltr'>fuga</span> <span class='ocrx_word' id='word_1_160' title='bbox 697 1199 816 1241; x_wconf 81' lang='lat' dir='ltr'>foeda</span> <span class='ocrx_word' id='word_1_161' title='bbox 853 1215 966 1241; x_wconf 89' lang='lat' dir='ltr'>mors</span> <span class='ocrx_word' id='word_1_162' title='bbox 1001 1210 1089 1242; x_wconf 88' lang='lat' dir='ltr'>est:</span> <span class='ocrx_word' id='word_1_163' title='bbox 1122 1201 1165 1241; x_wconf 87' lang='lat' dir='ltr'>in</span> <span class='ocrx_word' id='word_1_164' title='bbox 1205 1201 1384 1242; x_wconf 81' lang='lat' dir='ltr'>victoria</span> <span class='ocrx_word' id='word_1_165' title='bbox 1422 1200 1621 1255; x_wconf 78' lang='lat' dir='ltr'>gloriosa.</span> 
     </span>
     <span class='ocr_line' id='line_1_21' title="bbox 190 1256 1622 1313; baseline -0.003 -12"><span class='ocrx_word' id='word_1_166' title='bbox 190 1261 348 1301; x_wconf 86' lang='lat' dir='ltr'>etenim</span> <span class='ocrx_word' id='word_1_167' title='bbox 385 1258 504 1299; x_wconf 83' lang='lat' dir='ltr'>Mars</span> <span class='ocrx_word' id='word_1_168' title='bbox 538 1257 628 1313; x_wconf 86' lang='lat' dir='ltr'>ipse</span> <span class='ocrx_word' id='word_1_169' title='bbox 660 1271 714 1298; x_wconf 78' lang='lat' dir='ltr'>ex</span> <span class='ocrx_word' id='word_1_170' title='bbox 747 1257 837 1299; x_wconf 86' lang='lat' dir='ltr'>acie</span> <span class='ocrx_word' id='word_1_171' title='bbox 871 1257 1150 1298; x_wconf 85' lang='lat' dir='ltr'>fortissimum</span> <span class='ocrx_word' id='word_1_172' title='bbox 1174 1271 1384 1312; x_wconf 86' lang='lat' dir='ltr'>quemque</span> <span class='ocrx_word' id='word_1_173' title='bbox 1408 1256 1622 1313; x_wconf 85' lang='lat' dir='ltr'>pignerari</span> 
     </span>
     <span class='ocr_line' id='line_1_22' title="bbox 193 1313 1624 1372; baseline -0.003 -14"><span class='ocrx_word' id='word_1_174' title='bbox 193 1317 315 1359; x_wconf 83' lang='lat' dir='ltr'>solet.</span> <span class='ocrx_word' id='word_1_175' title='bbox 379 1315 444 1356; x_wconf 94' lang='lat' dir='ltr'>Illi</span> <span class='ocrx_word' id='word_1_176' title='bbox 479 1314 611 1372; x_wconf 79' lang='lat' dir='ltr'>igitur</span> <span class='ocrx_word' id='word_1_177' title='bbox 645 1314 783 1370; x_wconf 89' lang='lat' dir='ltr'>impii,</span> <span class='ocrx_word' id='word_1_178' title='bbox 816 1329 922 1369; x_wconf 86' lang='lat' dir='ltr'>quos</span> <span class='ocrx_word' id='word_1_179' title='bbox 957 1315 1185 1366; x_wconf 83' lang='lat' dir='ltr'>cecidistis,</span> <span class='ocrx_word' id='word_1_180' title='bbox 1218 1315 1346 1355; x_wconf 86' lang='lat' dir='ltr'>etiam</span> <span class='ocrx_word' id='word_1_181' title='bbox 1380 1315 1431 1354; x_wconf 85' lang='lat' dir='ltr'>ad</span> <span class='ocrx_word' id='word_1_182' title='bbox 1467 1313 1624 1354; x_wconf 82' lang='lat' dir='ltr'>inferos</span> 
     </span>
     <span class='ocr_line' id='line_1_23' title="bbox 192 1370 1624 1431; baseline -0.003 -16"><span class='ocrx_word' id='word_1_183' title='bbox 192 1388 346 1431; x_wconf 84' lang='lat' dir='ltr'>poenas</span> <span class='ocrx_word' id='word_1_184' title='bbox 381 1371 595 1428; x_wconf 83' lang='lat' dir='ltr'>parricidii</span> <span class='ocrx_word' id='word_1_185' title='bbox 628 1370 773 1413; x_wconf 87' lang='lat' dir='ltr'>luent:</span> <span class='ocrx_word' id='word_1_186' title='bbox 807 1387 880 1415; x_wconf 89' lang='lat' dir='ltr'>vos</span> <span class='ocrx_word' id='word_1_187' title='bbox 913 1385 1025 1422; x_wconf 82' lang='lat' dir='ltr'>vero,</span> <span class='ocrx_word' id='word_1_188' title='bbox 1046 1372 1119 1427; x_wconf 88' lang='lat' dir='ltr'>qui</span> <span class='ocrx_word' id='word_1_189' title='bbox 1153 1381 1392 1412; x_wconf 79' lang='lat' dir='ltr'>extremum</span> <span class='ocrx_word' id='word_1_190' title='bbox 1425 1370 1624 1427; x_wconf 83' lang='lat' dir='ltr'>spiritum</span> 
     </span>
     <span class='ocr_line' id='line_1_24' title="bbox 194 1427 1626 1484; baseline -0.003 -12"><span class='ocrx_word' id='word_1_191' title='bbox 194 1432 237 1472; x_wconf 82' lang='lat' dir='ltr'>in</span> <span class='ocrx_word' id='word_1_192' title='bbox 269 1430 449 1472; x_wconf 83' lang='lat' dir='ltr'>victoria</span> <span class='ocrx_word' id='word_1_193' title='bbox 480 1428 704 1478; x_wconf 83' lang='lat' dir='ltr'>effudistis,</span> <span class='ocrx_word' id='word_1_194' title='bbox 728 1428 892 1484; x_wconf 88' lang='lat' dir='ltr'>piorum</span> <span class='ocrx_word' id='word_1_195' title='bbox 925 1428 1026 1469; x_wconf 86' lang='lat' dir='ltr'>estis</span> <span class='ocrx_word' id='word_1_196' title='bbox 1060 1428 1201 1469; x_wconf 82' lang='lat' dir='ltr'>sedem</span> <span class='ocrx_word' id='word_1_197' title='bbox 1233 1437 1276 1468; x_wconf 90' lang='lat' dir='ltr'>et</span> <span class='ocrx_word' id='word_1_198' title='bbox 1305 1427 1446 1469; x_wconf 87' lang='lat' dir='ltr'>locum</span> <span class='ocrx_word' id='word_1_199' title='bbox 1476 1441 1626 1468; x_wconf 85' lang='lat' dir='ltr'>conse-</span> 
     </span>
     <span class='ocr_line' id='line_1_25' title="bbox 194 1484 1630 1528; baseline -0.003 0"><span class='ocrx_word' id='word_1_200' title='bbox 194 1487 300 1528; x_wconf 83' lang='lat' dir='ltr'>cuti.</span> <span class='ocrx_word' id='word_1_201' title='bbox 344 1487 492 1527; x_wconf 81' lang='lat' dir='ltr'>Brcvis</span> <span class='ocrx_word' id='word_1_202' title='bbox 515 1500 539 1526; x_wconf 84' lang='lat' dir='ltr'>a</span> <span class='ocrx_word' id='word_1_203' title='bbox 560 1495 711 1525; x_wconf 86' lang='lat' dir='ltr'>natura</span> <span class='ocrx_word' id='word_1_204' title='bbox 733 1485 856 1526; x_wconf 89' lang='lat' dir='ltr'>nobis</span> <span class='ocrx_word' id='word_1_205' title='bbox 882 1485 967 1525; x_wconf 86' lang='lat' dir='ltr'>vita</span> <span class='ocrx_word' id='word_1_206' title='bbox 988 1485 1088 1526; x_wconf 86' lang='lat' dir='ltr'>data</span> <span class='ocrx_word' id='word_1_207' title='bbox 1108 1495 1195 1526; x_wconf 86' lang='lat' dir='ltr'>est:</span> <span class='ocrx_word' id='word_1_208' title='bbox 1228 1495 1272 1526; x_wconf 81' lang='lat' dir='ltr'>at</span> <span class='ocrx_word' id='word_1_209' title='bbox 1294 1485 1497 1526; x_wconf 84' lang='lat' dir='ltr'>memoria</span> <span class='ocrx_word' id='word_1_210' title='bbox 1518 1484 1630 1524; x_wconf 41' lang='lat' dir='ltr'>bene*</span> 
     </span>
     <span class='ocr_line' id='line_1_26' title="bbox 197 1541 1627 1598; baseline -0.003 -13"><span class='ocrx_word' id='word_1_211' title='bbox 197 1543 375 1585; x_wconf 78' lang='lat' dir='ltr'>redditae</span> <span class='ocrx_word' id='word_1_212' title='bbox 407 1543 507 1584; x_wconf 65' lang='lat' dir='ltr'>vitre</span> <span class='ocrx_word' id='word_1_213' title='bbox 542 1541 813 1598; x_wconf 84' lang='lat' dir='ltr'>sempiterna.</span> <span class='ocrx_word' id='word_1_214' title='bbox 836 1557 931 1597; x_wconf 80' lang='lat' dir='ltr'>quae</span> <span class='ocrx_word' id='word_1_215' title='bbox 966 1542 999 1582; x_wconf 88' lang='lat' dir='ltr'>si</span> <span class='ocrx_word' id='word_1_216' title='bbox 1035 1557 1119 1583; x_wconf 89' lang='lat' dir='ltr'>non</span> <span class='ocrx_word' id='word_1_217' title='bbox 1152 1552 1262 1582; x_wconf 89' lang='lat' dir='ltr'>esset</span> <span class='ocrx_word' id='word_1_218' title='bbox 1294 1542 1476 1597; x_wconf 82' lang='lat' dir='ltr'>longior,</span> <span class='ocrx_word' id='word_1_219' title='bbox 1498 1555 1627 1596; x_wconf 79' lang='lat' dir='ltr'>quam</span> 
     </span>
     <span class='ocr_line' id='line_1_27' title="bbox 200 1598 1629 1654; baseline -0.002 -13"><span class='ocrx_word' id='word_1_220' title='bbox 200 1601 296 1642; x_wconf 82' lang='lat' dir='ltr'>haec</span> <span class='ocrx_word' id='word_1_221' title='bbox 331 1601 441 1651; x_wconf 83' lang='lat' dir='ltr'>vita3</span> <span class='ocrx_word' id='word_1_222' title='bbox 473 1599 567 1654; x_wconf 86' lang='lat' dir='ltr'>quis</span> <span class='ocrx_word' id='word_1_223' title='bbox 606 1609 714 1639; x_wconf 81' lang='lat' dir='ltr'>esset</span> <span class='ocrx_word' id='word_1_224' title='bbox 755 1608 840 1640; x_wconf 87' lang='lat' dir='ltr'>tam</span> <span class='ocrx_word' id='word_1_225' title='bbox 874 1613 1034 1650; x_wconf 81' lang='lat' dir='ltr'>amenS,</span> <span class='ocrx_word' id='word_1_226' title='bbox 1069 1599 1140 1654; x_wconf 88' lang='lat' dir='ltr'>qui</span> <span class='ocrx_word' id='word_1_227' title='bbox 1176 1599 1375 1639; x_wconf 83' lang='lat' dir='ltr'>maximis</span> <span class='ocrx_word' id='word_1_228' title='bbox 1411 1598 1629 1639; x_wconf 85' lang='lat' dir='ltr'>laboribus</span> 
     </span>
     <span class='ocr_line' id='line_1_28' title="bbox 201 1655 1627 1714; baseline -0.002 -16"><span class='ocrx_word' id='word_1_229' title='bbox 201 1667 244 1698; x_wconf 89' lang='lat' dir='ltr'>et</span> <span class='ocrx_word' id='word_1_230' title='bbox 278 1657 476 1714; x_wconf 82' lang='lat' dir='ltr'>periculis</span> <span class='ocrx_word' id='word_1_231' title='bbox 511 1656 561 1696; x_wconf 86' lang='lat' dir='ltr'>ad</span> <span class='ocrx_word' id='word_1_232' title='bbox 586 1670 793 1696; x_wconf 84' lang='lat' dir='ltr'>summam</span> <span class='ocrx_word' id='word_1_233' title='bbox 827 1656 992 1697; x_wconf 86' lang='lat' dir='ltr'>laudem</span> <span class='ocrx_word' id='word_1_234' title='bbox 1027 1656 1290 1712; x_wconf 79' lang='lat' dir='ltr'>gloriamque</span> <span class='ocrx_word' id='word_1_235' title='bbox 1323 1655 1627 1696; x_wconf 74' lang='lat' dir='ltr'>contenderet?</span> 
     </span>
     <span class='ocr_line' id='line_1_29' title="bbox 138 1711 1629 1769; baseline -0.002 -14"><span class='ocrx_word' id='word_1_236' title='bbox 138 1718 189 1754; x_wconf 80' lang='grc'>33</span> <span class='ocrx_word' id='word_1_237' title='bbox 204 1714 360 1755; x_wconf 84' lang='lat' dir='ltr'>Actum</span> <span class='ocrx_word' id='word_1_238' title='bbox 393 1714 524 1769; x_wconf 82' lang='lat' dir='ltr'>igitur</span> <span class='ocrx_word' id='word_1_239' title='bbox 557 1712 755 1768; x_wconf 82' lang='lat' dir='ltr'>praeclare</span> <span class='ocrx_word' id='word_1_240' title='bbox 790 1713 1025 1762; x_wconf 87' lang='lat' dir='ltr'>vobiscum,</span> <span class='ocrx_word' id='word_1_241' title='bbox 1059 1713 1294 1764; x_wconf 79' lang='lat' dir='ltr'>fortissimi,</span> <span class='ocrx_word' id='word_1_242' title='bbox 1317 1713 1416 1753; x_wconf 86' lang='lat' dir='ltr'>dum</span> <span class='ocrx_word' id='word_1_243' title='bbox 1444 1711 1629 1760; x_wconf 77' lang='lat' dir='ltr'>vixistis,</span> 
     </span>
     <span class='ocr_line' id='line_1_30' title="bbox 201 1769 1631 1826; baseline -0.002 -14"><span class='ocrx_word' id='word_1_244' title='bbox 201 1787 316 1813; x_wconf 87' lang='lat' dir='ltr'>nunc</span> <span class='ocrx_word' id='word_1_245' title='bbox 339 1785 437 1811; x_wconf 84' lang='lat' dir='ltr'>vero</span> <span class='ocrx_word' id='word_1_246' title='bbox 459 1770 587 1810; x_wconf 86' lang='lat' dir='ltr'>etiam</span> <span class='ocrx_word' id='word_1_247' title='bbox 620 1769 872 1810; x_wconf 82' lang='lat' dir='ltr'>sanctissimi</span> <span class='ocrx_word' id='word_1_248' title='bbox 908 1770 1076 1820; x_wconf 84' lang='lat' dir='ltr'>milites,</span> <span class='ocrx_word' id='word_1_249' title='bbox 1099 1770 1211 1826; x_wconf 90' lang='lat' dir='ltr'>quod</span> <span class='ocrx_word' id='word_1_250' title='bbox 1237 1779 1372 1810; x_wconf 82' lang='lat' dir='ltr'>vestra</span> <span class='ocrx_word' id='word_1_251' title='bbox 1396 1769 1527 1810; x_wconf 85' lang='lat' dir='ltr'>virtus</span> <span class='ocrx_word' id='word_1_252' title='bbox 1552 1782 1631 1814; x_wconf 84' lang='lat' dir='ltr'>nec</span> 
     </span>
     <span class='ocr_line' id='line_1_31' title="bbox 201 1827 1632 1881; baseline -0.002 -12"><span class='ocrx_word' id='word_1_253' title='bbox 201 1828 418 1869; x_wconf 84' lang='lat' dir='ltr'>oblivione</span> <span class='ocrx_word' id='word_1_254' title='bbox 455 1841 617 1876; x_wconf 84' lang='lat' dir='ltr'>eorum,</span> <span class='ocrx_word' id='word_1_255' title='bbox 650 1827 722 1881; x_wconf 91' lang='lat' dir='ltr'>qui</span> <span class='ocrx_word' id='word_1_256' title='bbox 761 1841 874 1867; x_wconf 87' lang='lat' dir='ltr'>nunc</span> <span class='ocrx_word' id='word_1_257' title='bbox 911 1835 1024 1877; x_wconf 84' lang='lat' dir='ltr'>sunt,</span> <span class='ocrx_word' id='word_1_258' title='bbox 1061 1841 1138 1867; x_wconf 87' lang='lat' dir='ltr'>nec</span> <span class='ocrx_word' id='word_1_259' title='bbox 1176 1827 1399 1867; x_wconf 84' lang='lat' dir='ltr'>reticentia</span> <span class='ocrx_word' id='word_1_260' title='bbox 1440 1836 1632 1881; x_wconf 84' lang='lat' dir='ltr'>postero-</span> 
     </span>
     <span class='ocr_line' id='line_1_32' title="bbox 201 1882 1635 1939; baseline -0.003 -12"><span class='ocrx_word' id='word_1_261' title='bbox 201 1900 295 1927; x_wconf 83' lang='lat' dir='ltr'>rum</span> <span class='ocrx_word' id='word_1_262' title='bbox 325 1883 590 1939; x_wconf 83' lang='lat' dir='ltr'>45-insepulta</span> <span class='ocrx_word' id='word_1_263' title='bbox 620 1897 709 1923; x_wconf 86' lang='lat' dir='ltr'>esse</span> <span class='ocrx_word' id='word_1_264' title='bbox 741 1884 912 1939; x_wconf 85' lang='lat' dir='ltr'>poterit,</span> <span class='ocrx_word' id='word_1_265' title='bbox 941 1898 1039 1925; x_wconf 88' lang='lat' dir='ltr'>cum</span> <span class='ocrx_word' id='word_1_266' title='bbox 1063 1883 1182 1924; x_wconf 87' lang='lat' dir='ltr'>vobis</span> <span class='ocrx_word' id='word_1_267' title='bbox 1213 1882 1452 1924; x_wconf 87' lang='lat' dir='ltr'>immortale</span> <span class='ocrx_word' id='word_1_268' title='bbox 1481 1896 1635 1923; x_wconf 86' lang='lat' dir='ltr'>monu-</span> 
     </span>
     <span class='ocr_line' id='line_1_33' title="bbox 202 1939 1634 1996; baseline -0.001 -14"><span class='ocrx_word' id='word_1_269' title='bbox 202 1951 393 1983; x_wconf 88' lang='lat' dir='ltr'>mentum</span> <span class='ocrx_word' id='word_1_270' title='bbox 417 1943 501 1981; x_wconf 86' lang='lat' dir='ltr'>suis</span> <span class='ocrx_word' id='word_1_271' title='bbox 532 1954 654 1996; x_wconf 73' lang='lat' dir='ltr'>paene</span> <span class='ocrx_word' id='word_1_272' title='bbox 686 1941 881 1981; x_wconf 87' lang='lat' dir='ltr'>manibus</span> <span class='ocrx_word' id='word_1_273' title='bbox 916 1950 1084 1981; x_wconf 87' lang='lat' dir='ltr'>senatus</span> <span class='ocrx_word' id='word_1_274' title='bbox 1113 1939 1379 1996; x_wconf 82' lang='lat' dir='ltr'>populusque</span> <span class='ocrx_word' id='word_1_275' title='bbox 1414 1940 1634 1980; x_wconf 82' lang='lat' dir='ltr'>Romanus</span> 
     </span>
     <span class='ocr_line' id='line_1_34' title="bbox 203 1996 1631 2052; baseline -0.003 -12"><span class='ocrx_word' id='word_1_276' title='bbox 203 1999 478 2040; x_wconf 79' lang='lat' dir='ltr'>exstruxerit.</span> <span class='ocrx_word' id='word_1_277' title='bbox 513 1997 644 2038; x_wconf 86' lang='lat' dir='ltr'>Multi</span> <span class='ocrx_word' id='word_1_278' title='bbox 668 2011 780 2052; x_wconf 82' lang='lat' dir='ltr'>saepe</span> <span class='ocrx_word' id='word_1_279' title='bbox 802 1999 1015 2038; x_wconf 78' lang='lat' dir='ltr'>exercitus</span> <span class='ocrx_word' id='word_1_280' title='bbox 1042 1997 1229 2048; x_wconf 75' lang='lat' dir='ltr'>Punicis,</span> <span class='ocrx_word' id='word_1_281' title='bbox 1254 1997 1446 2047; x_wconf 88' lang='lat' dir='ltr'>Gallicis,</span> <span class='ocrx_word' id='word_1_282' title='bbox 1469 1996 1631 2038; x_wconf 80' lang='lat' dir='ltr'>Italicis</span> 
     </span>
     <span class='ocr_line' id='line_1_35' title="bbox 205 2054 1636 2109; baseline -0.001 -13"><span class='ocrx_word' id='word_1_283' title='bbox 205 2056 341 2105; x_wconf 87' lang='lat' dir='ltr'>bellis,</span> <span class='ocrx_word' id='word_1_284' title='bbox 363 2055 463 2096; x_wconf 85' lang='lat' dir='ltr'>clari</span> <span class='ocrx_word' id='word_1_285' title='bbox 497 2064 540 2094; x_wconf 85' lang='lat' dir='ltr'>et</span> <span class='ocrx_word' id='word_1_286' title='bbox 571 2054 716 2109; x_wconf 77' lang='lat' dir='ltr'>magui</span> <span class='ocrx_word' id='word_1_287' title='bbox 755 2054 949 2095; x_wconf 87' lang='lat' dir='ltr'>fuerunt:</span> <span class='ocrx_word' id='word_1_288' title='bbox 981 2068 1060 2095; x_wconf 86' lang='lat' dir='ltr'>nec</span> <span class='ocrx_word' id='word_1_289' title='bbox 1095 2064 1235 2095; x_wconf 81' lang='lat' dir='ltr'>tamen</span> <span class='ocrx_word' id='word_1_290' title='bbox 1269 2054 1360 2095; x_wconf 89' lang='lat' dir='ltr'>ullis</span> <span class='ocrx_word' id='word_1_291' title='bbox 1392 2054 1472 2095; x_wconf 89' lang='lat' dir='ltr'>tale</span> <span class='ocrx_word' id='word_1_292' title='bbox 1502 2067 1636 2109; x_wconf 81' lang='lat' dir='ltr'>genus</span> 
     </span>
     <span class='ocr_line' id='line_1_36' title="bbox 205 2110 1636 2167; baseline -0.001 -13"><span class='ocrx_word' id='word_1_293' title='bbox 205 2113 381 2154; x_wconf 87' lang='lat' dir='ltr'>honoris</span> <span class='ocrx_word' id='word_1_294' title='bbox 423 2112 631 2152; x_wconf 79' lang='lat' dir='ltr'>tributum</span> <span class='ocrx_word' id='word_1_295' title='bbox 671 2121 748 2151; x_wconf 83' lang='lat' dir='ltr'>cst.</span> <span class='ocrx_word' id='word_1_296' title='bbox 808 2110 952 2166; x_wconf 89' lang='lat' dir='ltr'>Atque</span> <span class='ocrx_word' id='word_1_297' title='bbox 991 2112 1156 2152; x_wconf 86' lang='lat' dir='ltr'>utinam</span> <span class='ocrx_word' id='word_1_298' title='bbox 1197 2111 1361 2166; x_wconf 80' lang='lat' dir='ltr'>majora</span> <span class='ocrx_word' id='word_1_299' title='bbox 1403 2126 1636 2167; x_wconf 85' lang='lat' dir='ltr'>possemus,</span> 
     </span>
     <span class='ocr_line' id='line_1_37' title="bbox 207 2167 1639 2224; baseline 0.001 -14"><span class='ocrx_word' id='word_1_300' title='bbox 207 2167 553 2224; x_wconf 81' lang='lat' dir='ltr'>quandoquidem</span> <span class='ocrx_word' id='word_1_301' title='bbox 586 2182 610 2208; x_wconf 84' lang='lat' dir='ltr'>a</span> <span class='ocrx_word' id='word_1_302' title='bbox 632 2168 752 2209; x_wconf 88' lang='lat' dir='ltr'>vobis</span> <span class='ocrx_word' id='word_1_303' title='bbox 783 2170 972 2209; x_wconf 78' lang='lat' dir='ltr'>maxima</span> <span class='ocrx_word' id='word_1_304' title='bbox 1002 2169 1267 2224; x_wconf 83' lang='lat' dir='ltr'>accepimus!</span> <span class='ocrx_word' id='word_1_305' title='bbox 1334 2169 1418 2209; x_wconf 82' lang='lat' dir='ltr'>Vos</span> <span class='ocrx_word' id='word_1_306' title='bbox 1450 2171 1503 2211; x_wconf 84' lang='lat' dir='ltr'>ab</span> <span class='ocrx_word' id='word_1_307' title='bbox 1535 2171 1639 2212; x_wconf 84' lang='lat' dir='ltr'>urbe</span> 
     </span>
     <span class='ocr_line' id='line_1_38' title="bbox 210 2222 1638 2284; baseline 0.001 -17"><span class='ocrx_word' id='word_1_308' title='bbox 210 2227 424 2268; x_wconf 80' lang='lat' dir='ltr'>furentem</span> <span class='ocrx_word' id='word_1_309' title='bbox 445 2222 684 2266; x_wconf 81' lang='lat' dir='ltr'>Antonium</span> <span class='ocrx_word' id='word_1_310' title='bbox 717 2225 954 2268; x_wconf 86' lang='lat' dir='ltr'>avertistis:</span> <span class='ocrx_word' id='word_1_311' title='bbox 987 2240 1061 2267; x_wconf 80' lang='lat' dir='ltr'>vos</span> <span class='ocrx_word' id='word_1_312' title='bbox 1089 2226 1223 2267; x_wconf 85' lang='lat' dir='ltr'>redire</span> <span class='ocrx_word' id='word_1_313' title='bbox 1244 2225 1491 2268; x_wconf 88' lang='lat' dir='ltr'>molientem</span> <span class='ocrx_word' id='word_1_314' title='bbox 1513 2241 1638 2284; x_wconf 88' lang='lat' dir='ltr'>repu-</span> 
     </span>
    </p>
   </div>
   <div class='ocr_carea' id='block_1_3' title="bbox 1710 0 1785 1352">
    <p class='ocr_par' dir='ltr' id='par_1_3' title="bbox 1710 0 1785 1352">
     <span class='ocr_line' id='line_1_39' title="bbox 1710 0 1785 1352; baseline 0 0"><span class='ocrx_word' id='word_1_315' title='bbox 1710 0 1785 1352; x_wconf 95' lang='lat' dir='ltr'> </span> 
     </span>
    </p>
   </div>
   <div class='ocr_carea' id='block_1_4' title="bbox 211 2386 1642 2427">
    <p class='ocr_par' dir='ltr' id='par_1_4' title="bbox 211 2386 1642 2427">
     <span class='ocr_line' id='line_1_40' title="bbox 211 2386 1642 2427; baseline 0.002 -10"><span class='ocrx_word' id='word_1_316' title='bbox 211 2388 245 2417; x_wconf 75' lang='lat' dir='ltr'>in</span> <span class='ocrx_word' id='word_1_317' title='bbox 260 2397 298 2417; x_wconf 82' lang='lat' dir='ltr'>eo</span> <span class='ocrx_word' id='word_1_318' title='bbox 313 2392 361 2417; x_wconf 68' lang='lat' dir='ltr'>est</span> <span class='ocrx_word' id='word_1_319' title='bbox 376 2386 578 2423; x_wconf 70' lang='lat' dir='ltr'>admirabile,</span> <span class='ocrx_word' id='word_1_320' title='bbox 597 2388 620 2416; x_wconf 77' lang='lat' dir='ltr'>si</span> <span class='ocrx_word' id='word_1_321' title='bbox 640 2391 735 2427; x_wconf 66' lang='lat' dir='ltr'>grata</span> <span class='ocrx_word' id='word_1_322' title='bbox 749 2388 907 2419; x_wconf 83' lang='lat' dir='ltr'>memoria</span> <span class='ocrx_word' id='word_1_323' title='bbox 949 2388 1020 2424; x_wconf 84' lang='lat' dir='ltr'>bus,</span> <span class='ocrx_word' id='word_1_324' title='bbox 1036 2397 1108 2427; x_wconf 79' lang='lat' dir='ltr'>quae</span> <span class='ocrx_word' id='word_1_325' title='bbox 1121 2388 1243 2418; x_wconf 81' lang='lat' dir='ltr'>mortui</span> <span class='ocrx_word' id='word_1_326' title='bbox 1260 2397 1356 2418; x_wconf 87' lang='lat' dir='ltr'>causa</span> <span class='ocrx_word' id='word_1_327' title='bbox 1370 2388 1468 2425; x_wconf 85' lang='lat' dir='ltr'>fiunt,</span> <span class='ocrx_word' id='word_1_328' title='bbox 1482 2395 1520 2419; x_wconf 91' lang='lat' dir='ltr'>ut</span> <span class='ocrx_word' id='word_1_329' title='bbox 1536 2388 1642 2420; x_wconf 77' lang='lat' dir='ltr'>Groeci</span> 
     </span>
    </p>
   </div>
   <div class='ocr_carea' id='block_1_5' title="bbox 213 2424 1645 2469">
    <p class='ocr_par' dir='ltr' id='par_1_5' title="bbox 213 2424 1645 2469">
     <span class='ocr_line' id='line_1_41' title="bbox 213 2424 1645 2469; baseline 0.003 -10"><span class='ocrx_word' id='word_1_330' title='bbox 213 2429 438 2469; x_wconf 71' lang='lat' dir='ltr'>prosequimur</span> <span class='ocrx_word' id='word_1_331' title='bbox 452 2431 622 2459; x_wconf 76' lang='lat' dir='ltr'>mot-tuos?</span> <span class='ocrx_word' id='word_1_332' title='bbox 649 2424 777 2461; x_wconf 63' lang='lat' dir='ltr'>‘vereor</span> <span class='ocrx_word' id='word_1_333' title='bbox 791 2440 831 2461; x_wconf 82' lang='lat' dir='ltr'>ne</span> <span class='ocrx_word' id='word_1_334' title='bbox 846 2429 907 2461; x_wconf 88' lang='lat' dir='ltr'>hoc</span> <span class='ocrx_word' id='word_1_335' title='bbox 949 2431 1086 2461; x_wconf 55' lang='lat' dir='ltr'>san-mm.</span> <span class='ocrx_word' id='word_1_336' title='bbox 1103 2440 1134 2461; x_wconf 87' lang='lat' dir='ltr'>v.</span> <span class='ocrx_word' id='word_1_337' title='bbox 1159 2433 1277 2469; x_wconf 86' lang='lat' dir='ltr'>Cuper.</span> <span class='ocrx_word' id='word_1_338' title='bbox 1292 2430 1370 2461; x_wconf 86' lang='lat' dir='ltr'>obs.</span> <span class='ocrx_word' id='word_1_339' title='bbox 1395 2431 1423 2468; x_wconf 92' lang='lat'>1,</span> <span class='ocrx_word' id='word_1_340' title='bbox 1447 2435 1477 2465; x_wconf 87' lang='lat'>7.</span> <span class='ocrx_word' id='word_1_341' title='bbox 1501 2431 1587 2462; x_wconf 91' lang='lat' dir='ltr'>unde</span> <span class='ocrx_word' id='word_1_342' title='bbox 1609 2437 1645 2463; x_wconf 82' lang='lat' dir='ltr'>et</span> 
     </span>
    </p>
   </div>
   <div class='ocr_carea' id='block_1_6' title="bbox 213 2471 1646 2513">
    <p class='ocr_par' dir='ltr' id='par_1_6' title="bbox 213 2471 1646 2513">
     <span class='ocr_line' id='line_1_42' title="bbox 213 2471 1646 2513; baseline 0.001 -11"><span class='ocrx_word' id='word_1_343' title='bbox 213 2472 366 2501; x_wconf 73' lang='lat' dir='ltr'>vitiosum</span> <span class='ocrx_word' id='word_1_344' title='bbox 380 2471 433 2500; x_wconf 75' lang='lat' dir='ltr'>sit·</span> <span class='ocrx_word' id='word_1_345' title='bbox 947 2475 1131 2513; x_wconf 74' lang='lat' dir='ltr'>sepulerum</span> <span class='ocrx_word' id='word_1_346' title='bbox 1141 2472 1260 2502; x_wconf 82' lang='lat' dir='ltr'>dicitur</span> <span class='ocrx_word' id='word_1_347' title='bbox 1271 2471 1309 2503; x_wconf 89' lang='lat' dir='ltr'>de</span> <span class='ocrx_word' id='word_1_348' title='bbox 1324 2475 1547 2504; x_wconf 86' lang='lat' dir='ltr'>monumentis</span> <span class='ocrx_word' id='word_1_349' title='bbox 1559 2483 1646 2504; x_wconf 88' lang='lat' dir='ltr'>mor-</span> 
     </span>
    </p>
   </div>
   <div class='ocr_carea' id='block_1_7' title="bbox 215 2513 1650 2765">
    <p class='ocr_par' dir='ltr' id='par_1_7' title="bbox 215 2513 1650 2765">
     <span class='ocr_line' id='line_1_43' title="bbox 256 2513 1645 2553; baseline 0.003 -10"><span class='ocrx_word' id='word_1_350' title='bbox 256 2517 296 2544; x_wconf 72' lang='lat'>45</span> <span class='ocrx_word' id='word_1_351' title='bbox 319 2514 478 2552; x_wconf 79' lang='lat' dir='ltr'>insepulta</span> <span class='ocrx_word' id='word_1_352' title='bbox 504 2521 566 2542; x_wconf 78' lang='lat' dir='ltr'>esse</span> <span class='ocrx_word' id='word_1_353' title='bbox 583 2513 715 2553; x_wconf 79' lang='lat' dir='ltr'>poterit]</span> <span class='ocrx_word' id='word_1_354' title='bbox 744 2513 907 2545; x_wconf 77' lang='lat' dir='ltr'>Ferrarius</span> <span class='ocrx_word' id='word_1_355' title='bbox 949 2519 1082 2545; x_wconf 82' lang='lat' dir='ltr'>tuorum</span> <span class='ocrx_word' id='word_1_356' title='bbox 1106 2524 1202 2545; x_wconf 86' lang='lat' dir='ltr'>causa</span> <span class='ocrx_word' id='word_1_357' title='bbox 1227 2514 1372 2545; x_wconf 80' lang='lat' dir='ltr'>structis.</span> <span class='ocrx_word' id='word_1_358' title='bbox 1417 2515 1485 2546; x_wconf 87' lang='lat' dir='ltr'>Cic.</span> <span class='ocrx_word' id='word_1_359' title='bbox 1511 2516 1586 2546; x_wconf 91' lang='lat' dir='ltr'>Sen.</span> <span class='ocrx_word' id='word_1_360' title='bbox 1613 2519 1645 2549; x_wconf 88' lang='lat'>7.</span> 
     </span>
     <span class='ocr_line' id='line_1_44' title="bbox 216 2553 1648 2596; baseline 0.003 -13"><span class='ocrx_word' id='word_1_361' title='bbox 216 2555 297 2585; x_wconf 86' lang='lat' dir='ltr'>vidit</span> <span class='ocrx_word' id='word_1_362' title='bbox 313 2555 392 2585; x_wconf 86' lang='lat' dir='ltr'>bene</span> <span class='ocrx_word' id='word_1_363' title='bbox 407 2563 536 2584; x_wconf 85' lang='lat' dir='ltr'>sensum</span> <span class='ocrx_word' id='word_1_364' title='bbox 552 2553 627 2584; x_wconf 88' lang='lat' dir='ltr'>loci.</span> <span class='ocrx_word' id='word_1_365' title='bbox 651 2554 808 2586; x_wconf 81' lang='lat' dir='ltr'>Gruterus</span> <span class='ocrx_word' id='word_1_366' title='bbox 824 2556 908 2587; x_wconf 81' lang='lat' dir='ltr'>male</span> <span class='ocrx_word' id='word_1_367' title='bbox 950 2558 1096 2596; x_wconf 79' lang='lat' dir='ltr'>sepulcra</span> <span class='ocrx_word' id='word_1_368' title='bbox 1111 2558 1227 2596; x_wconf 79' lang='lat' dir='ltr'>legere,</span> <span class='ocrx_word' id='word_1_369' title='bbox 1245 2557 1265 2586; x_wconf 78' lang='lat' dir='ltr'>i.</span> <span class='ocrx_word' id='word_1_370' title='bbox 1279 2566 1351 2595; x_wconf 86' lang='lat' dir='ltr'>quae</span> <span class='ocrx_word' id='word_1_371' title='bbox 1366 2557 1400 2586; x_wconf 86' lang='lat' dir='ltr'>in</span> <span class='ocrx_word' id='word_1_372' title='bbox 1423 2558 1648 2588; x_wconf 73' lang='lat' dir='ltr'>monumentis</span> 
     </span>
     <span class='ocr_line' id='line_1_45' title="bbox 215 2596 1647 2639; baseline 0.004 -15"><span class='ocrx_word' id='word_1_373' title='bbox 215 2598 377 2636; x_wconf 69' lang='lat' dir='ltr'>insepulta</span> <span class='ocrx_word' id='word_1_374' title='bbox 399 2606 457 2636; x_wconf 88' lang='lat' dir='ltr'>pro</span> <span class='ocrx_word' id='word_1_375' title='bbox 476 2597 603 2635; x_wconf 77' lang='lat' dir='ltr'>sepulta</span> <span class='ocrx_word' id='word_1_376' title='bbox 625 2596 686 2626; x_wconf 85' lang='lat' dir='ltr'>dici</span> <span class='ocrx_word' id='word_1_377' title='bbox 708 2597 852 2637; x_wconf 86' lang='lat' dir='ltr'>disputat</span> <span class='ocrx_word' id='word_1_378' title='bbox 876 2600 910 2629; x_wconf 90' lang='lat' dir='ltr'>in</span> <span class='ocrx_word' id='word_1_379' title='bbox 953 2604 1157 2629; x_wconf 82' lang='lat' dir='ltr'>mortuorum</span> <span class='ocrx_word' id='word_1_380' title='bbox 1174 2599 1295 2639; x_wconf 80' lang='lat' dir='ltr'>scripta</span> <span class='ocrx_word' id='word_1_381' title='bbox 1308 2603 1398 2630; x_wconf 84' lang='lat' dir='ltr'>sunt.</span> <span class='ocrx_word' id='word_1_382' title='bbox 1426 2599 1544 2630; x_wconf 78' lang='lat' dir='ltr'>Horat.</span> <span class='ocrx_word' id='word_1_383' title='bbox 1561 2599 1647 2639; x_wconf 84' lang='lat' dir='ltr'>Epp.</span> 
     </span>
     <span class='ocr_line' id='line_1_46' title="bbox 217 2637 1650 2680; baseline 0.002 -11"><span class='ocrx_word' id='word_1_384' title='bbox 217 2640 399 2678; x_wconf 64' lang='lat' dir='ltr'>suspicion.</span> <span class='ocrx_word' id='word_1_385' title='bbox 413 2637 454 2668; x_wconf 82' lang='lat' dir='ltr'>ab</span> <span class='ocrx_word' id='word_1_386' title='bbox 472 2638 638 2677; x_wconf 72' lang='lat' dir='ltr'>insepelire</span> <span class='ocrx_word' id='word_1_387' title='bbox 651 2638 810 2675; x_wconf 75' lang='lat' dir='ltr'>ducendo,</span> <span class='ocrx_word' id='word_1_388' title='bbox 825 2640 911 2679; x_wconf 88' lang='lat' dir='ltr'>quod</span> <span class='ocrx_word' id='word_1_389' title='bbox 955 2641 982 2676; x_wconf 88' lang='lat'>1,</span> <span class='ocrx_word' id='word_1_390' title='bbox 997 2645 1027 2675; x_wconf 85' lang='lat'>9.</span> <span class='ocrx_word' id='word_1_391' title='bbox 1045 2641 1095 2671; x_wconf 70' lang='lat'>26.</span> <span class='ocrx_word' id='word_1_392' title='bbox 1109 2641 1161 2671; x_wconf 75' lang='lat' dir='ltr'>cui</span> <span class='ocrx_word' id='word_1_393' title='bbox 1175 2650 1271 2680; x_wconf 80' lang='lat' dir='ltr'>super</span> <span class='ocrx_word' id='word_1_394' title='bbox 1290 2640 1523 2678; x_wconf 72' lang='lat' dir='ltr'>Carthaginem</span> <span class='ocrx_word' id='word_1_395' title='bbox 1543 2641 1650 2672; x_wconf 71' lang='lat' dir='ltr'>vi‘rtus</span> 
     </span>
     <span class='ocr_line' id='line_1_47' title="bbox 217 2679 1648 2722; baseline 0.003 -13"><span class='ocrx_word' id='word_1_396' title='bbox 217 2681 261 2710; x_wconf 80' lang='lat' dir='ltr'>sit</span> <span class='ocrx_word' id='word_1_397' title='bbox 282 2680 355 2720; x_wconf 83' lang='lat' dir='ltr'>plus</span> <span class='ocrx_word' id='word_1_398' title='bbox 370 2690 468 2720; x_wconf 86' lang='lat' dir='ltr'>quam</span> <span class='ocrx_word' id='word_1_399' title='bbox 491 2679 637 2719; x_wconf 80' lang='lat' dir='ltr'>sepelire.</span> <span class='ocrx_word' id='word_1_400' title='bbox 683 2682 823 2720; x_wconf 65' lang='lat' dir='ltr'>Szsselire</span> <span class='ocrx_word' id='word_1_401' title='bbox 845 2692 911 2714; x_wconf 84' lang='lat' dir='ltr'>non</span> <span class='ocrx_word' id='word_1_402' title='bbox 952 2684 1137 2722; x_wconf 79' lang='lat' dir='ltr'>sepulcrum</span> <span class='ocrx_word' id='word_1_403' title='bbox 1157 2683 1308 2713; x_wconf 77' lang='lat' dir='ltr'>condidit.</span> <span class='ocrx_word' id='word_1_404' title='bbox 1352 2684 1454 2713; x_wconf 90' lang='lat' dir='ltr'>Serm.</span> <span class='ocrx_word' id='word_1_405' title='bbox 1477 2683 1523 2719; x_wconf 88' lang='lat'>11,</span> <span class='ocrx_word' id='word_1_406' title='bbox 1546 2685 1577 2713; x_wconf 91' lang='grc'>3.</span> <span class='ocrx_word' id='word_1_407' title='bbox 1595 2686 1648 2714; x_wconf 87' lang='grc'>84.</span> 
     </span>
     <span class='ocr_line' id='line_1_48' title="bbox 218 2722 1650 2765; baseline 0.002 -14"><span class='ocrx_word' id='word_1_408' title='bbox 218 2722 340 2753; x_wconf 82' lang='lat' dir='ltr'>dicitur</span> <span class='ocrx_word' id='word_1_409' title='bbox 360 2728 473 2759; x_wconf 71' lang='lat' dir='ltr'>nostro</span> <span class='ocrx_word' id='word_1_410' title='bbox 498 2732 599 2759; x_wconf 89' lang='lat' dir='ltr'>more,</span> <span class='ocrx_word' id='word_1_411' title='bbox 617 2732 675 2762; x_wconf 88' lang='lat' dir='ltr'>pro</span> <span class='ocrx_word' id='word_1_412' title='bbox 696 2728 783 2754; x_wconf 81' lang='lat' dir='ltr'>terra</span> <span class='ocrx_word' id='word_1_413' title='bbox 798 2724 914 2755; x_wconf 83' lang='lat' dir='ltr'>abdere</span> <span class='ocrx_word' id='word_1_414' title='bbox 955 2726 1099 2765; x_wconf 69' lang='lat' dir='ltr'>sepulcro</span> <span class='ocrx_word' id='word_1_415' title='bbox 1120 2725 1270 2756; x_wconf 70' lang='lat' dir='ltr'>incidere.</span> <span class='ocrx_word' id='word_1_416' title='bbox 1287 2723 1362 2755; x_wconf 86' lang='lat' dir='ltr'>ibid.</span> <span class='ocrx_word' id='word_1_417' title='bbox 1382 2727 1450 2756; x_wconf 76' lang='lat'>104.</span> <span class='ocrx_word' id='word_1_418' title='bbox 1466 2726 1650 2765; x_wconf 77' lang='lat' dir='ltr'>sepulcrum</span> 
     </span>
    </p>
   </div>
   <div class='ocr_carea' id='block_1_8' title="bbox 219 2762 1651 2849">
    <p class='ocr_par' dir='ltr' id='par_1_8' title="bbox 219 2762 1651 2849">
     <span class='ocr_line' id='line_1_49' title="bbox 219 2762 1651 2808; baseline 0.004 -15"><span class='ocrx_word' id='word_1_419' title='bbox 219 2763 375 2795; x_wconf 67' lang='lat' dir='ltr'>cadaver:</span> <span class='ocrx_word' id='word_1_420' title='bbox 399 2763 454 2796; x_wconf 84' lang='lat' dir='ltr'>sed</span> <span class='ocrx_word' id='word_1_421' title='bbox 476 2762 514 2794; x_wconf 88' lang='lat' dir='ltr'>de</span> <span class='ocrx_word' id='word_1_422' title='bbox 538 2772 753 2795; x_wconf 85' lang='lat' dir='ltr'>monumento</span> <span class='ocrx_word' id='word_1_423' title='bbox 778 2768 914 2798; x_wconf 81' lang='lat' dir='ltr'>mortui.</span> <span class='ocrx_word' id='word_1_424' title='bbox 957 2771 1086 2797; x_wconf 70' lang='lat' dir='ltr'>exstrue</span> <span class='ocrx_word' id='word_1_425' title='bbox 1108 2768 1166 2799; x_wconf 61' lang='lat' dir='ltr'>&amp;m</span> <span class='ocrx_word' id='word_1_426' title='bbox 1190 2766 1270 2799; x_wconf 87' lang='lat' dir='ltr'>adde</span> <span class='ocrx_word' id='word_1_427' title='bbox 1291 2770 1325 2799; x_wconf 85' lang='lat' dir='ltr'>et</span> <span class='ocrx_word' id='word_1_428' title='bbox 1345 2776 1419 2808; x_wconf 76' lang='lat' dir='ltr'>quae</span> <span class='ocrx_word' id='word_1_429' title='bbox 1442 2767 1556 2800; x_wconf 83' lang='lat' dir='ltr'>Cicero</span> <span class='ocrx_word' id='word_1_430' title='bbox 1578 2777 1651 2808; x_wconf 78' lang='lat' dir='ltr'>cap.</span> 
     </span>
     <span class='ocr_line' id='line_1_50' title="bbox 222 2805 1416 2849; baseline 0.005 -13"><span class='ocrx_word' id='word_1_431' title='bbox 222 2815 299 2838; x_wconf 78' lang='lat' dir='ltr'>uam</span> <span class='ocrx_word' id='word_1_432' title='bbox 314 2807 423 2839; x_wconf 78' lang='lat' dir='ltr'>Latini</span> <span class='ocrx_word' id='word_1_433' title='bbox 436 2805 550 2837; x_wconf 82' lang='lat' dir='ltr'>dicunt</span> <span class='ocrx_word' id='word_1_434' title='bbox 565 2807 694 2846; x_wconf 59' lang='lat' dir='ltr'>sepelire</span> <span class='ocrx_word' id='word_1_435' title='bbox 707 2806 745 2838; x_wconf 87' lang='lat' dir='ltr'>de</span> <span class='ocrx_word' id='word_1_436' title='bbox 760 2808 797 2838; x_wconf 78' lang='lat' dir='ltr'>iis</span> <span class='ocrx_word' id='word_1_437' title='bbox 809 2810 916 2841; x_wconf 82' lang='lat' dir='ltr'>omni·</span> <span class='ocrx_word' id='word_1_438' title='bbox 957 2818 1023 2849; x_wconf 73' lang='lat' dir='ltr'>seq.</span> <span class='ocrx_word' id='word_1_439' title='bbox 1038 2809 1130 2841; x_wconf 86' lang='lat' dir='ltr'>dixit.</span> <span class='ocrx_word' id='word_1_440' title='bbox 1411 2805 1416 2809; x_wconf 70' lang='grc'><strong>”</strong></span> 
     </span>
    </p>
   </div>
  </div>
 </body>
</html>
