1769 3174
223 73 300 108 996
807 75 1055 113 ORATIO

224 172 448 225 affirmare,
474 185 642 231 postero
665 177 732 218 die
755 193 915 219 moram
936 179 1091 220 nullam
1116 193 1205 219 esse
1229 178 1456 221 facturum.
1506 179 1658 221 Credi-

226 238 317 269 tum
360 242 447 273 est:
480 234 711 275 discessum
750 247 827 276 est.
864 237 919 276 illi
966 237 1126 277 interea
1166 236 1436 276 deliberatori
1480 251 1655 287 merceS,

226 285 356 342 longa
391 288 643 346 interposita
683 304 821 342 nocte,
854 293 1071 348 duplicata
1111 303 1187 332 est.
1250 293 1481 334 Consecuti
1521 294 1666 334 ¹6dies·

227 344 352 398 pauci
372 348 548 389 omnino
571 349 776 390 januario
799 364 956 400 iriense,
980 365 1051 404 per
1073 364 1179 404 quos
1205 359 1399 391 senatum
1431 350 1576 391 haberi
1609 350 1658 391 li-

147 444 175 467 o
193 444 211 453 ν
228 410 366 443 ceret:
399 405 470 444 sed
495 415 634 446 tamen
658 415 798 446 aetum
825 406 943 456 nillil,
968 407 1044 446 nisi
1068 408 1119 446 de
1141 420 1223 446 me.

143 460 214 491 os)
287 457 396 499 Cum
427 463 543 502 omni
576 477 707 512 mora,
731 463 1034 512 ludificatione,
1057 463 1282 512 calumnia,
1310 473 1479 504 senatus
1510 472 1660 504 aucto-

163 514 328 555 75ritas
368 517 672 572 impediretur:
708 520 821 559 venit
861 520 1030 560 tandem
1069 523 1100 553 ¹7
1118 520 1290 560 concilii
1322 520 1374 560 de
1404 535 1472 561 ine
1502 520 1656 576 agendi

227 571 330 622 dies,
374 588 465 615 viil
504 576 703 616 kalendas
744 576 866 616 Febr.
930 576 1133 632 Princeps
1167 576 1417 631 rogationis,
1454 577 1516 616 vir
1550 577 1656 618 mihi

112 640 144 671 b.
162 634 212 663 20.
226 630 522 682 amicissimus,
554 635 610 678 Q.
636 632 870 682 Fabricius,
901 633 1107 688 templum
1139 633 1356 687 aliquanto
1388 643 1486 674 ante
1518 633 1657 674 lucem

182 686 467 738 ³·occupavit.
529 689 711 735 Quietus
742 704 791 730 eo
822 690 890 730 die
922 690 1109 741 Sextius,
1135 691 1180 736 is,
1204 690 1274 744 qui
1307 700 1371 731 est
1401 690 1453 731 de
1477 691 1517 731 vi
1549 704 1658 731 reus.

222 741 344 783 actor
366 744 433 785 liic
456 745 735 800 defensorque
755 762 893 787 causae
920 761 1038 796 meae,
1069 750 1103 777 ¹8
1123 747 1224 787 niliil
1249 748 1532 803 progreditur,
1554 761 1658 788 con-

222 799 314 839 silia
335 811 558 856 exspectat
583 804 851 844 inimieorum
877 818 1082 844 meorum.
1116 804 1230 850 Quid
1256 804 1329 854 illi,
1351 819 1532 859 quorum
1555 818 1658 845 con-

222 856 316 896 silio
343 857 390 897 P.
416 860 588 899 Sextius
613 861 652 899 in
679 860 890 914 judicium
919 864 1122 902 vocatur?
1152 876 1236 915 quo
1260 876 1302 901 se
1327 871 1453 916 pacto
1475 864 1657 916 gerunt?

224 912 332 953 Cum
369 914 522 965 forum,
545 917 784 967 comitium,
814 918 991 968 curiam,
1026 917 1209 958 19multa
1237 918 1289 959 de
1322 928 1461 969 nocte,
1483 917 1656 958 armatis

222 969 470 1012 hominibus
489 975 590 1014 c»mac
617 975 746 1014 servis
772 974 979 1029 plerisque
1000 975 1341 1030 occupavissent,
1365 976 1569 1031 impetum
1595 974 1658 1015 fa—

222 1027 342 1068 ciunt
381 1029 421 1069 in
459 1030 716 1081 Fabricium,
759 1047 905 1072 manus
947 1030 1143 1082 afferunt,
1176 1033 1380 1073 occidunt
1416 1031 1657 1082 nonnullos,

159 1093 210 1131 76
227 1085 445 1126 vulnerant
479 1087 649 1127 multos.
713 1088 964 1129 Venientem
999 1090 1039 1129 in
1080 1088 1234 1139 forum,
1271 1089 1405 1130 virum
1442 1088 1657 1145 optimum

223 1150 265 1181 et
290 1144 705 1195 constantissimum,
739 1145 804 1186 M.
837 1145 1049 1202 Cispium,
1080 1146 1297 1186 tribunum
1332 1146 1481 1202 plebis,
1513 1147 1553 1186 vi
1584 1145 1658 1186 de-

223 1197 412 1253 pellunt:
445 1201 604 1241 ezedem
650 1203 691 1241 in
735 1201 828 1243 foro
871 1203 1102 1243 maximam
1145 1202 1336 1244 faciunt:
1371 1203 1656 1257 universique,

221 1255 434 1297 destrictis
477 1257 628 1313 gladiis
671 1269 714 1300 et
756 1261 958 1310 cruentis,
1002 1261 1041 1299 in
1082 1261 1280 1301 omnibus
1324 1260 1405 1301 fori
1449 1259 1657 1315 partibus,

221 1311 395 1353 fratrem
415 1328 571 1364 meum,
596 1317 729 1356 virum
755 1317 982 1371 optimum,
1006 1317 1300 1367 fortissimum,
1324 1318 1491 1372 meique
1512 1330 1659 1356 aman-

218 1369 447 1421 tissimum,
486 1372 619 1413 oculis
650 1375 914 1427 quaercbant,
951 1389 1053 1415 voce
1091 1375 1337 1430 poscebant.
1369 1387 1550 1429 quorum
1589 1372 1658 1413 ille

219 1426 312 1466 telis
345 1427 542 1480 libenter,
578 1429 672 1469 cllin
713 1441 832 1471 tanto
867 1431 998 1482 luctu,
1028 1446 1076 1472 ae
1107 1432 1316 1472 desiderio
1347 1432 1446 1481 mei,
1477 1445 1562 1470 non
1595 1444 1660 1470 re-

218 1485 452 1539 pugnandi,
476 1487 546 1526 sed
580 1487 787 1527 moriendi
821 1502 949 1528 causa
979 1503 1133 1544 eorpus
1165 1488 1390 1529 obtulisset
1412 1502 1549 1537 suum,
1573 1487 1656 1527 nisi

217 1555 335 1581 suam
361 1542 488 1582 vitam
514 1543 565 1583 ad
595 1558 711 1599 spem
746 1545 826 1585 mei
861 1545 1019 1585 reditus
1052 1556 1317 1586 reservasset.
1350 1545 1482 1586 subiit
1514 1554 1656 1585 tamen

219 1598 303 1637 vim
328 1597 444 1638 illam·
475 1599 679 1640 nefariam
711 1602 1097 1642 consceleratorum
1130 1603 1369 1644 latronum:
1402 1611 1459 1652 et,
1482 1615 1579 1642 cum
1602 1600 1656 1641 ad

218 1654 358 1695 fratris
398 1656 575 1697 salutem
612 1673 636 1698 a
676 1658 834 1713 populo
877 1658 1074 1699 Romano
1112 1660 1422 1715 deprecandam
1458 1658 1657 1708 venisset,

219 1712 363 1767 pulsus
384 1727 408 1753 e
433 1712 616 1765 Rostris,
639 1715 679 1755 in
706 1716 884 1756 comitio
900 1716 1055 1771 jacuit,
1079 1731 1206 1771 seque
1229 1731 1444 1757 servorum
1467 1724 1510 1755 et
1530 1716 1656 1756 liber-

221 1780 360 1809 torum
395 1771 647 1826 corporibus
689 1773 872 1823 obtexit,
906 1774 1121 1828 vitamque
1156 1785 1245 1814 tum
1283 1788 1401 1814 suam
1440 1772 1579 1831 noetis
1611 1780 1656 1812 et.

157 1836 205 1874 77
222 1825 336 1883 fugae
363 1828 576 1881 praesidio,
600 1843 683 1869 non
701 1829 812 1884 juris
834 1830 1177 1885 judiciorinnque
1199 1830 1405 1871 defendit.
1447 1828 1655 1869 Memini-

220 1885 294 1923 stis
319 1893 424 1933 tun),
449 1884 634 1938 judiees,
657 1887 908 1942 corporibus
932 1888 1088 1928 civium
1113 1887 1302 1928 Tiberim
1326 1885 1546 1942 compleri,
1567 1886 1656 1926 elo-

218 1955 313 1981 aeas
346 1941 548 1993 referciri‚
569 1956 592 1982 e
615 1942 708 1983 foro
741 1945 932 2000 spongiis
963 1945 1111 2000 effingi
1143 1945 1410 2001 sanguinem,
1435 1953 1480 1984 ut
1509 1957 1658 1984 omnes

264 2064 301 2094 16
323 2065 389 2094 dies
414 2067 513 2104 pauci
536 2067 676 2106 ommino]
707 2067 846 2098 Omnino
869 2078 916 2097 re-

219 2106 336 2142 fertur,
353 2113 390 2137 ut
412 2110 540 2148 opinor,
567 2109 605 2138 ad
630 2119 773 2140 mensem
795 2110 830 2140 «Ι.
847 2111 918 2139 uni-

221 2158 311 2178 verso
335 2159 443 2180 mense
466 2151 542 2180 «Ian.
559 2153 651 2191 pauci
667 2151 732 2182 dii-s
748 2158 826 2181 sunt
841 2152 919 2192 legi-

219 2190 293 2219 timi
310 2191 403 2220 rebns
419 2193 550 2229 agendis
567 2205 573 2222 :
597 2203 672 2222 nain
697 2193 737 2224 ad
757 2196 855 2231 pauci
872 2205 919 2224 re-

220 2232 316 2268 ferre,
341 2238 376 2263 nt
404 2234 445 2263 sit
469 2235 574 2269 valde,
598 2236 647 2264 vix
671 2236 748 2265 satis
772 2235 918 2267 latinitas

219 2275 357 2312 antiqua
392 2276 528 2315 patitur.
575 2277 637 2306 Sed
669 2277 749 2307 illud
783 2279 917 2308 verbnm

220 2325 287 2345 non
311 2326 382 2346 raro
399 2328 417 2347 a
435 2317 573 2347 librariis
596 2319 702 2349 alieno
726 2320 796 2349 loco
819 2320 919 2350 inser-

219 2361 291 2387 tum
308 2365 369 2394 est,
386 2366 421 2388 nt
438 2359 571 2397 aliijam
589 2366 758 2391 notarunt.

268 2403 299 2432 17
317 2402 441 2430 enm-ilii
455 2403 493 2431 de
507 2403 684 2440 ›imag-endi
698 2403 776 2442 dies]
794 2403 831 2433 In
845 2404 917 2434 edd.

221 2442 334 2480 primis
349 2448 398 2472 est
413 2444 547 2479 crmsiliss
563 2445 647 2483 quod
664 2451 750 2475 reete
769 2447 801 2475 in
817 2447 919 2476 conci-

221 2484 305 2513 tium
321 2490 485 2515 mutatum
501 2492 562 2516 est.
586 2486 699 2516 Sermo
716 2494 765 2517 est
779 2488 866 2517 enirn
881 2489 919 2519 de

221 2525 378 2555 concione
402 2527 525 2566 populi.
570 2527 631 2557 Sed
654 2529 787 2558 verbum
810 2533 918 2559 totum

221 2574 408 2606 suspectum
432 2573 493 2605 est,
518 2569 696 2608 meliusque
719 2572 813 2601 absit.
842 2581 917 2602 nam

218 2610 445 2646 accipiendum
474 2618 523 2641 est
551 2612 608 2648 sie,
633 2618 669 2642 nt
695 2613 824 2643 concilii
852 2614 918 2644 dies

219 2651 332 2686 fuerit,
359 2653 392 2681 in
417 2663 480 2691 quo
510 2659 662 2692 ageretur
688 2654 726 2684 de
753 2656 919 2686 Ciceronis

219 2694 438 2724 revocatione.
483 2695 545 2725 Sed
575 2695 606 2724 id
634 2702 683 2726 est
712 2696 852 2726 durum:
883 2704 917 2728 et

217 2736 386 2765 concilium
404 2737 520 2767 habere
534 2736 666 2774 dicitnr,
684 2748 748 2767 non
765 2749 873 2777 agere.

266 2779 300 2807 18
324 2779 407 2808 nihil
423 2779 649 2819 progredilur]
675 2781 773 2810 Domi
792 2786 916 2818 manet,

218 2827 261 2849 an
277 2819 357 2849 nihil
379 2820 461 2860 agit,
477 2821 638 2860 quiescit?
664 2822 720 2853 sed
743 2822 848 2854 forma
869 2823 917 2854 10-

959 2068 1077 2107 quendi
1116 2078 1182 2098 non
1215 2074 1264 2099 est
1299 2069 1432 2105 usitata,
1463 2075 1661 2107 quocunque

962 2111 1058 2140 modo
1075 2111 1225 2150 accipias.

1007 2156 1043 2187 19
1067 2155 1171 2183 multa
1189 2153 1226 2182 de
1242 2152 1343 2191 nnete]
1362 2152 1428 2182 Diu
1444 2155 1521 2181 ante
1537 2150 1656 2181 lucem.

963 2195 1014 2225 Sic
1029 2199 1059 2224 et
1078 2195 1117 2224 ad
1131 2195 1173 2234 Ω.
1192 2195 1243 2224 Fr.
1260 2195 1305 2231 11,
1328 2197 1375 2224 14.
1393 2194 1501 2224 multa
1515 2193 1553 2222 (Ie
1569 2197 1659 2223 noete

960 2238 1109 2270 vigilare.
1154 2239 1240 2267 Antr-¹
1271 2237 1352 2266 dixit
1380 2237 1550 2275 aliquanto
1583 2239 1661 2265 ante

963 2280 1076 2308 lucem.

1005 2323 1044 2351 ‘20
1067 2331 1106 2351 ac
1119 2322 1218 2351 servis
1234 2319 1410 2361 plerisque]
1436 2320 1456 2350 i.
1472 2330 1501 2350 e.
1519 2327 1660 2358 quorum

963 2363 1105 2393 maxima
1117 2373 1189 2402 pars
1202 2369 1297 2392 erant
1311 2363 1403 2392 servi.
1421 2362 1538 2400 nequis
1550 2364 1660 2400 putet,

956 2405 1119 2444 plerisque
1135 2415 1201 2435 csse
1218 2405 1341 2439 multis,
1357 2410 1393 2434 ut
1414 2404 1500 2443 apud
1522 2403 1664 2442 setgipto-=

963 2456 1011 2476 res
1041 2447 1227 2486 posterioris
1255 2446 1368 2483 seculi,
1400 2445 1596 2476 Suetonium
1625 2448 1660 2474 et

962 2488 1053 2518 alios.

1005 2533 1040 2559 ¹21
1067 2531 1101 2559 in
1117 2534 1207 2559 tanto
1229 2529 1520 2559 luem—moriendi
1541 2526 1658 2567 causa]

964 2572 1043 2602 Haee
1059 2573 1181 2612 primns
1194 2570 1294 2602 edidit
1304 2571 1499 2610 Hervagius,
1512 2570 1660 2606 ecodice,

962 2620 1000 2644 ut
1023 2615 1150 2653 opinor,
1177 2625 1194 2644 e
1218 2623 1283 2652 quo
1311 2618 1429 2643 ceterae
1453 2613 1580 2642 laeunae
1606 2621 1661 2641 ex*-

963 2656 1061 2695 pleta·
1082 2661 1171 2685 snnt.
1215 2655 1262 2685 Ao
1278 2665 1400 2691 vereor,
1419 2664 1459 2685 ne
1472 2655 1539 2684 sint
1553 2654 1594 2684 ab
1609 2654 1660 2683 in-

959 2698 1170 2737 tcvpotatorc.
1217 2697 1279 2727 Pro
1311 2697 1520 2736 repugnandi
1548 2695 1656 2726 Hoto-

960 2749 1101 2769 mannus
1129 2738 1240 2770 laudat
1266 2749 1283 2768 e
1309 2744 1417 2769 vetere
1446 2738 1529 2768 libro
1560 2739 1659 2777 depu-

957 2782 1098 2820 gnandi,
1112 2781 1197 2820 qnod
1210 2786 1259 2811 est
1275 2781 1401 2813 melius.
1424 2780 1486 2812 Sed
1497 2784 1571 2812 tota
1583 2781 1657 2812 sen-

959 2824 1068 2855 tentia
1081 2830 1131 2855 est
1146 2823 1263 2855 aliena.
