1817 3169
260 75 359 109 1138
846 69 1095 109 ORATIO

257 175 402 225 domo,
424 188 508 228 qua
538 181 584 215 tu
616 188 685 215 me
713 172 953 230 expuleras,
974 190 1102 230 quam
1131 173 1357 231 expilaraS,
1379 187 1506 229 quam
1537 173 1684 214 incen-

259 231 394 281 deras,
429 231 666 286 pontifices,
688 231 896 282 consules,
920 242 1058 288 patres
1090 232 1322 288 conscripti
1353 231 1685 279 collocaverunt,

261 288 468 343 mihique,
498 289 611 343 quod
644 299 741 329 ante
775 303 841 329 me
875 290 1049 340 nemini,
1086 289 1265 346 pecunia
1295 288 1467 345 publica
1496 290 1535 318 85
1549 285 1686 328 aedifi-

263 345 442 387 eandam
466 345 639 386 domum
661 356 931 387 censuerunt.

322 401 469 443 Habes
510 403 692 449 reditum
735 417 892 443 meum.
955 401 1115 443 Confer
1160 417 1272 442 nunc
1315 401 1503 442 vicissim
1546 408 1684 449 tuum,

263 460 623 515 quandoquidem,
655 459 808 500 amisso
850 459 1057 509 exercitu,
1096 459 1201 499 nihil
1243 458 1455 499 incolume
1491 458 1684 506 domum,

262 526 417 572 praeter
438 532 484 557 os
507 517 606 558 illud
632 517 856 572 pristinum
881 526 1018 565 tuum,
1040 516 1244 556 retulisti:
1277 515 1348 570 qui
1379 515 1578 569 primum,
1600 527 1686 567 qua

261 574 425 614 veneris
456 588 552 615 cum
583 573 780 614 laureatis
817 573 900 612 tuis
933 571 1170 622 lictoribus,
1192 572 1286 626 quis
1320 571 1427 612 scit?
1457 586 1563 625 quos
1591 579 1684 610 tum

262 628 524 681 Maeandros,
546 631 647 671 dum
669 643 816 670 omnes
847 628 1096 669 solitudines
1129 627 1405 684 persequeriS,
1427 641 1524 682 quae
1546 627 1686 668 diver-

263 687 391 728 ticula
426 687 716 740 flexionesque
749 686 967 740 quaesisti?
999 685 1113 740 quod
1151 695 1191 725 te
1227 684 1509 739 municipium
1547 683 1684 724 vidit?

152 745 356 799 p.91.quis
391 744 552 784 amicus
585 743 811 784 invitavit?
842 742 935 796 quis
966 741 1122 798 hospes
1156 741 1381 798 adspexit?
1414 740 1571 781 Nonne
1603 738 1684 779 tibi

219 809 249 828 a·
263 815 347 841 nox
382 810 471 841 erat
507 816 581 856 pro
617 800 710 840 die?
742 813 826 839 non
860 798 1044 840 solitudo
1083 814 1157 855 pro
1193 797 1459 854 frequentia?
1489 810 1687 852 caupona

263 872 339 913 pro
361 858 545 913 oppido?
579 871 662 897 non
695 864 741 896 ut
771 855 905 896 redire
935 870 989 896 ex
1026 856 1285 897 Macedonia
1312 854 1466 896 nobilis
1500 855 1683 909 impera·

262 923 342 966 tor,
366 916 437 955 scd
461 923 508 954 ut
529 923 721 954 mortuus
745 911 915 953 infamis
938 911 1083 953 referri
1107 913 1344 954 videretur?
1377 911 1562 952 Romam
1585 923 1682 952 vero

178 971 395 1027 23ipsam
421 966 603 1012 foedavit
625 970 832 1010 adventus
857 979 967 1009 tuus.
1029 969 1068 1010 O
1091 969 1280 1020 familiae,
1311 984 1397 1010 non
1420 969 1557 1009 dicam
1584 966 1684 1008 Cal-

261 1028 441 1084 purniae,
463 1028 536 1068 sed
559 1026 820 1077 Calventiae3
852 1040 990 1081 neque
1019 1026 1147 1080 hujus
1179 1028 1308 1077 urbis,
1337 1026 1408 1067 secl
1444 1023 1683 1066 Placentini

260 1085 510 1140 municipii;
541 1098 678 1139 neque
700 1084 863 1139 paterni
885 1083 1065 1139 generis,
1089 1083 1161 1124 sed
1181 1085 1389 1124 braccatae
1410 1081 1682 1138 cognationis

257 1142 462 1183 dedecus!
493 1140 854 1196 quemadmodum
877 1140 1058 1181 venisti?
1090 1141 1183 1196 quis
1207 1141 1300 1191 tibi,
1325 1155 1408 1181 non
1434 1141 1573 1180 dicam
1605 1138 1684 1179 bo-

260 1213 368 1250 rum,
391 1208 464 1239 aut
484 1198 644 1240 civium
665 1206 920 1248 ceterorum,
951 1197 1022 1237 Sed
1046 1206 1216 1238 tuorum
1248 1196 1487 1253 legatorum
1509 1196 1682 1237 obviam

199 1268 247 1301 54
261 1256 405 1297 venit?
435 1255 474 1287 86
489 1255 666 1296 Mecum
697 1254 811 1295 enim
845 1253 893 1294 L.
918 1253 1109 1305 Flaccus,
1133 1255 1196 1295 vir
1228 1263 1300 1295 tua
1328 1253 1540 1310 legatione
1574 1252 1684 1294 indi-

259 1312 504 1369 gnissimus,
534 1321 663 1367 atque
693 1311 744 1352 iis
773 1310 977 1361 consiliis,
997 1311 1151 1366 quibus
1183 1326 1351 1352 mecum
1386 1312 1428 1351 in
1460 1309 1684 1352 consulatu

258 1384 355 1411 meo
388 1371 644 1426 conjunctus
680 1367 763 1409 fuit
799 1368 852 1409 ad
890 1368 1225 1409 conservandam
1264 1366 1587 1424 rempublicam,
1619 1366 1684 1408 di-

257 1427 397 1482 gnior,
428 1440 595 1468 mecum
634 1424 717 1466 fuit
753 1433 858 1477 tum,
894 1427 932 1458 87
948 1439 1047 1465 cum
1080 1436 1122 1467 te
1159 1425 1333 1481 quidam
1371 1439 1457 1466 non
1489 1424 1617 1480 longe
1658 1438 1684 1464 a

256 1493 381 1540 porta
419 1498 516 1526 cum
558 1483 781 1525 lictoribus
815 1490 1026 1523 errantem
1063 1483 1200 1523 visum
1233 1497 1323 1523 esse
1357 1490 1558 1523 narraret.
1592 1480 1682 1522 scio

255 1542 359 1582 item
384 1540 519 1582 virum
542 1540 697 1581 fortem
721 1540 763 1580 in
787 1538 948 1595 primis,
972 1538 1069 1580 belli
1092 1554 1141 1580 ac
1164 1540 1221 1580 rei
1254 1539 1447 1580 militaris
1481 1538 1682 1595 peritum,

255 1597 506 1639 familiarem
527 1612 684 1648 meum,
708 1597 765 1643 Q,
786 1596 1017 1647 Marcium,
1034 1611 1216 1651 quorum
1240 1606 1284 1637 tu
1303 1596 1541 1652 legatorum
1565 1609 1683 1650 proe-

255 1654 313 1696 lio
344 1655 575 1710 imperator
606 1653 841 1710 appellatus
872 1667 978 1703 era3‚
999 1656 1037 1684 88
1052 1668 1150 1695 cum
1183 1669 1267 1695 non
1297 1653 1426 1709 longe
1458 1651 1682 1703 abfuisses,

257 1712 442 1753 adventu
473 1712 555 1752 isto
578 1721 651 1752 tuo
674 1711 791 1752 domi
822 1709 951 1751 fuisse
973 1711 1175 1752 otiosum.
1236 1710 1318 1752 Sed
1349 1710 1452 1766 quid
1474 1724 1556 1765 ego
1578 1723 1682 1750 enu-

198 1777 245 1812 55
258 1784 389 1819 mero,
410 1769 483 1823 qui
515 1769 593 1809 tibi
619 1768 791 1809 obviam
822 1782 907 1808 non
939 1769 1160 1809 venerint?
1190 1767 1338 1808 89dico
1361 1769 1526 1808 venisse
1558 1780 1683 1822 paene

257 1827 486 1876 neminem,
518 1841 569 1866 ne
603 1826 656 1866 de
685 1824 1001 1866 officiosissima
1035 1825 1206 1879 quidem
1229 1825 1402 1865 natione
1431 1824 1681 1865 candidato-

257 1898 367 1934 rum,
389 1898 485 1924 cum
518 1883 648 1939 vulgo
670 1891 824 1931 essent,
846 1891 889 1922 et
919 1881 989 1922 illo
1013 1881 1120 1937 ipso,
1141 1891 1184 1923 et
1215 1882 1358 1922 multis
1391 1891 1489 1922 ante
1515 1881 1682 1931 diebus,

257 1940 464 1982 admoniti
489 1950 532 1980 et
563 1939 715 1995 rogati.
774 1937 954 1995 Togulae
984 1937 1206 1980 lictoribus
1235 1939 1288 1979 ad
1323 1948 1489 1994 portam
1523 1947 1682 1994 praesto

256 1997 453 2039 fuerunt:
485 1997 641 2051 quibus
674 1996 731 2036 illi
768 1996 970 2052 acceptis'‚
1002 1996 1148 2052 sagula
1179 1996 1433 2052 rejecerunt,
1466 2005 1509 2036 et
1544 2004 1681 2036 cater-

256 2068 353 2096 vam
384 2053 630 2109 imperatori
663 2068 738 2094 suo
762 2067 916 2095 novam
948 2054 1238 2107 praebuerunt-
1299 2053 1370 2094 Sic
1393 2054 1486 2104 iste,
1507 2056 1679 2093 901ant0

203 421 250 454 53

987 2177 1131 2208 Fac-inus
1148 2178 1180 2207 in
1197 2177 1279 2207 libro
1294 2186 1352 2207 suo
1368 2177 1496 2216 reperit.
1538 2177 1591 2208 Sic
1606 2186 1683 2208 mox

286 2181 325 2209 85
337 2178 562 2218 oedg‘ficccndam
574 2177 720 2216 domum]
733 2177 864 2208 domum
878 2186 943 2207 mc-

985 2219 1035 2251 ed.
1052 2221 1102 2251 W.
1119 2231 1177 2260 pro
1192 2220 1337 2250 vener-int
1351 2220 1435 2250 male
1449 2223 1618 2250 venerunt.

251 2218 312 2256 lius
327 2220 479 2250 abfuerit.

293 2263 332 2292 86
354 2261 483 2292 filet-um
510 2263 594 2292 enim
621 2261 661 2291 L.
686 2260 835 2299 Flaccus]
863 2259 944 2290 Edd.

250 2314 363 2334 omnes
378 2309 454 2333 ante
471 2303 584 2333 Lamb.
606 2310 639 2332 ct
656 2303 751 2333 Grut.
772 2303 852 2332 item
866 2302 945 2332 Mss.

250 2346 393 2386 plerique
423 2345 546 2375 addunt
575 2349 645 2375 enm
675 2349 747 2384 post
773 2346 870 2374 enim.
908 2343 947 2375 ld

249 2387 415 2418 sublatum
439 2387 479 2417 ab
502 2387 562 2422 his,
579 2393 710 2417 auctore
729 2387 790 2417 ΜΞ.
815 2386 944 2423 Faerni,

250 2431 394 2461 restituit
417 2430 573 2459 Graevins.
600 2438 665 2458 non
690 2429 838 2458 imitatus
859 2438 944 2458 suin.

249 2472 431 2512 Propositio
461 2471 638 2505 Ciceronis,
671 2470 850 2500 secundum
878 2470 943 2500 for-

249 2524 335 2545 mam
351 2519 524 2543 structurae
547 2518 581 2543 et
595 2512 764 2543 solennem
783 2517 832 2541 cst
847 2525 853 2541 :
879 2522 943 2541 me-

247 2566 321 2586 cum
337 2555 551 2596 Flaccus-fuit
566 2560 648 2590 tum,
661 2564 744 2584 σιωη,
762 2555 941 2594 interponit

247 2598 367 2637 aliquid
383 2598 420 2628 de
436 2597 571 2628 Flacco:
595 2607 672 2634 ergo
690 2597 769 2626 illud
778 2597 854 2635 ‘ficit
869 2601 940 2626 tum

247 2647 319 2679 post
341 2639 549 2679 parenthesin
572 2640 717 2679 ponitur,
742 2648 800 2669 nec
827 2639 861 2668 in
884 2638 940 2668 illo

246 2681 353 2712 locum
371 2682 468 2711 habet
483 2686 564 2712 tum.

287 2728 324 2757 87
340 2734 414 2754 cum
431 2728 460 2753 te
476 2723 608 2763 quidam
625 2721 796 2760 narraret]
816 2722 867 2751 Sic
883 2732 941 2762 pro

244 2766 377 2805 vulgato
403 2767 565 2795 narrabat
588 2765 656 2794 sine
683 2763 773 2794 libris
801 2765 944 2804 scripsis-

235 2816 325 2845 -ssem,
351 2807 541 2848 postulante
570 2807 748 2843 latinitate,
776 2812 811 2837 at
834 2807 879 2836 sic
907 2812 941 2837 et

1029 2265 1067 2294 88
1091 2273 1165 2292 fflm
1180 2271 1242 2292 uon
1258 2263 1359 2303 ¹longe
1379 2261 1547 2302 alfuisses]
1575 2261 1684 2292 Debet

989 2314 1056 2334 esse
1071 2305 1202 2336 abesses.
1248 2303 1372 2334 Pendet
1393 2304 1481 2333 enim
1504 2315 1522 2334 a
1543 2305 1607 2334 scio
1617 2305 1682 2346 fu-

987 2356 1058 2378 asse.

1030 2391 1070 2423 89
1097 2388 1167 2429 Qui
1192 2389 1260 2418 dico
1287 2386 1421 2425 venisse]
1453 2387 1606 2427 Ineptum
1632 2392 1683 2419 est

986 2435 1020 2460 et
1043 2430 1184 2461 alienum
1206 2431 1288 2470 Qui.
1334 2430 1371 2460 ln
1397 2429 1459 2460 ΜΞ.
1476 2430 1591 2460 Faerni
1611 2436 1682 2462 erat

986 2475 1058 2501 cni:
1081 2472 1135 2502 sed
1160 2472 1192 2502 id
1209 2482 1335 2511 quoque
1359 2471 1513 2502 alionum.
1558 2473 1618 2503 Est
1632 2477 1681 2504 te-

986 2523 1073 2543 mere
1102 2513 1276 2553 repetitum
1306 2525 1344 2543 ex
1371 2513 1598 2551 antecedente,
1625 2515 1682 2545 de-

986 2556 1103 2594 betque
1131 2556 1242 2586 deleri.
1278 2557 1324 2586 ita
1351 2560 1384 2584 vt
1417 2555 1494 2585 alibi
1522 2560 1559 2586 ut
1588 2556 1680 2587 Verr-

986 2598 1099 2627 Cicero
1114 2598 1146 2627 in
1164 2597 1223 2627 hae
1239 2598 1342 2627 sorana
1359 2597 1475 2627 habet:
1499 2599 1569 2628 dico
1585 2600 1646 2629 &m

1026 2642 1066 2672 90
1081 2644 1178 2679 'tanto
1194 2642 1350 2673 e.2't'7*!'!'l?c‚
1367 2645 1388 2669 r.
1407 2639 1478 2679 pr.]
1504 2640 1608 2670 Possis
1630 2641 1681 2670 in·

984 2681 1144 2719 telligere,
1168 2691 1241 2712 cum
1263 2687 1396 2711 tantum
1420 2682 1601 2712 exercitum
1623 2681 1680 2713 ha-

985 2724 1075 2754 beret
1104 2723 1154 2754 vol
1181 2724 1368 2754 habuisset:
1406 2724 1460 2754 sed
1491 2724 1607 2755 melius
1632 2728 1687 2759 est,

984 2765 1100 2796 addere
1113 2776 1132 2796 α
1148 2777 1164 2796 e
1180 2766 1243 2796 Ms.
1262 2766 1388 2797 Faerui.
1676 2760 1684 2767 “
