1817 3169
560 107 627 144 IN
653 107 698 144 L.
725 105 1005 144 PISONEM.
1393 104 1493 140 ³151

64 225 146 262 ras,
167 224 223 251 ex
244 209 394 252 aerario
417 209 495 250 tibi
520 211 792 258 attributum,
817 209 969 250 Romae
1002 208 1045 248 in
1067 216 1234 261 quaestu
1258 205 1496 261 reliquisti?

67 268 237 318 Nonne,
259 282 358 308 cum
382 281 437 308 cc
471 267 632 308 talenta
654 267 733 307 tibi
757 265 1047 322 Apolloniatas
1082 264 1235 304 Romae
1263 264 1496 312 dedissent,

61 338 117 366 ne
137 324 339 379 pecunias
361 324 544 365 creditas
567 324 793 373 solverent,
816 322 927 364 ultro
951 320 1384 374 Fufidium,equitem
1407 319 1497 360 Ro-

62 395 252 432 manum,
283 381 502 422 hominem
525 381 859 430 ornatissimum,
879 380 1151 428 creditorem,
1172 378 1213 407 46
1227 376 1494 417 debitoribus

62 438 148 478 suis
178 439 411 480 addixisti?
451 439 623 488 Nonne,
652 441 690 471 47
705 438 884 478 hiberna
904 451 1003 477 cuni
1037 435 1178 490 legato
1201 431 1495 489 praefectoque

58 494 320 546 tradidisses,
355 496 545 536 evertisti
582 495 755 536 miseras
792 494 984 535 funditus
1019 493 1242 534 civitates:
1275 504 1372 544 quae
1405 503 1494 529 non

59 550 197 593 solum
229 553 353 593 bonis
385 563 484 593 sunt
516 553 754 602 exhaustae,
786 552 856 592 sed
888 552 1015 591 etiam
1048 548 1232 590 nefarias
1264 546 1495 587 libidinum

57 609 339 650 contumelias
379 611 751 666 turpitudinesque
795 609 1044 650 subierunt?
1091 606 1178 652 Qui
1222 604 1375 645 modus
1415 602 1495 643 tibi

59 665 143 706 fuit
165 666 367 712 frumenti
400 668 670 709 aestimandi?
702 666 774 722 qui
806 666 1053 706 honorarii?
1085 664 1119 704 si
1144 662 1319 718 quidem
1350 669 1496 716 potest

60 723 101 764 vi
123 732 167 763 et
187 734 303 765 metu
326 733 560 774 extortum,
586 724 861 764 honorarium
886 721 1112 763 nominari.
1135 718 1252 774 quod
1272 732 1371 759 cum
1401 731 1495 772 per-

58 794 183 835 aeque
213 795 375 832 omnes,
402 792 493 822 tum
527 781 799 822 acerbissime
831 779 1012 830 Boeotii,
1040 787 1083 819 et
1116 774 1333 832 Byzantii,
1357 774 1494 815 Cher-

5 879 7 881 ,
56 851 272 889 ronenses,
295 837 598 879 Thessalonica
619 838 765 878 sensit.
799 853 905 878 unus
929 847 975 878 tu
997 836 1211 884 dominus,
1236 846 1342 873 unus
1374 831 1492 872 aesti-

56 904 210 946 mator,
234 910 342 936 unus
367 896 575 948 venditor,
600 904 692 936 tota
713 896 756 936 in
780 895 1015 951 provincia,
1038 906 1113 949 per
1134 890 1383 939 triennium,
1400 888 1489 929 fru-

55 952 191 992 menti
222 954 361 993 omnis
394 951 528 994 fuisti.
591 953 709 999 Quid
736 966 818 1008 ego
849 966 987 993 rerum
1012 948 1261 1005 capitalium
1284 938 1532 1002 quaestio-3

55 1022 146 1059 neS,
169 1023 337 1051 reorum
362 1010 596 1066 pactiones,
619 1010 918 1060 redemtiones,
936 1007 1230 1049 acerbissimas
1247 1003 1488 1045 damnatio·
1500 1009 1551 1047 87

55 1080 145 1118 nes,
176 1066 547 1108 libidinosissimas
576 1067 848 1108 liberationes
874 1065 1116 1122 proferam?
1147 1072 1315 1104 tantum
1345 1060 1492 1102 locum

55 1123 240 1179 aliquem
263 1139 362 1165 cum
385 1125 491 1165 mihi
514 1134 664 1165 notum
687 1124 880 1175 senseris,
902 1133 1046 1164 tecum
1077 1122 1168 1177 ipse
1197 1119 1360 1169 licebit,
1382 1128 1491 1173 quot

54 1180 99 1221 in
122 1195 173 1221 eo
195 1196 365 1237 genere,
387 1192 431 1223 et
451 1192 612 1237 quanta
633 1182 719 1222 sint
739 1182 934 1231 crimina,
962 1179 1197 1221 recordere.
1261 1175 1407 1223 Quid?
1439 1175 1489 1215 il-
1501 1186 1533 1217 b.

54 1236 138 1279 lam
161 1253 376 1280 armorum
399 1239 616 1280 officinam
638 1239 790 1294 ecquid
823 1237 1072 1287 recordaris,
1094 1250 1193 1277 cum
1215 1234 1333 1275 omni
1356 1233 1489 1273 totius

55 1296 292 1352 provinciae
314 1311 468 1353 pecore
499 1296 737 1352 compulso,
759 1295 934 1352 pellium
967 1294 1155 1344 nomine,
1178 1306 1349 1332 omnem
1372 1305 1492 1345 quae-

56 1362 170 1393 stum
206 1353 325 1394 illum
363 1354 648 1395 domesticum
682 1364 993 1409 paternumque
1030 1350 1272 1392 renovasti?
1312 1348 1492 1388 Videras

54 1410 170 1451 enim
207 1411 380 1467 grandis
411 1412 504 1467 jam
538 1425 655 1466 puer,
694 1410 801 1452 bello
837 1410 1005 1460 Italico,
1035 1406 1187 1464 repleri
1221 1414 1389 1461 quaestu
1423 1419 1494 1445 ve-

54 1476 184 1508 stram
207 1469 398 1519 domum,
421 1483 520 1510 cum
552 1479 672 1524 pater
704 1468 832 1509 armis
864 1466 1071 1508 faciendis
1102 1474 1199 1505 tuus
1232 1461 1491 1519 praefuisset.

52 1525 185 1579 quid?
214 1526 472 1582 vectigalem
505 1525 788 1582 provinciam,
822 1524 1000 1580 singulis
1034 1523 1174 1572 rebus,
1204 1533 1491 1575 quaecumque

53 1582 263 1634 venirent,
285 1594 402 1624 certo
427 1583 620 1639 portorio
644 1583 863 1638 imposito,
885 1585 925 1613 48
941 1580 1071 1622 servis
1096 1579 1178 1620 tuis
1202 1577 1442 1634 publicanis
1465 1591 1492 1617 a

53 1647 96 1679 te
116 1638 276 1680 factam
297 1654 388 1681 esse
411 1640 674 1681 meministi?
708 1639 854 1686 Quid?
883 1642 925 1673 49
936 1637 1200 1680 centuriatus
1224 1634 1366 1690 palam
1387 1648 1488 1674 ven·
1501 1645 1551 1678 83

50 1696 190 1738 ditos?
219 1697 351 1752 quid?
382 1711 457 1754 per
479 1706 602 1738 tuum
624 1696 839 1738 servulum
859 1696 1029 1737 ordines
1054 1693 1324 1749 assignatos?
1355 1691 1488 1746 quid?

51 1754 314 1810 stipendium
336 1755 548 1796 militibus
570 1768 646 1810 per
667 1768 816 1795 omnes
838 1768 972 1794 annos
997 1767 1023 1793 a
1044 1750 1308 1799 civitatibus,
1331 1748 1490 1789 mensis

50 1811 191 1866 palam
222 1812 468 1868 propositis,
492 1815 532 1842 50
545 1826 636 1853 esse
668 1812 968 1853 numeratum?
1000 1809 1104 1865 quid
1135 1808 1207 1848 illa
1228 1807 1272 1847 in
1298 1805 1491 1846 Pontum

50 1867 263 1923 profectio
290 1879 334 1910 et
362 1877 542 1910 conatus
573 1871 700 1911 tuus?
733 1868 836 1924 quid
865 1866 1108 1909 debilitatio
1139 1873 1267 1919 atque
1301 1863 1491 1918 abjectio

49 1925 182 1967 animi
206 1926 283 1978 tui,
305 1929 342 1957 51
358 1925 622 1968 Macedonia
643 1926 847 1982 praetoria
868 1925 1081 1976 nuntiata,
1104 1937 1202 1964 cum
1226 1931 1273 1961 tu
1306 1934 1394 1961 non
1425 1934 1494 1961 so-

791 2056 889 2088 servis
902 2054 1102 2090 tradidisset,
1124 2061 1197 2092 quae
1211 2051 1374 2090 equitibus
1391 2049 1494 2081 locari

89 2058 132 2089 46
147 2058 339 2088 debitoribus
353 2058 420 2088 suis
433 2056 602 2096 αᾱᾱιζτίειὶ]
621 2057 749 2088 Facete.

790 2098 954 2129 solerent:
979 2096 1066 2136 quod
1093 2100 1128 2125 et
1155 2095 1250 2125 Verri
1279 2093 1432 2133 objicitur
1459 2093 1495 2124 in

49 2100 212 2132 debitores
224 2099 419 2131 addicuntur
431 2099 510 2130 alias
521 2099 747 2137 creditoribus,

48 2153 125 2174 cum
140 2143 264 2174 solvere
280 2152 347 2173 non
370 2148 520 2183 possunt,
538 2147 577 2172 ut
593 2142 681 2172 Sext.
700 2145 748 2176 17.

49 2185 72 2215 i.
87 2196 116 2216 e.
131 2191 168 2216 ut
182 2185 262 2215 alias
276 2185 409 2222 dicitur,
424 2184 601 2221 deduntur,
611 2184 748 2214 tradun-

48 2233 126 2262 tur;
149 2228 202 2258 hic
214 2226 390 2257 creditores
411 2226 609 2257 addicuntur
623 2226 751 2256 debito-

50 2270 151 2307 ribus,
169 2279 244 2300 cum
259 2269 293 2299 hi
308 2269 447 2309 pecunia
461 2269 621 2306 efficiunt,
641 2278 682 2299 ne
697 2278 751 2299 co-

53 2318 174 2352 gantur
187 2311 311 2342 solvere
327 2311 498 2342 creditum.

91 2358 131 2388 47
154 2355 288 2385 hiberna
306 2353 625 2392 cum—tradidisses]
650 2352 750 2383 Addi-

50 2395 100 2427 dit
111 2397 257 2427 Graevius
271 2407 288 2427 e
303 2396 383 2427 Mss.
401 2396 471 2427 Erf.
489 2396 576 2427 Pith.
592 2400 658 2425 tuo.
681 2405 749 2425 non

47 2438 140 2470 bene.
155 2439 353 2478 intelligitur
374 2449 432 2478 per
453 2449 498 2475 se,
514 2438 639 2468 Pisonis
661 2437 750 2477 lega-

48 2485 122 2511 tum
137 2487 172 2512 et
192 2481 382 2521 praefectum
404 2481 514 2511 fuisse.
537 2480 593 2510 sed
607 2479 685 2519 quid
699 2487 749 2511 est

50 2524 182 2554 tradere
195 2523 329 2554 hiberna
345 2524 367 2553 l.
385 2527 417 2552 et
432 2533 489 2562 pr.
504 2524 519 2553 ,7
549 2532 667 2562 nempe
693 2533 748 2562 pe-

52 2566 185 2596 cuniam
199 2566 343 2605 accipere
356 2565 396 2595 ab
406 2565 456 2602 iis,
467 2571 507 2595 ut
518 2565 661 2595 habeant
676 2570 751 2604 pot-

52 2611 192 2638 estatem
206 2607 416 2637 hibernorum
431 2607 700 2643 ordinandorum,
716 2614 752 2637 et

51 2649 104 2686 iis,
119 2649 205 2689 apud
219 2659 298 2688 quos
313 2654 402 2686 sunt,
418 2648 659 2689 praescribendi,
674 2649 751 2687 quid

52 2696 208 2731 prestare
240 2691 400 2721 militibus
428 2691 568 2722 debeant
595 2692 655 2721 διο.
700 2691 752 2721 De

51 2732 115 2763 hoe
150 2742 266 2772 genere
301 2733 428 2771 injuriae
465 2735 500 2763 in
535 2733 751 2774 provinciales

47 2773 169 2805 multae
183 2775 269 2815 apud
280 2782 404 2805 veteres
419 2776 644 2814 querimoniae.

92 2819 133 2847 48
159 2818 259 2847 serm's
283 2818 348 2847 tuis
368 2818 565 2857 publicanis]
595 2817 752 2848 Additum

52 2863 104 2890 est
133 2859 319 2903 publicanis
354 2859 484 2890 invidia}
512 2869 631 2898 causa5
668 2858 754 2899 quod

790 2141 930 2172 Verrina
942 2139 982 2168 V.
998 2139 1060 2169 nisi
1077 2147 1153 2168 vero
1170 2141 1221 2166 est
1234 2146 1254 2166 a
1267 2135 1458 2174 glossatore.

831 2185 874 2216 49
901 2178 1288 2218 centuriatus—ordines]
1321 2177 1495 2208 Abramius

793 2224 890 2256 malit
904 2224 1160 2258 εεηιιινὶοηαιαε,
1177 2230 1234 2261 np.
1251 2231 1269 2250 e
1282 2220 1391 2251 Tacit.
1406 2219 1446 2250 A.
1462 2219 1493 2256 Ι,

792 2270 845 2298 44.
869 2266 925 2296 sed
948 2265 992 2295 ibi
1006 2275 1068 2295 vox
1084 2264 1142 2295 illa
1155 2269 1190 2294 et
1211 2272 1323 2293 sensus
1344 2271 1411 2292 non
1424 2271 1493 2292 cer-

792 2314 847 2339 tus
856 2314 916 2339 est.
932 2310 1135 2338 centuriatus
1147 2311 1197 2336 est
1209 2306 1309 2335 etiam
1324 2305 1358 2334 in
1373 2302 1493 2334 Manil.

796 2354 843 2382 13.
872 2350 927 2381 sed
952 2350 1029 2390 quid
1051 2349 1208 2379 differunt
1233 2346 1437 2378 centuriatus
1459 2349 1496 2376 et

792 2394 918 2425 ordines
929 2393 945 2422 ?
982 2402 1057 2422 cum
1085 2390 1165 2421 alias
1190 2391 1317 2420 ordines
1344 2389 1425 2418 dare
1450 2388 1495 2418 sit

792 2436 1020 2466 centurionem
1042 2434 1159 2464 facere.
1187 2442 1305 2472 nempe
1328 2431 1494 2460 centuria-

791 2484 845 2509 tus
858 2484 907 2508 est
921 2486 1040 2507 munus
1053 2475 1266 2510 centurionis,
1275 2473 1402 2504 ordines
1414 2476 1494 2503 sunt

792 2520 864 2552 loca
878 2521 965 2550 inter
988 2518 1208 2553 centuriones,
1229 2522 1269 2546 ut
1290 2514 1495 2546 honestiores

793 2563 922 2593 ordines
937 2561 1186 2595 mandarentur,
1203 2569 1234 2590 v.
1250 2569 1279 2589 e.
1299 2558 1422 2598 primus
1435 2556 1494 2586 ha·

793 2611 912 2640 statuS‚
928 2605 1052 2644 primus
1066 2602 1151 2643 pilus
1168 2603 1227 2632 ὃῑο.

837 2651 877 2678 50
891 2656 956 2677 esse
967 2643 1194 2683 numeratum]
1213 2642 1296 2674 Esse
1317 2639 1497 2671 delendum

794 2689 935 2720 videtur.

837 2735 873 2762 51
904 2729 1100 2761 ,Macedonia
1129 2726 1289 2768 proetoria
1315 2721 1494 2770 nunciata]

795 2774 816 2803 i.
832 2783 908 2803 cum
928 2772 1122 2802 nunciatum
1145 2774 1242 2804 esset,
1265 2765 1495 2797 Macedoniam

795 2815 930 2856 praetori
944 2814 1109 2846 decretam
1123 2811 1235 2851 alicui,
1249 2809 1292 2851 Ω.
1306 2806 1484 2840 Anchario.

714 2905 838 2943 41²9.
