<?xml version="1.0" encoding="UTF-8"?>
<!DOCTYPE html PUBLIC "-//W3C//DTD XHTML 1.0 Transitional//EN"
    "http://www.w3.org/TR/xhtml1/DTD/xhtml1-transitional.dtd">
<html xmlns="http://www.w3.org/1999/xhtml" xml:lang="en" lang="en">
 <head>
  <title>
</title>
<meta http-equiv="Content-Type" content="text/html;charset=utf-8" />
  <meta name='ocr-system' content='tesseract 3.04.00' />
  <meta name='ocr-capabilities' content='ocr_page ocr_carea ocr_par ocr_line ocrx_word'/>
</head>
<body>
  <div class='ocr_page' id='page_1' title='image "./p2operaomnia02ciceuoft_0408.png"; bbox 0 0 1817 3169; ppageno 0'>
   <div class='ocr_carea' id='block_1_1' title="bbox 245 133 1069 174">
    <p class='ocr_par' dir='ltr' id='par_1_1' title="bbox 245 133 1069 174">
     <span class='ocr_line' id='line_1_1' title="bbox 245 133 1069 174; baseline 0.008 -8"><span class='ocrx_word' id='word_1_1' title='bbox 245 133 343 167; x_wconf 61' lang='lat'>11‘24</span> <span class='ocrx_word' id='word_1_2' title='bbox 825 135 1069 174; x_wconf 79' lang='lat' dir='ltr'>ORATIO</span> 
     </span>
    </p>
   </div>
   <div class='ocr_carea' id='block_1_2' title="bbox 143 232 1728 2570">
    <p class='ocr_par' dir='ltr' id='par_1_2' title="bbox 143 232 1728 2570">
     <span class='ocr_line' id='line_1_2' title="bbox 244 232 1672 297; baseline 0.008 -25"><span class='ocrx_word' id='word_1_3' title='bbox 244 232 484 288; x_wconf 78' lang='lat' dir='ltr'>expulistiS‚</span> <span class='ocrx_word' id='word_1_4' title='bbox 519 233 601 276; x_wconf 90' lang='lat' dir='ltr'>Cn.</span> <span class='ocrx_word' id='word_1_5' title='bbox 631 235 886 294; x_wconf 86' lang='lat' dir='ltr'>Pompeium</span> <span class='ocrx_word' id='word_1_6' title='bbox 919 239 1094 280; x_wconf 85' lang='lat' dir='ltr'>domurn</span> <span class='ocrx_word' id='word_1_7' title='bbox 1127 254 1246 282; x_wconf 86' lang='lat' dir='ltr'>suam</span> <span class='ocrx_word' id='word_1_8' title='bbox 1278 240 1559 297; x_wconf 88' lang='lat' dir='ltr'>compulistis.</span> <span class='ocrx_word' id='word_1_9' title='bbox 1595 253 1672 281; x_wconf 77' lang='lat' dir='ltr'>ne-</span> 
     </span>
     <span class='ocr_line' id='line_1_3' title="bbox 244 290 1671 354; baseline 0.006 -25"><span class='ocrx_word' id='word_1_10' title='bbox 244 304 327 344; x_wconf 92' lang='lat' dir='ltr'>que</span> <span class='ocrx_word' id='word_1_11' title='bbox 348 290 477 340; x_wconf 86' lang='lat' dir='ltr'>enim,</span> <span class='ocrx_word' id='word_1_12' title='bbox 498 305 567 333; x_wconf 86' lang='lat' dir='ltr'>me</span> <span class='ocrx_word' id='word_1_13' title='bbox 589 301 740 342; x_wconf 78' lang='lat' dir='ltr'>stante,</span> <span class='ocrx_word' id='word_1_14' title='bbox 761 305 804 336; x_wconf 89' lang='lat' dir='ltr'>et</span> <span class='ocrx_word' id='word_1_15' title='bbox 826 306 1023 337; x_wconf 86' lang='lat' dir='ltr'>manente</span> <span class='ocrx_word' id='word_1_16' title='bbox 1053 297 1096 338; x_wconf 89' lang='lat' dir='ltr'>in</span> <span class='ocrx_word' id='word_1_17' title='bbox 1126 298 1242 338; x_wconf 91' lang='lat' dir='ltr'>urbis</span> <span class='ocrx_word' id='word_1_18' title='bbox 1266 298 1426 354; x_wconf 83' lang='lat' dir='ltr'>vigilia,</span> <span class='ocrx_word' id='word_1_19' title='bbox 1447 312 1583 354; x_wconf 90' lang='lat' dir='ltr'>neque</span> <span class='ocrx_word' id='word_1_20' title='bbox 1605 312 1671 338; x_wconf 91' lang='lat' dir='ltr'>re-</span> 
     </span>
     <span class='ocr_line' id='line_1_4' title="bbox 246 347 1669 410; baseline 0.006 -24"><span class='ocrx_word' id='word_1_21' title='bbox 246 348 422 388; x_wconf 80' lang='lat' dir='ltr'>sistente</span> <span class='ocrx_word' id='word_1_22' title='bbox 454 347 534 389; x_wconf 89' lang='lat' dir='ltr'>Cn.</span> <span class='ocrx_word' id='word_1_23' title='bbox 559 349 781 407; x_wconf 88' lang='lat' dir='ltr'>Pompeio,</span> <span class='ocrx_word' id='word_1_24' title='bbox 814 354 1005 394; x_wconf 87' lang='lat' dir='ltr'>omnium</span> <span class='ocrx_word' id='word_1_25' title='bbox 1038 355 1231 409; x_wconf 83' lang='lat' dir='ltr'>gentium</span> <span class='ocrx_word' id='word_1_26' title='bbox 1261 355 1437 406; x_wconf 88' lang='lat' dir='ltr'>victore,</span> <span class='ocrx_word' id='word_1_27' title='bbox 1468 368 1669 410; x_wconf 78' lang='lat' dir='ltr'>uinquam</span> 
     </span>
     <span class='ocr_line' id='line_1_5' title="bbox 248 403 1672 466; baseline 0.004 -22"><span class='ocrx_word' id='word_1_28' title='bbox 248 417 293 444; x_wconf 90' lang='lat' dir='ltr'>se</span> <span class='ocrx_word' id='word_1_29' title='bbox 315 403 373 446; x_wconf 88' lang='lat' dir='ltr'>illi</span> <span class='ocrx_word' id='word_1_30' title='bbox 402 407 707 462; x_wconf 69' lang='lat' dir='ltr'>rempublicam</span> <span class='ocrx_word' id='word_1_31' title='bbox 739 408 877 450; x_wconf 87' lang='lat' dir='ltr'>delere</span> <span class='ocrx_word' id='word_1_32' title='bbox 907 425 1030 465; x_wconf 84' lang='lat' dir='ltr'>posse</span> <span class='ocrx_word' id='word_1_33' title='bbox 1060 411 1288 452; x_wconf 78' lang='lat' dir='ltr'>duxerunt.</span> <span class='ocrx_word' id='word_1_34' title='bbox 1347 412 1387 452; x_wconf 93' lang='lat' dir='ltr'><strong>A</strong></span> <span class='ocrx_word' id='word_1_35' title='bbox 1410 426 1476 453; x_wconf 89' lang='lat' dir='ltr'>me</span> <span class='ocrx_word' id='word_1_36' title='bbox 1497 411 1672 466; x_wconf 85' lang='lat' dir='ltr'>quidem</span> 
     </span>
     <span class='ocr_line' id='line_1_6' title="bbox 248 460 1672 523; baseline 0.005 -23"><span class='ocrx_word' id='word_1_37' title='bbox 248 460 376 501; x_wconf 77' lang='lat' dir='ltr'>etiam</span> <span class='ocrx_word' id='word_1_38' title='bbox 411 476 561 518; x_wconf 83' lang='lat' dir='ltr'>poenas</span> <span class='ocrx_word' id='word_1_39' title='bbox 591 465 830 521; x_wconf 75' lang='lat' dir='ltr'>expetistis,</span> <span class='ocrx_word' id='word_1_40' title='bbox 854 467 1009 520; x_wconf 83' lang='lat' dir='ltr'>quibus</span> <span class='ocrx_word' id='word_1_41' title='bbox 1039 469 1359 523; x_wconf 82' lang='lat' dir='ltr'>conjuratorum</span> <span class='ocrx_word' id='word_1_42' title='bbox 1390 483 1534 510; x_wconf 85' lang='lat' dir='ltr'>manes</span> <span class='ocrx_word' id='word_1_43' title='bbox 1558 481 1672 508; x_wconf 91' lang='lat' dir='ltr'>mor-</span> 
     </span>
     <span class='ocr_line' id='line_1_7' title="bbox 249 521 1671 575; baseline 0.004 -18"><span class='ocrx_word' id='word_1_44' title='bbox 249 526 420 559; x_wconf 88' lang='lat' dir='ltr'>tuorum</span> <span class='ocrx_word' id='word_1_45' title='bbox 453 521 708 575; x_wconf 77' lang='lat' dir='ltr'>expiarclis:</span> <span class='ocrx_word' id='word_1_46' title='bbox 741 537 866 563; x_wconf 84' lang='lat' dir='ltr'>omne</span> <span class='ocrx_word' id='word_1_47' title='bbox 898 524 1059 573; x_wconf 81' lang='lat' dir='ltr'>odium,</span> <span class='ocrx_word' id='word_1_48' title='bbox 1093 525 1299 566; x_wconf 89' lang='lat' dir='ltr'>inclusum</span> <span class='ocrx_word' id='word_1_49' title='bbox 1333 525 1505 566; x_wconf 84' lang='lat' dir='ltr'>nefariis</span> <span class='ocrx_word' id='word_1_50' title='bbox 1538 523 1671 565; x_wconf 83' lang='lat' dir='ltr'>sensi-</span> 
     </span>
     <span class='ocr_line' id='line_1_8' title="bbox 250 574 1673 637; baseline 0.004 -22"><span class='ocrx_word' id='word_1_51' title='bbox 250 574 329 615; x_wconf 89' lang='lat' dir='ltr'>bus</span> <span class='ocrx_word' id='word_1_52' title='bbox 359 576 603 632; x_wconf 84' lang='lat' dir='ltr'>impiorum,</span> <span class='ocrx_word' id='word_1_53' title='bbox 624 580 659 608; x_wconf 82' lang='lat'>3¹</span> <span class='ocrx_word' id='word_1_54' title='bbox 678 579 720 618; x_wconf 90' lang='lat' dir='ltr'>in</span> <span class='ocrx_word' id='word_1_55' title='bbox 752 594 817 619; x_wconf 92' lang='lat' dir='ltr'>me</span> <span class='ocrx_word' id='word_1_56' title='bbox 841 580 1104 634; x_wconf 76' lang='lat' dir='ltr'><strong>profudistis.</strong></span> <span class='ocrx_word' id='word_1_57' title='bbox 1127 596 1309 636; x_wconf 88' lang='lat' dir='ltr'>quorum</span> <span class='ocrx_word' id='word_1_58' title='bbox 1331 596 1412 637; x_wconf 84' lang='lat' dir='ltr'>ego</span> <span class='ocrx_word' id='word_1_59' title='bbox 1435 581 1568 622; x_wconf 88' lang='lat' dir='ltr'>furori</span> <span class='ocrx_word' id='word_1_60' title='bbox 1590 580 1673 621; x_wconf 89' lang='lat' dir='ltr'>nisi</span> 
     </span>
     <span class='ocr_line' id='line_1_9' title="bbox 249 632 1675 689; baseline 0.003 -17"><span class='ocrx_word' id='word_1_61' title='bbox 249 632 482 684; x_wconf 77' lang='lat' dir='ltr'>cessissem,</span> <span class='ocrx_word' id='word_1_62' title='bbox 515 634 556 673; x_wconf 88' lang='lat' dir='ltr'>in</span> <span class='ocrx_word' id='word_1_63' title='bbox 589 633 788 676; x_wconf 66' lang='lat' dir='ltr'>Catilina}</span> <span class='ocrx_word' id='word_1_64' title='bbox 823 636 961 687; x_wconf 90' lang='lat' dir='ltr'>busto,</span> <span class='ocrx_word' id='word_1_65' title='bbox 992 638 1112 678; x_wconf 78' lang='lat' dir='ltr'>vobis</span> <span class='ocrx_word' id='word_1_66' title='bbox 1144 638 1339 689; x_wconf 88' lang='lat' dir='ltr'>ducibus,</span> <span class='ocrx_word' id='word_1_67' title='bbox 1370 647 1577 679; x_wconf 83' lang='lat' dir='ltr'>mactatus</span> <span class='ocrx_word' id='word_1_68' title='bbox 1610 650 1675 677; x_wconf 87' lang='lat' dir='ltr'>es-</span> 
     </span>
     <span class='ocr_line' id='line_1_10' title="bbox 250 690 1675 750; baseline 0.004 -21"><span class='ocrx_word' id='word_1_69' title='bbox 250 702 352 730; x_wconf 84' lang='lat' dir='ltr'>sem.</span> <span class='ocrx_word' id='word_1_70' title='bbox 415 690 543 736; x_wconf 86' lang='lat' dir='ltr'>Quod</span> <span class='ocrx_word' id='word_1_71' title='bbox 574 702 715 731; x_wconf 87' lang='lat' dir='ltr'>autem</span> <span class='ocrx_word' id='word_1_72' title='bbox 746 692 883 747; x_wconf 82' lang='lat' dir='ltr'>majus</span> <span class='ocrx_word' id='word_1_73' title='bbox 915 693 1120 735; x_wconf 86' lang='lat' dir='ltr'>indicium</span> <span class='ocrx_word' id='word_1_74' title='bbox 1142 694 1416 750; x_wconf 77' lang='lat' dir='ltr'>exspectati5‚</span> <span class='ocrx_word' id='word_1_75' title='bbox 1437 694 1543 735; x_wconf 85' lang='lat' dir='ltr'>nihil</span> <span class='ocrx_word' id='word_1_76' title='bbox 1566 695 1675 734; x_wconf 87' lang='lat' dir='ltr'>inter</span> 
     </span>
     <span class='ocr_line' id='line_1_11' title="bbox 250 746 1678 806; baseline 0.003 -20"><span class='ocrx_word' id='word_1_77' title='bbox 250 759 327 786; x_wconf 86' lang='lat' dir='ltr'>vos</span> <span class='ocrx_word' id='word_1_78' title='bbox 350 755 393 786; x_wconf 87' lang='lat' dir='ltr'>et</span> <span class='ocrx_word' id='word_1_79' title='bbox 415 746 644 788; x_wconf 76' lang='lat' dir='ltr'>Catilinam</span> <span class='ocrx_word' id='word_1_80' title='bbox 670 748 925 800; x_wconf 78' lang='lat' dir='ltr'>interfuisse,</span> <span class='ocrx_word' id='word_1_81' title='bbox 947 765 1073 805; x_wconf 87' lang='lat' dir='ltr'>quam</span> <span class='ocrx_word' id='word_1_82' title='bbox 1096 752 1209 806; x_wconf 90' lang='lat' dir='ltr'>quod</span> <span class='ocrx_word' id='word_1_83' title='bbox 1243 751 1420 792; x_wconf 81' lang='lat' dir='ltr'>eandem</span> <span class='ocrx_word' id='word_1_84' title='bbox 1450 750 1565 791; x_wconf 87' lang='lat' dir='ltr'>illam</span> <span class='ocrx_word' id='word_1_85' title='bbox 1586 763 1678 791; x_wconf 86' lang='lat' dir='ltr'>ma-</span> 
     </span>
     <span class='ocr_line' id='line_1_12' title="bbox 250 803 1676 863; baseline 0.004 -21"><span class='ocrx_word' id='word_1_86' title='bbox 250 816 354 843; x_wconf 86' lang='lat' dir='ltr'>num</span> <span class='ocrx_word' id='word_1_87' title='bbox 388 817 440 844; x_wconf 87' lang='lat' dir='ltr'>ex</span> <span class='ocrx_word' id='word_1_88' title='bbox 476 803 766 845; x_wconf 81' lang='lat' dir='ltr'>intermortuis</span> <span class='ocrx_word' id='word_1_89' title='bbox 801 805 998 848; x_wconf 80' lang='lat' dir='ltr'>Catilinae</span> <span class='ocrx_word' id='word_1_90' title='bbox 1033 808 1218 863; x_wconf 87' lang='lat' dir='ltr'>reliquiis</span> <span class='ocrx_word' id='word_1_91' title='bbox 1251 808 1530 849; x_wconf 84' lang='lat' dir='ltr'>concitastis?</span> <span class='ocrx_word' id='word_1_92' title='bbox 1560 806 1676 861; x_wconf 86' lang='lat' dir='ltr'>quod</span> 
     </span>
     <span class='ocr_line' id='line_1_13' title="bbox 252 860 1677 920; baseline 0.003 -21"><span class='ocrx_word' id='word_1_93' title='bbox 252 873 399 900; x_wconf 88' lang='lat' dir='ltr'>omues</span> <span class='ocrx_word' id='word_1_94' title='bbox 422 860 610 916; x_wconf 88' lang='lat' dir='ltr'>undique</span> <span class='ocrx_word' id='word_1_95' title='bbox 633 862 819 917; x_wconf 84' lang='lat' dir='ltr'>perditos</span> <span class='ocrx_word' id='word_1_96' title='bbox 851 862 1114 920; x_wconf 83' lang='lat' dir='ltr'>collegistis?</span> <span class='ocrx_word' id='word_1_97' title='bbox 1145 865 1259 920; x_wconf 90' lang='lat' dir='ltr'>quod</span> <span class='ocrx_word' id='word_1_98' title='bbox 1290 865 1331 905; x_wconf 89' lang='lat' dir='ltr'>iu</span> <span class='ocrx_word' id='word_1_99' title='bbox 1363 878 1431 905; x_wconf 92' lang='lat' dir='ltr'>me</span> <span class='ocrx_word' id='word_1_100' title='bbox 1463 876 1677 905; x_wconf 84' lang='lat' dir='ltr'>carcerem</span> 
     </span>
     <span class='ocr_line' id='line_1_14' title="bbox 254 916 1678 977; baseline 0.003 -21"><span class='ocrx_word' id='word_1_101' title='bbox 254 916 493 958; x_wconf 85' lang='lat' dir='ltr'>effudistis?</span> <span class='ocrx_word' id='word_1_102' title='bbox 523 919 638 973; x_wconf 89' lang='lat' dir='ltr'>quod</span> <span class='ocrx_word' id='word_1_103' title='bbox 668 919 914 974; x_wconf 85' lang='lat' dir='ltr'>conjuratos</span> <span class='ocrx_word' id='word_1_104' title='bbox 936 922 1128 962; x_wconf 82' lang='lat' dir='ltr'>armastis</span> <span class='ocrx_word' id='word_1_105' title='bbox 1147 925 1159 963; x_wconf 88' lang='lat'>?</span> <span class='ocrx_word' id='word_1_106' title='bbox 1189 922 1304 977; x_wconf 92' lang='lat' dir='ltr'>quod</span> <span class='ocrx_word' id='word_1_107' title='bbox 1325 935 1471 962; x_wconf 89' lang='lat' dir='ltr'>eorum</span> <span class='ocrx_word' id='word_1_108' title='bbox 1495 920 1605 961; x_wconf 88' lang='lat' dir='ltr'>ferro</span> <span class='ocrx_word' id='word_1_109' title='bbox 1627 934 1678 961; x_wconf 85' lang='lat' dir='ltr'>ac</span> 
     </span>
     <span class='ocr_line' id='line_1_15' title="bbox 256 972 1679 1031; baseline 0.003 -18"><span class='ocrx_word' id='word_1_110' title='bbox 256 972 388 1014; x_wconf 83' lang='lat' dir='ltr'>furori</span> <span class='ocrx_word' id='word_1_111' title='bbox 425 988 565 1014; x_wconf 86' lang='lat' dir='ltr'>meum</span> <span class='ocrx_word' id='word_1_112' title='bbox 603 990 772 1030; x_wconf 87' lang='lat' dir='ltr'>corpus,</span> <span class='ocrx_word' id='word_1_113' title='bbox 805 985 932 1031; x_wconf 85' lang='lat' dir='ltr'>atque</span> <span class='ocrx_word' id='word_1_114' title='bbox 968 979 1160 1019; x_wconf 90' lang='lat' dir='ltr'>omnium</span> <span class='ocrx_word' id='word_1_115' title='bbox 1194 980 1402 1020; x_wconf 88' lang='lat' dir='ltr'>bonorum</span> <span class='ocrx_word' id='word_1_116' title='bbox 1436 978 1568 1018; x_wconf 87' lang='lat' dir='ltr'>vitam</span> <span class='ocrx_word' id='word_1_117' title='bbox 1600 977 1679 1017; x_wconf 93' lang='lat' dir='ltr'>ob-</span> 
     </span>
     <span class='ocr_line' id='line_1_16' title="bbox 197 1029 1678 1091; baseline 0.004 -22"><span class='ocrx_word' id='word_1_118' title='bbox 197 1029 385 1084; x_wconf 81' lang='lat' dir='ltr'>l7jicere</span> <span class='ocrx_word' id='word_1_119' title='bbox 408 1031 601 1072; x_wconf 88' lang='lat' dir='ltr'>voluistis</span> <span class='ocrx_word' id='word_1_120' title='bbox 621 1035 634 1073; x_wconf 78' lang='grc' dir='ltr'><strong><em>ἓ</em></strong></span> <span class='ocrx_word' id='word_1_121' title='bbox 665 1033 746 1073; x_wconf 88' lang='lat' dir='ltr'>Sed</span> <span class='ocrx_word' id='word_1_122' title='bbox 764 1033 856 1087; x_wconf 82' lang='lat' dir='ltr'>jam</span> <span class='ocrx_word' id='word_1_123' title='bbox 880 1034 1004 1075; x_wconf 89' lang='lat' dir='ltr'>redeo</span> <span class='ocrx_word' id='word_1_124' title='bbox 1026 1035 1077 1075; x_wconf 84' lang='lat' dir='ltr'>ad</span> <span class='ocrx_word' id='word_1_125' title='bbox 1101 1036 1344 1091; x_wconf 69' lang='lat' dir='ltr'>praeclaram</span> <span class='ocrx_word' id='word_1_126' title='bbox 1369 1035 1482 1076; x_wconf 83' lang='lat' dir='ltr'>illam</span> <span class='ocrx_word' id='word_1_127' title='bbox 1504 1034 1678 1075; x_wconf 87' lang='lat' dir='ltr'>concio-</span> 
     </span>
     <span class='ocr_line' id='line_1_17' title="bbox 212 1084 1678 1148; baseline 0.001 -18"><span class='ocrx_word' id='word_1_128' title='bbox 212 1084 244 1130; x_wconf 83' lang='lat'>8</span> <span class='ocrx_word' id='word_1_129' title='bbox 259 1101 352 1127; x_wconf 86' lang='lat' dir='ltr'>nom</span> <span class='ocrx_word' id='word_1_130' title='bbox 378 1097 509 1129; x_wconf 81' lang='lat' dir='ltr'>tuam.</span> <span class='ocrx_word' id='word_1_131' title='bbox 569 1087 633 1129; x_wconf 87' lang='lat' dir='ltr'>Tu</span> <span class='ocrx_word' id='word_1_132' title='bbox 655 1104 698 1130; x_wconf 88' lang='lat' dir='ltr'>es</span> <span class='ocrx_word' id='word_1_133' title='bbox 721 1090 803 1141; x_wconf 85' lang='lat' dir='ltr'>ille,</span> <span class='ocrx_word' id='word_1_134' title='bbox 825 1091 893 1131; x_wconf 86' lang='lat' dir='ltr'>cui</span> <span class='ocrx_word' id='word_1_135' title='bbox 916 1091 1141 1132; x_wconf 81' lang='lat' dir='ltr'>crudelitas</span> <span class='ocrx_word' id='word_1_136' title='bbox 1163 1092 1385 1148; x_wconf 85' lang='lat' dir='ltr'>displicet?</span> <span class='ocrx_word' id='word_1_137' title='bbox 1415 1095 1454 1122; x_wconf 78' lang='lat'>32</span> <span class='ocrx_word' id='word_1_138' title='bbox 1468 1091 1556 1147; x_wconf 90' lang='lat' dir='ltr'>qui,</span> <span class='ocrx_word' id='word_1_139' title='bbox 1575 1098 1678 1132; x_wconf 82' lang='lat' dir='ltr'>&#39;cum</span> 
     </span>
     <span class='ocr_line' id='line_1_18' title="bbox 143 1145 1679 1192; baseline 0.005 -12"><span class='ocrx_word' id='word_1_140' title='bbox 143 1160 176 1192; x_wconf 82' lang='lat' dir='ltr'>p.</span> <span class='ocrx_word' id='word_1_141' title='bbox 194 1153 245 1182; x_wconf 80' lang='grc'>83.</span> <span class='ocrx_word' id='word_1_142' title='bbox 259 1154 426 1185; x_wconf 87' lang='lat' dir='ltr'>senatus</span> <span class='ocrx_word' id='word_1_143' title='bbox 450 1145 610 1186; x_wconf 89' lang='lat' dir='ltr'>luctum</span> <span class='ocrx_word' id='word_1_144' title='bbox 635 1161 684 1187; x_wconf 86' lang='lat' dir='ltr'>ac</span> <span class='ocrx_word' id='word_1_145' title='bbox 705 1147 894 1188; x_wconf 82' lang='lat' dir='ltr'>dolorem</span> <span class='ocrx_word' id='word_1_146' title='bbox 918 1163 1039 1189; x_wconf 89' lang='lat' dir='ltr'>suum</span> <span class='ocrx_word' id='word_1_147' title='bbox 1059 1150 1186 1190; x_wconf 86' lang='lat' dir='ltr'>vestis</span> <span class='ocrx_word' id='word_1_148' title='bbox 1206 1150 1441 1190; x_wconf 76' lang='lat' dir='ltr'>mutatione</span> <span class='ocrx_word' id='word_1_149' title='bbox 1461 1148 1679 1190; x_wconf 84' lang='lat' dir='ltr'>declaran-</span> 
     </span>
     <span class='ocr_line' id='line_1_19' title="bbox 216 1202 1728 1262; baseline 0.003 -22"><span class='ocrx_word' id='word_1_150' title='bbox 216 1202 358 1241; x_wconf 74' lang='lat' dir='ltr'>³·dum</span> <span class='ocrx_word' id='word_1_151' title='bbox 389 1202 635 1253; x_wconf 85' lang='lat' dir='ltr'>censuisset,</span> <span class='ocrx_word' id='word_1_152' title='bbox 658 1219 756 1245; x_wconf 80' lang='lat' dir='ltr'>culn</span> <span class='ocrx_word' id='word_1_153' title='bbox 780 1205 941 1246; x_wconf 86' lang='lat' dir='ltr'>videres</span> <span class='ocrx_word' id='word_1_154' title='bbox 971 1221 1153 1246; x_wconf 79' lang='lat' dir='ltr'>moerere</span> <span class='ocrx_word' id='word_1_155' title='bbox 1175 1206 1479 1262; x_wconf 85' lang='lat' dir='ltr'>rempublicam</span> <span class='ocrx_word' id='word_1_156' title='bbox 1505 1205 1678 1261; x_wconf 83' lang='lat' dir='ltr'>amplis·</span> <span class='ocrx_word' id='word_1_157' title='bbox 1726 1207 1728 1209; x_wconf 65' lang='grc'><strong><em>’</em></strong></span> 
     </span>
     <span class='ocr_line' id='line_1_20' title="bbox 256 1258 1681 1318; baseline 0.004 -21"><span class='ocrx_word' id='word_1_158' title='bbox 256 1258 351 1298; x_wconf 87' lang='lat' dir='ltr'>simi</span> <span class='ocrx_word' id='word_1_159' title='bbox 385 1258 545 1300; x_wconf 82' lang='lat' dir='ltr'>ordinis</span> <span class='ocrx_word' id='word_1_160' title='bbox 579 1260 710 1312; x_wconf 88' lang='lat' dir='ltr'>luctu,</span> <span class='ocrx_word' id='word_1_161' title='bbox 742 1277 768 1302; x_wconf 94' lang='lat' dir='ltr'>o</span> <span class='ocrx_word' id='word_1_162' title='bbox 803 1271 944 1303; x_wconf 83' lang='lat' dir='ltr'>noster</span> <span class='ocrx_word' id='word_1_163' title='bbox 974 1263 1235 1305; x_wconf 81' lang='lat' dir='ltr'>misericors!</span> <span class='ocrx_word' id='word_1_164' title='bbox 1268 1263 1370 1318; x_wconf 88' lang='lat' dir='ltr'>quid</span> <span class='ocrx_word' id='word_1_165' title='bbox 1402 1262 1534 1304; x_wconf 83' lang='lat' dir='ltr'>facis?</span> <span class='ocrx_word' id='word_1_166' title='bbox 1565 1262 1681 1317; x_wconf 89' lang='lat' dir='ltr'>quod</span> 
     </span>
     <span class='ocr_line' id='line_1_21' title="bbox 254 1314 1680 1375; baseline 0.003 -20"><span class='ocrx_word' id='word_1_167' title='bbox 254 1314 370 1356; x_wconf 86' lang='lat' dir='ltr'>nulla</span> <span class='ocrx_word' id='word_1_168' title='bbox 405 1317 448 1356; x_wconf 86' lang='lat' dir='ltr'>in</span> <span class='ocrx_word' id='word_1_169' title='bbox 488 1317 683 1358; x_wconf 82' lang='lat' dir='ltr'>barbaria</span> <span class='ocrx_word' id='word_1_170' title='bbox 714 1319 938 1374; x_wconf 85' lang='lat' dir='ltr'>quisquam</span> <span class='ocrx_word' id='word_1_171' title='bbox 972 1329 1188 1375; x_wconf 78' lang='lat' dir='ltr'>tyrannus.</span> <span class='ocrx_word' id='word_1_172' title='bbox 1221 1321 1375 1361; x_wconf 86' lang='lat' dir='ltr'>omitto</span> <span class='ocrx_word' id='word_1_173' title='bbox 1411 1319 1525 1360; x_wconf 83' lang='lat' dir='ltr'>enim</span> <span class='ocrx_word' id='word_1_174' title='bbox 1561 1318 1680 1369; x_wconf 85' lang='lat' dir='ltr'>illud,</span> 
     </span>
     <span class='ocr_line' id='line_1_22' title="bbox 254 1372 1682 1432; baseline 0.004 -21"><span class='ocrx_word' id='word_1_175' title='bbox 254 1372 472 1413; x_wconf 88' lang='lat' dir='ltr'>consulem</span> <span class='ocrx_word' id='word_1_176' title='bbox 501 1374 681 1426; x_wconf 86' lang='lat' dir='ltr'>edicere,</span> <span class='ocrx_word' id='word_1_177' title='bbox 701 1386 747 1416; x_wconf 87' lang='lat' dir='ltr'>ut</span> <span class='ocrx_word' id='word_1_178' title='bbox 779 1386 947 1418; x_wconf 76' lang='lat' dir='ltr'>senatus</span> <span class='ocrx_word' id='word_1_179' title='bbox 979 1378 1346 1419; x_wconf 80' lang='lat' dir='ltr'>senatusconsulto</span> <span class='ocrx_word' id='word_1_180' title='bbox 1375 1390 1428 1417; x_wconf 88' lang='lat' dir='ltr'>ne</span> <span class='ocrx_word' id='word_1_181' title='bbox 1458 1376 1682 1432; x_wconf 86' lang='lat' dir='ltr'>obtempe-</span> 
     </span>
     <span class='ocr_line' id='line_1_23' title="bbox 255 1430 1681 1490; baseline 0.002 -20"><span class='ocrx_word' id='word_1_182' title='bbox 255 1439 344 1479; x_wconf 79' lang='lat' dir='ltr'>rct3</span> <span class='ocrx_word' id='word_1_183' title='bbox 371 1444 456 1484; x_wconf 89' lang='lat' dir='ltr'>quo</span> <span class='ocrx_word' id='word_1_184' title='bbox 480 1430 639 1472; x_wconf 83' lang='lat' dir='ltr'>foedius</span> <span class='ocrx_word' id='word_1_185' title='bbox 663 1447 739 1473; x_wconf 87' lang='lat' dir='ltr'>nec</span> <span class='ocrx_word' id='word_1_186' title='bbox 762 1433 867 1484; x_wconf 82' lang='lat' dir='ltr'>ficri,</span> <span class='ocrx_word' id='word_1_187' title='bbox 890 1449 967 1474; x_wconf 81' lang='lat' dir='ltr'>nec</span> <span class='ocrx_word' id='word_1_188' title='bbox 989 1435 1169 1489; x_wconf 76' lang='lat' dir='ltr'>cogitari</span> <span class='ocrx_word' id='word_1_189' title='bbox 1192 1434 1424 1490; x_wconf 79' lang='lat' dir='ltr'>quidquam</span> <span class='ocrx_word' id='word_1_190' title='bbox 1447 1442 1603 1489; x_wconf 87' lang='lat' dir='ltr'>potest.</span> <span class='ocrx_word' id='word_1_191' title='bbox 1626 1432 1681 1473; x_wconf 83' lang='lat' dir='ltr'>ad</span> 
     </span>
     <span class='ocr_line' id='line_1_24' title="bbox 258 1486 1682 1545; baseline 0.004 -19"><span class='ocrx_word' id='word_1_192' title='bbox 258 1486 591 1529; x_wconf 85' lang='lat' dir='ltr'>misericordiam</span> <span class='ocrx_word' id='word_1_193' title='bbox 615 1489 740 1530; x_wconf 88' lang='lat' dir='ltr'>redeo</span> <span class='ocrx_word' id='word_1_194' title='bbox 762 1490 868 1545; x_wconf 79' lang='lat' dir='ltr'>ejus,</span> <span class='ocrx_word' id='word_1_195' title='bbox 891 1492 959 1531; x_wconf 79' lang='lat' dir='ltr'>cui</span> <span class='ocrx_word' id='word_1_196' title='bbox 985 1492 1109 1532; x_wconf 86' lang='lat' dir='ltr'>nimis</span> <span class='ocrx_word' id='word_1_197' title='bbox 1134 1492 1299 1532; x_wconf 83' lang='lat' dir='ltr'>videtur</span> <span class='ocrx_word' id='word_1_198' title='bbox 1319 1500 1488 1531; x_wconf 78' lang='lat' dir='ltr'>senatus</span> <span class='ocrx_word' id='word_1_199' title='bbox 1511 1491 1553 1531; x_wconf 90' lang='lat' dir='ltr'>in</span> <span class='ocrx_word' id='word_1_200' title='bbox 1576 1504 1682 1531; x_wconf 90' lang='lat' dir='ltr'>con-</span> 
     </span>
     <span class='ocr_line' id='line_1_25' title="bbox 198 1544 1681 1601; baseline 0.003 -19"><span class='ocrx_word' id='word_1_201' title='bbox 198 1544 245 1579; x_wconf 83' lang='lat' dir='ltr'>IS</span> <span class='ocrx_word' id='word_1_202' title='bbox 259 1544 463 1584; x_wconf 82' lang='lat' dir='ltr'>servanda</span> <span class='ocrx_word' id='word_1_203' title='bbox 485 1545 621 1601; x_wconf 80' lang='lat' dir='ltr'>patria</span> <span class='ocrx_word' id='word_1_204' title='bbox 645 1545 774 1588; x_wconf 80' lang='lat' dir='ltr'>fuisse</span> <span class='ocrx_word' id='word_1_205' title='bbox 794 1549 989 1588; x_wconf 74' lang='lat' dir='ltr'>crudelis.</span> <span class='ocrx_word' id='word_1_206' title='bbox 1050 1548 1228 1589; x_wconf 77' lang='lat' dir='ltr'>Edicere</span> <span class='ocrx_word' id='word_1_207' title='bbox 1257 1559 1320 1589; x_wconf 84' lang='lat' dir='ltr'>est</span> <span class='ocrx_word' id='word_1_208' title='bbox 1342 1562 1467 1588; x_wconf 81' lang='lat' dir='ltr'>ausus</span> <span class='ocrx_word' id='word_1_209' title='bbox 1488 1562 1584 1588; x_wconf 88' lang='lat' dir='ltr'>cum</span> <span class='ocrx_word' id='word_1_210' title='bbox 1609 1546 1681 1587; x_wconf 88' lang='lat' dir='ltr'>illo</span> 
     </span>
     <span class='ocr_line' id='line_1_26' title="bbox 256 1602 1682 1661; baseline 0.002 -21"><span class='ocrx_word' id='word_1_211' title='bbox 256 1614 334 1640; x_wconf 88' lang='lat' dir='ltr'>suo</span> <span class='ocrx_word' id='word_1_212' title='bbox 358 1602 463 1656; x_wconf 83' lang='lat' dir='ltr'>pari,</span> <span class='ocrx_word' id='word_1_213' title='bbox 486 1617 611 1657; x_wconf 89' lang='lat' dir='ltr'>quem</span> <span class='ocrx_word' id='word_1_214' title='bbox 636 1612 777 1644; x_wconf 73' lang='lat' dir='ltr'>tamen</span> <span class='ocrx_word' id='word_1_215' title='bbox 800 1605 1000 1645; x_wconf 85' lang='lat' dir='ltr'>omnibus</span> <span class='ocrx_word' id='word_1_216' title='bbox 1023 1606 1137 1646; x_wconf 79' lang='lat' dir='ltr'>vitiis</span> <span class='ocrx_word' id='word_1_217' title='bbox 1169 1619 1364 1661; x_wconf 77' lang='lat' dir='ltr'>superare</span> <span class='ocrx_word' id='word_1_218' title='bbox 1396 1605 1611 1660; x_wconf 84' lang='lat' dir='ltr'>cupiebat,</span> <span class='ocrx_word' id='word_1_219' title='bbox 1634 1611 1682 1643; x_wconf 83' lang='lat' dir='ltr'>ut</span> 
     </span>
     <span class='ocr_line' id='line_1_27' title="bbox 256 1661 1678 1716; baseline 0.002 -19"><span class='ocrx_word' id='word_1_220' title='bbox 256 1667 442 1709; x_wconf 79' lang='lat' dir='ltr'>senatus,</span> <span class='ocrx_word' id='word_1_221' title='bbox 464 1669 627 1710; x_wconf 85' lang='lat' dir='ltr'>contra,</span> <span class='ocrx_word' id='word_1_222' title='bbox 649 1674 773 1714; x_wconf 81' lang='lat' dir='ltr'>quam</span> <span class='ocrx_word' id='word_1_223' title='bbox 810 1661 898 1716; x_wconf 84' lang='lat' dir='ltr'>ipse</span> <span class='ocrx_word' id='word_1_224' title='bbox 930 1663 1176 1712; x_wconf 83' lang='lat' dir='ltr'>censuisset,</span> <span class='ocrx_word' id='word_1_225' title='bbox 1199 1664 1250 1703; x_wconf 77' lang='lat' dir='ltr'>ad</span> <span class='ocrx_word' id='word_1_226' title='bbox 1277 1661 1477 1703; x_wconf 84' lang='lat' dir='ltr'>vestitum</span> <span class='ocrx_word' id='word_1_227' title='bbox 1510 1661 1678 1701; x_wconf 87' lang='lat' dir='ltr'>rediret.</span> 
     </span>
     <span class='ocr_line' id='line_1_28' title="bbox 256 1714 1680 1774; baseline 0.001 -19"><span class='ocrx_word' id='word_1_228' title='bbox 256 1714 366 1760; x_wconf 84' lang='lat' dir='ltr'>Quis</span> <span class='ocrx_word' id='word_1_229' title='bbox 398 1714 480 1757; x_wconf 88' lang='lat' dir='ltr'>hoc</span> <span class='ocrx_word' id='word_1_230' title='bbox 511 1716 614 1757; x_wconf 86' lang='lat' dir='ltr'>fecit</span> <span class='ocrx_word' id='word_1_231' title='bbox 643 1717 725 1757; x_wconf 75' lang='lat' dir='ltr'>ulla</span> <span class='ocrx_word' id='word_1_232' title='bbox 748 1719 787 1758; x_wconf 83' lang='lat' dir='ltr'>in</span> <span class='ocrx_word' id='word_1_233' title='bbox 814 1718 993 1773; x_wconf 69' lang='lat' dir='ltr'>Scythia</span> <span class='ocrx_word' id='word_1_234' title='bbox 1017 1729 1235 1774; x_wconf 84' lang='lat' dir='ltr'>tyrannus,</span> <span class='ocrx_word' id='word_1_235' title='bbox 1260 1728 1304 1760; x_wconf 93' lang='lat' dir='ltr'>ut</span> <span class='ocrx_word' id='word_1_236' title='bbox 1327 1734 1413 1769; x_wconf 69' lang='grc' dir='ltr'>θος,</span> <span class='ocrx_word' id='word_1_237' title='bbox 1435 1733 1541 1773; x_wconf 90' lang='lat' dir='ltr'>quos</span> <span class='ocrx_word' id='word_1_238' title='bbox 1563 1717 1680 1758; x_wconf 85' lang='lat' dir='ltr'>luctu</span> 
     </span>
     <span class='ocr_line' id='line_1_29' title="bbox 254 1771 1683 1830; baseline 0.002 -19"><span class='ocrx_word' id='word_1_239' title='bbox 254 1771 457 1823; x_wconf 79' lang='lat' dir='ltr'>afficeret,</span> <span class='ocrx_word' id='word_1_240' title='bbox 480 1773 624 1829; x_wconf 80' lang='lat' dir='ltr'>lugere</span> <span class='ocrx_word' id='word_1_241' title='bbox 646 1789 729 1815; x_wconf 88' lang='lat' dir='ltr'>non</span> <span class='ocrx_word' id='word_1_242' title='bbox 755 1776 910 1816; x_wconf 78' lang='lat' dir='ltr'>sineret</span> <span class='ocrx_word' id='word_1_243' title='bbox 930 1778 943 1817; x_wconf 83' lang='lat'>?</span> <span class='ocrx_word' id='word_1_244' title='bbox 974 1791 1202 1817; x_wconf 76' lang='lat' dir='ltr'>moerorcm</span> <span class='ocrx_word' id='word_1_245' title='bbox 1223 1776 1424 1830; x_wconf 80' lang='lat' dir='ltr'>relinquis</span> <span class='ocrx_word' id='word_1_246' title='bbox 1445 1792 1453 1816; x_wconf 91' lang='lat'>:</span> <span class='ocrx_word' id='word_1_247' title='bbox 1484 1774 1683 1816; x_wconf 83' lang='lat' dir='ltr'>moeroris</span> 
     </span>
     <span class='ocr_line' id='line_1_30' title="bbox 254 1828 1681 1888; baseline 0.002 -20"><span class='ocrx_word' id='word_1_248' title='bbox 254 1828 393 1869; x_wconf 82' lang='lat' dir='ltr'>aufers</span> <span class='ocrx_word' id='word_1_249' title='bbox 414 1829 612 1885; x_wconf 75' lang='lat' dir='ltr'>insignia.</span> <span class='ocrx_word' id='word_1_250' title='bbox 634 1831 762 1887; x_wconf 81' lang='lat' dir='ltr'>eripis</span> <span class='ocrx_word' id='word_1_251' title='bbox 781 1831 1002 1888; x_wconf 70' lang='lat' dir='ltr'>lacrymas,</span> <span class='ocrx_word' id='word_1_252' title='bbox 1022 1848 1107 1874; x_wconf 89' lang='lat' dir='ltr'>non</span> <span class='ocrx_word' id='word_1_253' title='bbox 1127 1833 1402 1883; x_wconf 73' lang='lat' dir='ltr'>consolando,</span> <span class='ocrx_word' id='word_1_254' title='bbox 1421 1832 1494 1872; x_wconf 88' lang='lat' dir='ltr'>sed</span> <span class='ocrx_word' id='word_1_255' title='bbox 1517 1831 1681 1871; x_wconf 85' lang='lat' dir='ltr'>minan-</span> 
     </span>
     <span class='ocr_line' id='line_1_31' title="bbox 253 1886 1682 1946; baseline 0.001 -20"><span class='ocrx_word' id='word_1_256' title='bbox 253 1886 324 1926; x_wconf 90' lang='lat' dir='ltr'>do.</span> <span class='ocrx_word' id='word_1_257' title='bbox 380 1886 545 1932; x_wconf 84' lang='lat' dir='ltr'>Quodsi</span> <span class='ocrx_word' id='word_1_258' title='bbox 568 1897 729 1928; x_wconf 78' lang='lat' dir='ltr'>vestem</span> <span class='ocrx_word' id='word_1_259' title='bbox 751 1903 834 1929; x_wconf 88' lang='lat' dir='ltr'>non</span> <span class='ocrx_word' id='word_1_260' title='bbox 860 1891 1032 1945; x_wconf 85' lang='lat' dir='ltr'>publico</span> <span class='ocrx_word' id='word_1_261' title='bbox 1055 1890 1248 1940; x_wconf 88' lang='lat' dir='ltr'>consilio,</span> <span class='ocrx_word' id='word_1_262' title='bbox 1272 1901 1411 1946; x_wconf 79' lang='lat' dir='ltr'>patres</span> <span class='ocrx_word' id='word_1_263' title='bbox 1433 1887 1682 1943; x_wconf 80' lang='lat' dir='ltr'>conscripti,</span> 
     </span>
     <span class='ocr_line' id='line_1_32' title="bbox 255 1943 1680 1998; baseline 0.002 -16"><span class='ocrx_word' id='word_1_264' title='bbox 255 1943 325 1983; x_wconf 85' lang='lat' dir='ltr'>sed</span> <span class='ocrx_word' id='word_1_265' title='bbox 360 1943 528 1998; x_wconf 85' lang='lat' dir='ltr'>privato</span> <span class='ocrx_word' id='word_1_266' title='bbox 552 1944 711 1995; x_wconf 85' lang='lat' dir='ltr'>officio,</span> <span class='ocrx_word' id='word_1_267' title='bbox 733 1958 807 1986; x_wconf 83' lang='lat' dir='ltr'>aut</span> <span class='ocrx_word' id='word_1_268' title='bbox 829 1947 1119 1987; x_wconf 80' lang='lat' dir='ltr'>misericordia</span> <span class='ocrx_word' id='word_1_269' title='bbox 1141 1948 1434 1996; x_wconf 77' lang='lat' dir='ltr'>mutavissent,</span> <span class='ocrx_word' id='word_1_270' title='bbox 1460 1956 1616 1996; x_wconf 85' lang='lat' dir='ltr'>tamen,</span> <span class='ocrx_word' id='word_1_271' title='bbox 1640 1945 1680 1985; x_wconf 93' lang='lat' dir='ltr'>id</span> 
     </span>
     <span class='ocr_line' id='line_1_33' title="bbox 256 1999 1684 2060; baseline 0.002 -21"><span class='ocrx_word' id='word_1_272' title='bbox 256 1999 306 2039; x_wconf 90' lang='lat' dir='ltr'>iis</span> <span class='ocrx_word' id='word_1_273' title='bbox 329 2013 415 2041; x_wconf 91' lang='lat' dir='ltr'>non</span> <span class='ocrx_word' id='word_1_274' title='bbox 438 2000 564 2042; x_wconf 87' lang='lat' dir='ltr'>licere</span> <span class='ocrx_word' id='word_1_275' title='bbox 583 2016 657 2057; x_wconf 87' lang='lat' dir='ltr'>per</span> <span class='ocrx_word' id='word_1_276' title='bbox 679 2002 905 2044; x_wconf 79' lang='lat' dir='ltr'>interdicta</span> <span class='ocrx_word' id='word_1_277' title='bbox 934 2004 1196 2044; x_wconf 77' lang='lat' dir='ltr'>crudelitatis</span> <span class='ocrx_word' id='word_1_278' title='bbox 1223 2013 1322 2053; x_wconf 85' lang='lat' dir='ltr'>tuae,</span> <span class='ocrx_word' id='word_1_279' title='bbox 1347 2003 1570 2060; x_wconf 85' lang='lat' dir='ltr'>potcstatis</span> <span class='ocrx_word' id='word_1_280' title='bbox 1593 2011 1684 2042; x_wconf 84' lang='lat' dir='ltr'>erat</span> 
     </span>
     <span class='ocr_line' id='line_1_34' title="bbox 256 2056 1684 2115; baseline 0.002 -19"><span class='ocrx_word' id='word_1_281' title='bbox 256 2071 343 2097; x_wconf 89' lang='lat' dir='ltr'>non</span> <span class='ocrx_word' id='word_1_282' title='bbox 365 2056 550 2098; x_wconf 86' lang='lat' dir='ltr'>ferendae</span> <span class='ocrx_word' id='word_1_283' title='bbox 570 2074 579 2098; x_wconf 93' lang='lat'>:</span> <span class='ocrx_word' id='word_1_284' title='bbox 611 2073 708 2099; x_wconf 87' lang='lat' dir='ltr'>cum</span> <span class='ocrx_word' id='word_1_285' title='bbox 735 2074 831 2100; x_wconf 80' lang='lat' dir='ltr'>vero</span> <span class='ocrx_word' id='word_1_286' title='bbox 863 2061 903 2101; x_wconf 88' lang='lat' dir='ltr'>id</span> <span class='ocrx_word' id='word_1_287' title='bbox 935 2073 1104 2101; x_wconf 81' lang='lat' dir='ltr'>senatus</span> <span class='ocrx_word' id='word_1_288' title='bbox 1127 2060 1323 2115; x_wconf 81' lang='lat' dir='ltr'>frequens</span> <span class='ocrx_word' id='word_1_289' title='bbox 1345 2060 1593 2110; x_wconf 83' lang='lat' dir='ltr'>censuisset,</span> <span class='ocrx_word' id='word_1_290' title='bbox 1615 2073 1684 2100; x_wconf 88' lang='lat' dir='ltr'>or-</span> 
     </span>
     <span class='ocr_line' id='line_1_35' title="bbox 258 2113 1685 2171; baseline 0.002 -19"><span class='ocrx_word' id='word_1_291' title='bbox 258 2113 377 2154; x_wconf 90' lang='lat' dir='ltr'>dines</span> <span class='ocrx_word' id='word_1_292' title='bbox 408 2114 558 2169; x_wconf 85' lang='lat' dir='ltr'>reliqui</span> <span class='ocrx_word' id='word_1_293' title='bbox 583 2114 676 2169; x_wconf 83' lang='lat' dir='ltr'>jam</span> <span class='ocrx_word' id='word_1_294' title='bbox 705 2125 803 2157; x_wconf 78' lang='lat' dir='ltr'>ante</span> <span class='ocrx_word' id='word_1_295' title='bbox 834 2116 1057 2159; x_wconf 76' lang='lat' dir='ltr'>fecissent:</span> <span class='ocrx_word' id='word_1_296' title='bbox 1091 2127 1135 2158; x_wconf 90' lang='lat' dir='ltr'>tu</span> <span class='ocrx_word' id='word_1_297' title='bbox 1159 2132 1211 2158; x_wconf 83' lang='lat' dir='ltr'>ex</span> <span class='ocrx_word' id='word_1_298' title='bbox 1237 2118 1503 2158; x_wconf 87' lang='lat' dir='ltr'>tenebricosa</span> <span class='ocrx_word' id='word_1_299' title='bbox 1525 2115 1685 2171; x_wconf 87' lang='lat' dir='ltr'>popina</span> 
     </span>
     <span class='ocr_line' id='line_1_36' title="bbox 258 2170 1683 2227; baseline 0.001 -17"><span class='ocrx_word' id='word_1_300' title='bbox 258 2170 408 2211; x_wconf 90' lang='lat' dir='ltr'>consul</span> <span class='ocrx_word' id='word_1_301' title='bbox 443 2180 675 2222; x_wconf 85' lang='lat' dir='ltr'>extractus,</span> <span class='ocrx_word' id='word_1_302' title='bbox 709 2188 805 2213; x_wconf 86' lang='lat' dir='ltr'>cum</span> <span class='ocrx_word' id='word_1_303' title='bbox 845 2173 916 2214; x_wconf 80' lang='lat' dir='ltr'>illa</span> <span class='ocrx_word' id='word_1_304' title='bbox 953 2175 1166 2215; x_wconf 82' lang='lat' dir='ltr'>saltatrice</span> <span class='ocrx_word' id='word_1_305' title='bbox 1204 2183 1340 2225; x_wconf 86' lang='lat' dir='ltr'>tonsa,</span> <span class='ocrx_word' id='word_1_306' title='bbox 1375 2182 1567 2214; x_wconf 85' lang='lat' dir='ltr'>senatum</span> <span class='ocrx_word' id='word_1_307' title='bbox 1608 2187 1683 2227; x_wconf 88' lang='lat' dir='ltr'>po-</span> 
     </span>
     <span class='ocr_line' id='line_1_37' title="bbox 261 2226 1684 2287; baseline 0.001 -20"><span class='ocrx_word' id='word_1_308' title='bbox 261 2226 348 2282; x_wconf 89' lang='lat' dir='ltr'>puli</span> <span class='ocrx_word' id='word_1_309' title='bbox 386 2227 571 2269; x_wconf 80' lang='lat' dir='ltr'>Romani</span> <span class='ocrx_word' id='word_1_310' title='bbox 607 2244 806 2271; x_wconf 76' lang='lat' dir='ltr'>occasum</span> <span class='ocrx_word' id='word_1_311' title='bbox 840 2240 967 2285; x_wconf 82' lang='lat' dir='ltr'>atque</span> <span class='ocrx_word' id='word_1_312' title='bbox 1004 2232 1223 2272; x_wconf 85' lang='lat' dir='ltr'>interitum</span> <span class='ocrx_word' id='word_1_313' title='bbox 1257 2230 1501 2287; x_wconf 80' lang='lat' dir='ltr'>reipublicae</span> <span class='ocrx_word' id='word_1_314' title='bbox 1539 2229 1684 2284; x_wconf 84' lang='lat' dir='ltr'>lugere</span> 
     </span>
     <span class='ocr_line' id='line_1_38' title="bbox 213 2276 1683 2343; baseline 0.002 -20"><span class='ocrx_word' id='word_1_315' title='bbox 213 2276 448 2331; x_wconf 79' lang='lat' dir='ltr'>9vetuisti.</span> <span class='ocrx_word' id='word_1_316' title='bbox 508 2284 567 2325; x_wconf 84' lang='lat' dir='ltr'>At</span> <span class='ocrx_word' id='word_1_317' title='bbox 587 2287 807 2340; x_wconf 69' lang='lat' dir='ltr'>quaerebat</span> <span class='ocrx_word' id='word_1_318' title='bbox 828 2288 958 2328; x_wconf 84' lang='lat' dir='ltr'>etiam</span> <span class='ocrx_word' id='word_1_319' title='bbox 990 2288 1130 2343; x_wconf 81' lang='lat' dir='ltr'>paullo</span> <span class='ocrx_word' id='word_1_320' title='bbox 1159 2298 1256 2328; x_wconf 84' lang='lat' dir='ltr'>ante</span> <span class='ocrx_word' id='word_1_321' title='bbox 1285 2289 1338 2329; x_wconf 89' lang='lat' dir='ltr'>de</span> <span class='ocrx_word' id='word_1_322' title='bbox 1368 2301 1450 2337; x_wconf 88' lang='lat' dir='ltr'>me,</span> <span class='ocrx_word' id='word_1_323' title='bbox 1471 2286 1574 2341; x_wconf 91' lang='lat' dir='ltr'>quid</span> <span class='ocrx_word' id='word_1_324' title='bbox 1607 2301 1683 2327; x_wconf 88' lang='lat' dir='ltr'>suo</span> 
     </span>
     <span class='ocr_line' id='line_1_39' title="bbox 259 2340 1685 2396; baseline 0.002 -16"><span class='ocrx_word' id='word_1_325' title='bbox 259 2340 365 2381; x_wconf 90' lang='lat' dir='ltr'>mihi</span> <span class='ocrx_word' id='word_1_326' title='bbox 397 2356 503 2396; x_wconf 84' lang='lat' dir='ltr'>opus</span> <span class='ocrx_word' id='word_1_327' title='bbox 535 2342 686 2382; x_wconf 80' lang='lat' dir='ltr'>fuisset</span> <span class='ocrx_word' id='word_1_328' title='bbox 712 2344 899 2386; x_wconf 79' lang='lat' dir='ltr'>auxilio:</span> <span class='ocrx_word' id='word_1_329' title='bbox 931 2360 1007 2386; x_wconf 89' lang='lat' dir='ltr'>cur</span> <span class='ocrx_word' id='word_1_330' title='bbox 1028 2360 1113 2385; x_wconf 88' lang='lat' dir='ltr'>non</span> <span class='ocrx_word' id='word_1_331' title='bbox 1135 2345 1241 2385; x_wconf 85' lang='lat' dir='ltr'>meis</span> <span class='ocrx_word' id='word_1_332' title='bbox 1264 2344 1464 2393; x_wconf 71' lang='lat' dir='ltr'>inimicis,</span> <span class='ocrx_word' id='word_1_333' title='bbox 1487 2343 1590 2383; x_wconf 89' lang='lat' dir='ltr'>meis</span> <span class='ocrx_word' id='word_1_334' title='bbox 1612 2357 1685 2383; x_wconf 91' lang='lat' dir='ltr'>co-</span> 
     </span>
     <span class='ocr_line' id='line_1_40' title="bbox 257 2397 1721 2457; baseline 0.002 -20"><span class='ocrx_word' id='word_1_335' title='bbox 257 2397 340 2452; x_wconf 89' lang='lat' dir='ltr'>piis</span> <span class='ocrx_word' id='word_1_336' title='bbox 362 2398 624 2439; x_wconf 87' lang='lat' dir='ltr'>restitissem.</span> <span class='ocrx_word' id='word_1_337' title='bbox 658 2400 791 2445; x_wconf 81' lang='lat' dir='ltr'>Quasi</span> <span class='ocrx_word' id='word_1_338' title='bbox 815 2415 912 2441; x_wconf 87' lang='lat' dir='ltr'>vero</span> <span class='ocrx_word' id='word_1_339' title='bbox 935 2417 1019 2442; x_wconf 89' lang='lat' dir='ltr'>non</span> <span class='ocrx_word' id='word_1_340' title='bbox 1042 2402 1170 2443; x_wconf 86' lang='lat' dir='ltr'>modo</span> <span class='ocrx_word' id='word_1_341' title='bbox 1193 2415 1289 2457; x_wconf 84' lang='lat' dir='ltr'>eg0‚</span> <span class='ocrx_word' id='word_1_342' title='bbox 1306 2402 1379 2455; x_wconf 90' lang='lat' dir='ltr'>qui</span> <span class='ocrx_word' id='word_1_343' title='bbox 1402 2400 1545 2441; x_wconf 83' lang='lat' dir='ltr'>multis</span> <span class='ocrx_word' id='word_1_344' title='bbox 1567 2414 1682 2455; x_wconf 81' lang='lat' dir='ltr'>saepe</span> <span class='ocrx_word' id='word_1_345' title='bbox 1719 2417 1721 2419; x_wconf 93' lang='lat'>·</span> 
     </span>
     <span class='ocr_line' id='line_1_41' title="bbox 255 2453 1684 2513; baseline 0.001 -19"><span class='ocrx_word' id='word_1_346' title='bbox 255 2453 417 2495; x_wconf 81' lang='lat' dir='ltr'>auxilio</span> <span class='ocrx_word' id='word_1_347' title='bbox 449 2453 638 2505; x_wconf 85' lang='lat' dir='ltr'>fuissem,</span> <span class='ocrx_word' id='word_1_348' title='bbox 670 2456 741 2496; x_wconf 84' lang='lat' dir='ltr'>sed</span> <span class='ocrx_word' id='word_1_349' title='bbox 773 2459 997 2512; x_wconf 83' lang='lat' dir='ltr'>quisquam</span> <span class='ocrx_word' id='word_1_350' title='bbox 1034 2470 1121 2499; x_wconf 81' lang='lat' dir='ltr'>tam</span> <span class='ocrx_word' id='word_1_351' title='bbox 1153 2459 1276 2513; x_wconf 91' lang='lat' dir='ltr'>inops</span> <span class='ocrx_word' id='word_1_352' title='bbox 1308 2458 1436 2498; x_wconf 82' lang='lat' dir='ltr'>fuerit</span> <span class='ocrx_word' id='word_1_353' title='bbox 1466 2471 1684 2511; x_wconf 78' lang='lat' dir='ltr'>umquam,</span> 
     </span>
     <span class='ocr_line' id='line_1_42' title="bbox 255 2511 1683 2570; baseline 0.002 -19"><span class='ocrx_word' id='word_1_354' title='bbox 255 2511 343 2566; x_wconf 91' lang='lat' dir='ltr'>qui,</span> <span class='ocrx_word' id='word_1_355' title='bbox 370 2511 452 2553; x_wconf 86' lang='lat' dir='ltr'>isto</span> <span class='ocrx_word' id='word_1_356' title='bbox 484 2526 568 2553; x_wconf 91' lang='lat' dir='ltr'>non</span> <span class='ocrx_word' id='word_1_357' title='bbox 599 2513 728 2553; x_wconf 88' lang='lat' dir='ltr'>modo</span> <span class='ocrx_word' id='word_1_358' title='bbox 760 2526 1094 2570; x_wconf 79' lang='lat' dir='ltr'>propugnatore,</span> <span class='ocrx_word' id='word_1_359' title='bbox 1126 2515 1329 2556; x_wconf 82' lang='lat' dir='ltr'>tutiorem</span> <span class='ocrx_word' id='word_1_360' title='bbox 1361 2528 1418 2565; x_wconf 85' lang='lat' dir='ltr'>se,</span> <span class='ocrx_word' id='word_1_361' title='bbox 1449 2513 1520 2554; x_wconf 87' lang='lat' dir='ltr'>sed</span> <span class='ocrx_word' id='word_1_362' title='bbox 1552 2513 1683 2554; x_wconf 80' lang='lat' dir='ltr'>advo-</span> 
     </span>
    </p>
   </div>
   <div class='ocr_carea' id='block_1_3' title="bbox 255 2660 1686 2911">
    <p class='ocr_par' dir='ltr' id='par_1_3' title="bbox 255 2660 1686 2911">
     <span class='ocr_line' id='line_1_43' title="bbox 297 2660 1683 2705; baseline 0.001 -14"><span class='ocrx_word' id='word_1_363' title='bbox 297 2664 333 2691; x_wconf 85' lang='lat'>31</span> <span class='ocrx_word' id='word_1_364' title='bbox 357 2662 392 2691; x_wconf 76' lang='lat' dir='ltr'>in</span> <span class='ocrx_word' id='word_1_365' title='bbox 415 2671 466 2692; x_wconf 86' lang='lat' dir='ltr'>me</span> <span class='ocrx_word' id='word_1_366' title='bbox 483 2660 688 2702; x_wconf 71' lang='lat' dir='ltr'>prqfudistis]</span> <span class='ocrx_word' id='word_1_367' title='bbox 714 2663 736 2694; x_wconf 94' lang='lat' dir='ltr'>i.</span> <span class='ocrx_word' id='word_1_368' title='bbox 752 2663 885 2701; x_wconf 81' lang='lat' dir='ltr'>fecistis,</span> <span class='ocrx_word' id='word_1_369' title='bbox 908 2669 945 2695; x_wconf 86' lang='lat' dir='ltr'>ut</span> <span class='ocrx_word' id='word_1_370' title='bbox 987 2670 1103 2704; x_wconf 83' lang='lat' dir='ltr'>turque</span> <span class='ocrx_word' id='word_1_371' title='bbox 1120 2666 1160 2696; x_wconf 90' lang='lat' dir='ltr'>ad</span> <span class='ocrx_word' id='word_1_372' title='bbox 1175 2666 1254 2705; x_wconf 79' lang='lat' dir='ltr'>quid</span> <span class='ocrx_word' id='word_1_373' title='bbox 1262 2664 1370 2705; x_wconf 76' lang='lat' dir='ltr'>sucis,</span> <span class='ocrx_word' id='word_1_374' title='bbox 1388 2664 1472 2704; x_wconf 89' lang='lat' dir='ltr'>quod</span> <span class='ocrx_word' id='word_1_375' title='bbox 1488 2668 1536 2694; x_wconf 84' lang='lat' dir='ltr'>est</span> <span class='ocrx_word' id='word_1_376' title='bbox 1555 2674 1614 2701; x_wconf 77' lang='lat' dir='ltr'>pro</span> <span class='ocrx_word' id='word_1_377' title='bbox 1624 2662 1683 2703; x_wconf 82' lang='lat' dir='ltr'>se-</span> 
     </span>
     <span class='ocr_line' id='line_1_44' title="bbox 255 2703 1686 2747; baseline 0.002 -15"><span class='ocrx_word' id='word_1_378' title='bbox 255 2703 289 2733; x_wconf 88' lang='lat' dir='ltr'>in</span> <span class='ocrx_word' id='word_1_379' title='bbox 306 2713 358 2733; x_wconf 81' lang='lat' dir='ltr'>me</span> <span class='ocrx_word' id='word_1_380' title='bbox 376 2704 638 2744; x_wconf 83' lang='lat' dir='ltr'>profunderetur.</span> <span class='ocrx_word' id='word_1_381' title='bbox 986 2709 1070 2738; x_wconf 68' lang='lat' dir='ltr'>cisti.</span> <span class='ocrx_word' id='word_1_382' title='bbox 1116 2708 1229 2747; x_wconf 79' lang='lat' dir='ltr'>Itaque</span> <span class='ocrx_word' id='word_1_383' title='bbox 1253 2708 1353 2747; x_wconf 88' lang='lat' dir='ltr'>probo</span> <span class='ocrx_word' id='word_1_384' title='bbox 1376 2717 1442 2743; x_wconf 89' lang='lat' dir='ltr'>eos,</span> <span class='ocrx_word' id='word_1_385' title='bbox 1467 2707 1607 2746; x_wconf 26' lang='lat' dir='ltr'>quifpro</span> <span class='ocrx_word' id='word_1_386' title='bbox 1630 2707 1686 2736; x_wconf 77' lang='lat' dir='ltr'>cm·</span> 
     </span>
     <span class='ocr_line' id='line_1_45' title="bbox 297 2746 1683 2788; baseline 0.001 -13"><span class='ocrx_word' id='word_1_387' title='bbox 297 2747 338 2776; x_wconf 75' lang='lat'>32</span> <span class='ocrx_word' id='word_1_388' title='bbox 359 2746 499 2776; x_wconf 72' lang='lat' dir='ltr'>cuicum</span> <span class='ocrx_word' id='word_1_389' title='bbox 520 2746 665 2785; x_wconf 66' lang='lat' dir='ltr'>cenulas]</span> <span class='ocrx_word' id='word_1_390' title='bbox 693 2747 824 2777; x_wconf 80' lang='lat' dir='ltr'>Possum</span> <span class='ocrx_word' id='word_1_391' title='bbox 848 2747 944 2778; x_wconf 81' lang='lat' dir='ltr'>intel·</span> <span class='ocrx_word' id='word_1_392' title='bbox 987 2749 1050 2787; x_wconf 72' lang='lat' dir='ltr'>legi</span> <span class='ocrx_word' id='word_1_393' title='bbox 1073 2750 1189 2780; x_wconf 83' lang='lat' dir='ltr'>volunt</span> <span class='ocrx_word' id='word_1_394' title='bbox 1210 2751 1275 2788; x_wconf 74' lang='lat' dir='ltr'>qui.</span> <span class='ocrx_word' id='word_1_395' title='bbox 1320 2749 1364 2779; x_wconf 87' lang='lat' dir='ltr'>Et</span> <span class='ocrx_word' id='word_1_396' title='bbox 1386 2749 1461 2788; x_wconf 79' lang='lat' dir='ltr'>quia</span> <span class='ocrx_word' id='word_1_397' title='bbox 1486 2748 1546 2778; x_wconf 82' lang='lat' dir='ltr'>hoe</span> <span class='ocrx_word' id='word_1_398' title='bbox 1571 2750 1621 2778; x_wconf 59' lang='lat' dir='ltr'>eat</span> <span class='ocrx_word' id='word_1_399' title='bbox 1649 2747 1683 2777; x_wconf 86' lang='lat' dir='ltr'>in</span> 
     </span>
     <span class='ocr_line' id='line_1_46' title="bbox 256 2786 1680 2833; baseline 0.004 -17"><span class='ocrx_word' id='word_1_400' title='bbox 256 2786 357 2826; x_wconf 84' lang='lat' dir='ltr'>ligere</span> <span class='ocrx_word' id='word_1_401' title='bbox 379 2797 454 2817; x_wconf 80' lang='lat' dir='ltr'>cum</span> <span class='ocrx_word' id='word_1_402' title='bbox 476 2788 532 2818; x_wconf 71' lang='lat' dir='ltr'>tihi</span> <span class='ocrx_word' id='word_1_403' title='bbox 553 2798 581 2818; x_wconf 83' lang='lat' dir='ltr'>s.</span> <span class='ocrx_word' id='word_1_404' title='bbox 597 2793 634 2818; x_wconf 88' lang='lat' dir='ltr'>ut</span> <span class='ocrx_word' id='word_1_405' title='bbox 649 2788 822 2819; x_wconf 64' lang='lat' dir='ltr'>Abi-aniius</span> <span class='ocrx_word' id='word_1_406' title='bbox 844 2790 945 2829; x_wconf 78' lang='lat' dir='ltr'>expli·</span> <span class='ocrx_word' id='word_1_407' title='bbox 987 2791 1058 2821; x_wconf 78' lang='lat' dir='ltr'>edd.</span> <span class='ocrx_word' id='word_1_408' title='bbox 1073 2801 1122 2831; x_wconf 87' lang='lat' dir='ltr'>pr.</span> <span class='ocrx_word' id='word_1_409' title='bbox 1145 2792 1303 2833; x_wconf 83' lang='lat' dir='ltr'>pluribus,</span> <span class='ocrx_word' id='word_1_410' title='bbox 1326 2795 1365 2821; x_wconf 85' lang='lat' dir='ltr'>ut</span> <span class='ocrx_word' id='word_1_411' title='bbox 1386 2791 1440 2822; x_wconf 85' lang='lat' dir='ltr'>W.</span> <span class='ocrx_word' id='word_1_412' title='bbox 1468 2793 1560 2822; x_wconf 80' lang='lat'>1480.</span> <span class='ocrx_word' id='word_1_413' title='bbox 1583 2791 1680 2821; x_wconf 67' lang='lat' dir='ltr'>dum.</span> 
     </span>
     <span class='ocr_line' id='line_1_47' title="bbox 257 2829 1105 2873; baseline 0.006 -15"><span class='ocrx_word' id='word_1_414' title='bbox 257 2835 328 2858; x_wconf 73' lang='lat' dir='ltr'>eat:</span> <span class='ocrx_word' id='word_1_415' title='bbox 352 2829 408 2859; x_wconf 80' lang='lat' dir='ltr'>sed</span> <span class='ocrx_word' id='word_1_416' title='bbox 429 2830 464 2859; x_wconf 89' lang='lat' dir='ltr'>in</span> <span class='ocrx_word' id='word_1_417' title='bbox 485 2829 547 2859; x_wconf 83' lang='lat' dir='ltr'>hoc</span> <span class='ocrx_word' id='word_1_418' title='bbox 570 2835 619 2859; x_wconf 85' lang='lat' dir='ltr'>est</span> <span class='ocrx_word' id='word_1_419' title='bbox 645 2829 893 2867; x_wconf 77' lang='lat' dir='ltr'>demonstratio,</span> <span class='ocrx_word' id='word_1_420' title='bbox 916 2832 945 2861; x_wconf 79' lang='lat' dir='ltr'>ei</span> <span class='ocrx_word' id='word_1_421' title='bbox 988 2833 1105 2873; x_wconf 78' lang='lat' dir='ltr'>recepi.</span> 
     </span>
     <span class='ocr_line' id='line_1_48' title="bbox 256 2870 946 2911; baseline 0.004 -10"><span class='ocrx_word' id='word_1_422' title='bbox 256 2870 484 2902; x_wconf 72' lang='lat' dir='ltr'>crudelitatem</span> <span class='ocrx_word' id='word_1_423' title='bbox 500 2881 567 2902; x_wconf 86' lang='lat' dir='ltr'>non</span> <span class='ocrx_word' id='word_1_424' title='bbox 580 2872 745 2911; x_wconf 79' lang='lat' dir='ltr'>ingratam</span> <span class='ocrx_word' id='word_1_425' title='bbox 759 2883 839 2911; x_wconf 85' lang='lat' dir='ltr'>esse,</span> <span class='ocrx_word' id='word_1_426' title='bbox 850 2873 946 2904; x_wconf 80' lang='lat' dir='ltr'>refer-</span> 
     </span>
    </p>
   </div>
  </div>
 </body>
</html>
