1769 3174
266 56 342 92 986
848 55 1097 95 ORATIO

265 154 506 211 attingere?
537 156 709 199 Servavi
744 157 875 214 igitur
906 160 1213 216 rempublicam
1236 158 1422 201 discessu
1445 160 1689 216 meo,judi-

266 226 362 253 ees:
394 213 556 254 eaedem
588 229 613 255 a
633 214 755 256 vobis
784 214 1013 273 liberisque
1046 217 1221 267 vestris;
1255 217 1512 268 vastitatem,
1543 218 1688 259 incen·
1747 239 1750 244 ·

266 267 352 318 dia,
388 270 570 324 rapinas,
608 273 753 313 73meo
785 271 930 314 dolore
964 273 1167 328 luctuque
1198 273 1366 328 depuli:
1398 283 1442 314 et
1478 288 1586 315 unus
1624 275 1688 316 bis

266 326 575 380 rempublicam
609 329 787 379 servavi,
824 329 953 370 semel
983 330 1134 385 gloria,
1166 330 1317 370 iterum
1359 344 1550 372 aerumna
1580 345 1690 372 mea.

265 395 404 436 neque
424 384 539 425 enim
569 385 611 425 in
644 385 727 426 hoc
757 400 825 426 me
853 386 1069 428 hominem
1096 401 1186 427 esse
1220 386 1439 428 infitiabor
1472 401 1689 441 umquam,

266 447 316 478 ut
335 453 404 479 me
426 441 591 496 optimo
615 441 756 492 fratre,
779 443 1007 483 carissimis
1040 444 1196 493 liberis,
1221 443 1466 484 fidelissima
1487 444 1689 499 conjuge,

267 505 408 537 vestro
427 507 674 553 conspectu,
697 499 848 553 patria,
871 499 952 540 hoc
976 500 1148 540 honoris
1170 500 1319 555 gradU,
1343 500 1432 540 sine
1453 499 1599 541 dolore
1619 516 1690 542 ca-

265 552 398 593 ruisse
419 554 588 609 glorier.
610 555 724 609 quod
749 555 781 594 si
806 554 1025 598 fecissem:
1057 556 1172 611 quod
1193 571 1218 596 a
1240 571 1307 597 me
1331 557 1584 598 beneficium
1615 557 1690 598 ha-

264 608 435 659 bei-etis,
458 626 556 652 eum
594 625 668 666 pro
693 611 813 652 vobis
845 626 908 662 ea,
930 628 1026 667 quae
1060 612 1165 654 mihi
1195 622 1334 654 essent
1358 613 1472 664 vilia,
1497 614 1688 668 reliquis-

265 669 377 707 sem?
412 667 524 718 Hoc,
548 682 642 708 meo
663 668 836 722 quidem
865 669 1024 720 animo,
1055 670 1209 710 summi
1243 670 1286 710 in
1319 670 1499 726 patriam
1531 671 1687 712 amoris

264 723 349 763 mei
383 724 553 779 signum
583 739 673 765 esse
706 725 834 766 debet
854 727 1152 777 certissimum,
1175 727 1304 781 quod,
1327 741 1425 768 cum
1456 728 1603 768 abesse
1633 729 1688 768 ab

264 793 315 818 ea
333 795 416 820 non
443 795 608 835 possem
631 782 721 822 sine
745 797 911 823 summo
933 783 1092 834 dolore,
1115 783 1229 824 hunc
1259 798 1326 824 me
1359 785 1538 840 perpeti,
1559 796 1688 839 quain

202 835 377 880 50illam
402 837 648 879 labefactari
670 840 724 880 ab
746 839 967 895 improbis,
991 840 1133 881 malui.
1185 840 1686 896 Bffemineram,judiees,

263 893 456 935 (livinum
487 895 603 935 illum
627 896 778 947 virum,
801 906 928 952 atque
958 911 1011 937 ex
1044 897 1208 949 iisdem,
1230 898 1384 953 quibus
1417 912 1509 949 nos,
1533 899 1685 940 radlei-

261 950 341 991 bus
371 961 517 993 natum
549 952 602 993 ad
632 952 808 993 salutem
843 952 1006 1009 imperii
1043 953 1184 1009 hujus,
1208 955 1259 996 C.
1284 953 1489 1005 Marium,
1520 969 1685 996 summa

259 1018 493 1059 senectute,
514 1023 610 1050 eum
644 1010 731 1050 vim
762 1013 801 1043 7⁴
817 1025 949 1067 prope
974 1011 1191 1066 justorum
1223 1027 1437 1053 armorum
1471 1012 1685 1068 profugis·

260 1074 338 1115 set,
371 1067 510 1120 primo
543 1066 673 1107 senile
704 1081 859 1123 corpus
891 1067 1117 1124 paludibus
1149 1069 1385 1110 occultasse
1416 1069 1680 1110 demersum:

259 1121 414 1163 deinde
435 1123 486 1163 ad
511 1122 757 1164 infimorum
788 1139 837 1166 ac
861 1125 1206 1167 tenuissimorum
1236 1126 1461 1167 hominum
1494 1125 1682 1167 Mintur·

256 1178 325 1219 nis
356 1179 690 1221 misericordiam
711 1181 980 1238 confugisse:
1015 1182 1112 1223 inde
1143 1183 1316 1239 navigio
1339 1196 1561 1239 perparvo,
1583 1197 1680 1224 cum

256 1247 406 1276 omnes
441 1246 589 1292 portus
622 1247 837 1294 terrasque
870 1238 1052 1295 fugeret,
1083 1240 1125 1280 in
1147 1255 1241 1281 oras
1264 1239 1425 1281 Africae
1447 1239 1681 1281 desertissi-

254 1306 346 1333 mas
379 1294 635 1349 pervenisse.
694 1294 838 1350 Atque
872 1296 942 1337 ille
973 1297 1103 1337 vitam
1134 1311 1267 1347 suam,
1295 1312 1348 1338 ne
1376 1296 1535 1338 inultus
1556 1305 1680 1346 esset,

253 1349 306 1390 ad
329 1349 655 1392 incertissimam
679 1367 811 1408 spem,
834 1361 878 1394 et
897 1356 937 1386 75
951 1353 1002 1394 ad
1026 1354 1271 1410 reipublicae
1304 1364 1462 1395 statum
1494 1368 1681 1395 reserva-

252 1405 340 1448 vit:
372 1421 468 1463 ego,
489 1408 563 1463 qui
585 1409 965 1464 (quemadmodum
995 1411 1117 1452 multi
1141 1411 1184 1452 in
1206 1421 1369 1462 senatu,
1392 1425 1458 1451 me
1489 1412 1678 1463 absente,

251 1462 473 1514 dixerunt)
497 1465 685 1520 periculo
707 1466 953 1522 reipublicae
976 1468 1188 1519 vivebam,
1210 1468 1368 1523 quique
1388 1469 1446 1509 ob
1463 1482 1556 1509 cam
1578 1483 1678 1509 cau-

206 1525 237 1556 b·
253 1534 342 1562 sam
363 1522 657 1563 consularibus
679 1523 831 1565 litteris
853 1524 905 1566 de
927 1535 1096 1566 senatus
1119 1526 1331 1566 sententia
1359 1525 1516 1566 exteris
1539 1525 1676 1566 natio-

246 1577 377 1619 nibus
409 1580 756 1631 commendabar,
789 1595 946 1633 nonne,
975 1583 1009 1623 si
1044 1597 1181 1623 meam
1216 1583 1349 1623 vitam
1382 1582 1675 1632 deseruissem,

247 1635 556 1691 rempublicam
588 1637 896 1692 prodidissem?
926 1639 1021 1680 76in
1045 1654 1130 1694 qna
1159 1639 1330 1694 quidem
1362 1654 1492 1690 nunc,
1514 1653 1581 1680 me
1611 1653 1674 1680 re-

246 1692 414 1744 stituto,
438 1692 545 1734 vivit
565 1708 734 1736 mecum
762 1694 887 1736 simul
908 1697 1153 1752 exemplum
1177 1697 1273 1737 fidei
1306 1696 1506 1752 publieae,
1529 1710 1674 1737 exem-

246 1748 367 1804 plum
398 1750 646 1806 reipublicae
669 1752 963 1794 defendendae.
995 1753 1110 1808 quod
1132 1757 1170 1787 77
1186 1754 1219 1794 si
1250 1752 1489 1794 immortale
1521 1753 1675 1793 retine-

247 1815 331 1857 tur,
353 1808 448 1862 quis
483 1822 568 1849 non
598 1808 815 1864 intelligit,
847 1810 1130 1851 immortalem
1165 1811 1274 1851 hanc
1305 1811 1526 1851 civitatem
1557 1809 1674 1851 futu·

165 1862 234 1910 523
249 1866 366 1906 ram?
400 1864 512 1905 Nam
533 1873 712 1907 externa
733 1866 843 1908 bella
865 1880 1029 1923 regum,
1060 1868 1269 1923 gentium,
1297 1868 1536 1918 nationum,
1559 1866 1674 1922 jam-

185 1934 231 1969 51
249 1921 412 1976 pridem
448 1922 510 1962 ita
544 1923 762 1964 exstincta
797 1931 910 1974 sunt,
944 1934 991 1965 ut
1030 1925 1230 1980 praeclare
1258 1939 1357 1966 cum
1391 1924 1441 1965 iis
1479 1938 1671 1980 agamus,

246 1991 353 2031 quos
386 1987 560 2034 pacatos
588 1994 679 2021 esse
711 1980 937 2036 patiamur.
961 1985 1000 2016 78
1014 1982 1198 2036 denique
1229 1996 1284 2022 ex
1321 1980 1472 2023 bellica
1493 1981 1673 2026 victoria

245 2048 332 2076 non
355 2034 442 2076 fere
462 2050 720 2093 quemquam
742 2046 807 2078 est
836 2037 998 2079 invidia
1018 2039 1178 2080 civium
1200 2047 1444 2081 consecuta.
1467 2038 1671 2079 domesti-

284 2194 325 2224 73
350 2201 417 2222 meo
430 2192 535 2223 dolore
550 2193 715 2234 luctuque]
736 2194 882 2224 Graevius
896 2204 936 2225 ex

243 2233 292 2263 ed.
310 2233 362 2263 W.
378 2239 412 2264 ct
430 2234 509 2264 Mss.
526 2236 585 2266 Dr.
601 2236 653 2267 Fr.
678 2246 807 2276 meoque
830 2238 935 2273 luctu,

244 2285 320 2306 mox
334 2286 409 2305 eum
425 2282 555 2307 secutus
565 2288 637 2308 sum
650 2282 684 2308 et
699 2279 745 2309 bis
759 2288 834 2309 cum
850 2288 936 2309 unus

979 2195 1060 2236 reip.
1075 2199 1211 2226 statum.

1020 2238 1062 2271 76
1082 2239 1118 2268 in
1131 2248 1191 2278 quo
1205 2238 1334 2278 quidem
1354 2236 1455 2277 nunc]
1481 2237 1614 2269 Cori-exi
1636 2239 1671 2268 in

977 2289 1054 2319 qua,
1065 2290 1108 2311 sc.
1124 2281 1299 2320 republica.
1315 2281 1348 2309 in
1358 2290 1423 2319 qua
1438 2289 1562 2310 mecum
1576 2281 1668 2317 vivit,

243 2327 411 2357 conjunxi.

285 2363 325 2393 74
335 2369 436 2400 prope
440 2358 610 2400 justorum
625 2361 810 2401 armorum]
828 2361 936 2401 Prope

241 2401 322 2432 dicit
350 2402 507 2440 modeste,
532 2408 566 2433 ct
594 2403 723 2433 invidia:
754 2405 935 2434 nobilitatis

241 2444 384 2475 vitandae
399 2454 508 2482 causa,
523 2450 561 2475 ut
584 2455 624 2476 nc
644 2445 815 2476 decernere
830 2446 936 2477 videa-

242 2490 309 2516 tur.

284 2532 324 2562 75
338 2529 383 2558 ad
396 2529 576 2568 reipublieoe
589 2528 716 2568 statim]
736 2529 808 2560 Hoc
823 2540 935 2560 verum

241 2579 310 2600 esse
326 2580 390 2600 non
408 2576 528 2610 potest,
545 2581 603 2601 nec
618 2571 716 2601 habet
735 2573 932 2602 sententiani

241 2612 382 2651 plenam.
420 2613 528 2648 Varie,
566 2623 625 2643 nec
660 2613 741 2644 bene
772 2615 933 2653 corrigere

237 2659 412 2685 tentarunt
432 2655 490 2684 viri
506 2654 605 2685 docti.
649 2655 796 2686 Graevius
818 2657 932 2686 melius

236 2698 366 2734 ceteris,
415 2697 461 2726 ad
498 2698 759 2737 recuperandum
806 2702 930 2728 statum

236 2748 353 2767 suum.-
386 2738 472 2778 quod
502 2739 766 2778 tamen-longius
795 2750 814 2770 a
842 2740 930 2770 libris

235 2779 381 2812 discedit.
426 2781 548 2812 Lenius
570 2782 628 2812 sit:
653 2786 683 2812 et
705 2782 751 2812 ad
769 2783 931 2814 incertum

978 2332 1029 2351 me
1051 2323 1211 2352 restituto.
1232 2324 1266 2352 in
1281 2332 1340 2361 quo
1363 2323 1542 2362 pertineret
1563 2321 1603 2352 ad
1618 2322 1671 2352 Ci-

977 2374 1142 2401 ceronem,
1157 2365 1244 2402 quod
1258 2369 1366 2394 cetera
1389 2363 1480 2393 nullo
1494 2363 1590 2393 modo
1613 2375 1670 2404 pa-

976 2406 1118 2437 tiuntur.
1163 2407 1269 2436 Miror
1282 2407 1334 2437 hie
1350 2406 1513 2436 neminem
1529 2405 1668 2439 haesisse,

1020 2452 1059 2482 77
1082 2451 1109 2479 si
1130 2449 1315 2479 immortale
1337 2448 1512 2487 retinetur]
1539 2447 1598 2479 Ed.
1614 2449 1668 2480 W.

977 2494 1011 2521 et
1027 2490 1105 2521 Mss.
1119 2490 1249 2529 quidam
1264 2494 1402 2520 tenetur.

1019 2536 1059 2567 78
1081 2533 1216 2571 deniquo
1235 2542 1274 2562 ex
1298 2533 1410 2563 bellic-a
1430 2532 1566 2561 victoria
1591 2533 1665 2573 &ej

978 2573 1050 2604 Hoc
1066 2584 1128 2614 quo
1144 2573 1196 2604 hic
1219 2575 1394 2613 pertineat,
1418 2582 1483 2603 non
1508 2574 1667 2615 intelligo.

976 2616 1109 2653 Vereor,
1139 2626 1179 2646 no
1214 2616 1304 2646 locus
1334 2617 1376 2646 sit
1407 2615 1576 2645 mutilatus
1611 2622 1670 2648 aut

976 2658 1046 2688 haeo
1060 2658 1224 2688 sententia
1238 2658 1368 2688 aliunde
1384 2658 1560 2697 irrepserit.
1605 2659 1666 2690 Pro

961 2700 1043 2740 sere
1061 2710 1254 2741 quemquam
1276 2700 1327 2731 ed.
1347 2700 1442 2730 «lunt.
1466 2704 1585 2731 temere
1605 2711 1666 2732 vm·

973 2753 1092 2783 quam:
1115 2742 1201 2783 quod
1217 2752 1282 2775 non
1295 2741 1454 2783 displicet..
