1769 3174
586 133 651 172 IN
690 132 1011 172 VATINIUM.
1431 136 1528 173 1025

83 245 277 281 secutum
299 250 406 289 esse,
431 240 468 268 ¹3
482 252 578 293 quae
611 245 656 278 tu
687 236 958 292 impudenter
983 236 1255 279 vaticinando
1287 253 1454 294 sperare
1485 250 1527 281 te

83 310 199 351 saepe
219 295 384 336 dixisti.

138 353 252 394 Nam
295 352 411 408 quod
452 351 560 393 mihi
599 351 832 392 discessum
881 349 1083 406 objecisti
1128 366 1285 402 meum,
1327 362 1369 393 et
1410 353 1572 408 qu0d3

82 409 252 461 horum,
285 410 440 464 quibus
477 409 545 449 ille
583 408 673 449 dies
708 408 1007 449 acerbissimus
1042 408 1139 460 fuit,
1178 409 1250 463 qui
1274 369 1436 450 idemq
1447 411 1526 452 tibi

81 466 343 518 laetissimus,
375 467 538 507 luctum
570 475 613 506 et
647 465 855 521 gemitum
889 479 1091 506 renovare
1124 465 1324 507 voluisti:
1359 476 1527 508 tantum

83 524 163 566 tibi
196 524 449 580 respondeo,
480 537 562 574 me,
594 537 691 564 cum
724 531 784 573 tu,
815 532 1054 578 ceter-<eque
1090 522 1339 578 reipublieae
1373 535 1526 579 pestes,

81 596 296 622 armorum
319 595 490 622 causam
513 580 776 636 quaereretis,
798 589 840 619 et
863 595 958 620 cum
986 594 1059 636 per
1082 594 1224 621 meum
1252 595 1406 621 nomen
1440 581 1527 621 for—

83 647 207 679 tunas
239 638 520 694 locupletium
551 638 748 693 diripere,
780 638 1033 692 sanguinem
1064 638 1307 693 principum
1337 638 1525 678 civitatis

80 696 323 759 exsorbere,
347 695 641 736 crudelitatem
667 704 849 734 vestram
859 671 1105 750 Oodiumque
1123 695 1388 745 diuturnum,
1408 695 1524 759 quod

83 753 125 793 in
170 754 305 794 bonos
341 753 435 807 jam
478 753 763 792 inveteratum
808 751 1045 803 habebatis,
1077 764 1265 792 satuiare
1297 754 1524 808 cuperetis,

82 809 218 851 scelus
263 819 306 850 et
352 810 538 850 furorem
589 819 774 849 vestrum
825 809 1017 850 cedendo
1064 809 1261 849 munisse
1312 809 1523 866 franoere,

78 882 209 922 quam
257 866 508 908 resistendo.
570 867 715 912 Quare
766 875 866 929 peto
908 882 932 906 a
974 876 1029 917 te,
1071 876 1119 907 ut
1161 866 1266 906 mihi
1311 867 1561 931 ignoscas,7

81 924 244 975 Vatini,
267 939 365 964 cum
393 924 542 979 patria:
575 923 854 979 pepercerim,
876 938 1005 978 quam
1037 938 1272 965 servaram:
1305 935 1362 974 et,
1385 925 1418 964 si
1441 939 1524 980 ego

82 991 125 1023 te
159 985 195 1012 ¹4
210 982 468 1037 perditorem
499 991 542 1021 et
565 991 814 1021 vexatorem
847 981 1094 1036 reipublicae
1127 982 1231 1045 fero,
1255 992 1298 1021 tu
1331 996 1398 1021 me
1420 997 1524 1023 con-

80 1048 340 1079 servatorem
371 1048 414 1079 et
444 1038 667 1078 custodem
706 1037 831 1080 feras.
870 1038 1024 1079 deinde
1055 1053 1146 1093 eJus
1180 1039 1256 1079 viri
1289 1038 1525 1080 discessum

81 1095 290 1152 increpas,
319 1110 446 1151 quem
469 1096 601 1146 vides,
623 1095 816 1136 omnium
848 1095 1008 1136 civium
1040 1095 1296 1146 desiderio,
1288 1097 1421 1152 ipsius
1453 1097 1525 1137 de-

81 1153 210 1207 nique
248 1152 496 1209 reipublicae
532 1153 651 1193 luctu
683 1166 774 1192 esse
808 1156 1084 1194 revocatum?
1116 1153 1175 1193 At
1208 1153 1323 1193 enim
1359 1154 1526 1205 dixisti,

79 1224 166 1251 non
189 1224 298 1260 mea,
318 1211 389 1251 sed
409 1210 658 1274 reipublicae,
683 1224 812 1251 eausa
832 1209 1027 1252 homines
1051 1210 1103 1250 de
1127 1225 1222 1251 meo
1245 1211 1382 1252 reditu
1406 1211 1525 1252 labo-

77 1281 204 1309 rasse.
267 1268 403 1331 Quasi
426 1282 526 1308 v·e10
547 1267 774 1322 quisquam
798 1268 875 1319 vir,
897 1267 1123 1308 excellenti
1155 1268 1298 1308 animo
1331 1268 1373 1309 in
1412 1283 1525 1309 lem-

79 1324 298 1389 publicam
327 1325 556 1381 inoressus,
588 1324 821 1380 optabilius
853 1325 1087 1380 quidquam
1119 1325 1362 1376 arbitretur,
1394 1341 1523 1381 quam

78 1396 122 1423 se
152 1397 177 1422 a
208 1382 293 1423 suis
324 1382 491 1424 civibus
530 1381 779 1438 reipublicae
811 1397 940 1423 causa
969 1382 1106 1438 ‹lilio-i.
1169 1383 1344 1424 Scilicet
1374 1391 1560 1439 asperas

78 1453 175 1480 mea
204 1449 386 1482 natura.
418 1439 606 1480 difficilis
637 1438 808 1481 aditus:
848 1439 990 1495 gravis
1023 1439 1193 1482 vultus:
1238 1441 1422 1496 superba
1461 1455 1570 1487 req,

78 1511 262 1553 sponsa:
304 1496 487 1538 insolens
529 1497 647 1538 vita:
689 1511 817 1537 nemo
856 1496 1167 1538 humanitatem
1208 1512 1362 1549 meam,
1398 1512 1526 1539 nemo

77 1554 448 1605 consuetudinem,
486 1568 613 1595 nemo
652 1554 895 1604 consilium,
930 1568 1055 1595 nemo
1091 1554 1301 1595 auxilium
1340 1555 1527 1611 require-

78 1612 183 1654 bat:
216 1611 340 1666 eujus
371 1611 582 1653 desiderio
613 1615 680 1664 (ut
711 1611 806 1653 haec
838 1612 1020 1653 minima
1051 1611 1212 1661 dicam)
1243 1611 1383 1653 forum
1416 1628 1526 1654 moe-

77 1677 205 1720 stum,
234 1678 355 1710 muta
385 1670 517 1719 curia,
551 1669 697 1709 omnia
728 1668 913 1724 denique
946 1670 1155 1710 bonarum
1191 1670 1348 1710 artium
1386 1671 1527 1712 studia

78 1726 301 1767 siluerunt.
363 1726 445 1767 Sed
488 1725 596 1767 nihil
637 1726 693 1766 sit
734 1726 898 1767 factum
939 1741 1035 1767 mea
1075 1742 1230 1770 eausa:
1270 1727 1417 1768 omnia
1454 1727 1526 1769 illa

76 1784 460 1848 senatusconsulta,
490 1783 638 1840 populi
662 1783 799 1839 jussa,
824 1783 962 1826 Italiae
996 1784 1143 1836 totius,
1173 1794 1425 1825 cunctarum
1457 1800 1525 1826 so-

75 1841 298 1892 cietatum,
329 1841 611 1897 collegiorum
642 1856 837 1882 omnium
868 1842 1040 1883 decreta
1072 1842 1125 1883 de
1158 1857 1240 1893 me,
1272 1842 1522 1906 reipublicae

75 1913 206 1939 causa
226 1912 316 1939 esse
338 1875 466 1939 facta
479 1898 703 1941 fateamur.
767 1899 884 1945 Quid
907 1914 1025 1955 ergo,
1049 1898 1179 1940 homo
1203 1900 1523 1955 imperitissime

75 1955 224 1996 solidae
255 1955 406 2005 laudis,
437 1970 486 1996 ac
517 1970 629 1996 verae
661 1956 902 2011 dignitatis,
933 1957 1208 2012 praestantius
1241 1957 1346 1997 mihi
1379 1959 1526 2013 potuit

75 2012 297 2054 accidere?
329 2013 433 2067 quid
454 2012 687 2069 optabilius
720 2013 772 2054 ad
805 2013 1173 2054 imm01talitatem
1206 2014 1371 2070 gloriae,
1394 2024 1524 2069 atque

73 2069 128 2110 ad
158 2070 410 2113 memoriam
441 2070 525 2111 mei
556 2070 744 2111 nominis
775 2071 1094 2126 sempiternam,
1116 2086 1245 2126 quam
1268 2086 1416 2112 omnes
1439 2072 1524 2113 hoc

74 2127 190 2168 cives
211 2141 329 2168 meos
353 2126 566 2182 judicare,
587 2127 777 2168 civitatis
799 2128 979 2169 salutem
1001 2143 1100 2169 cum
1125 2144 1218 2169 inea
1240 2130 1364 2170 unius
1387 2129 1524 2172 salute

74 2198 164 2225 esse
206 2184 517 2240 conjunctam?
566 2184 697 2231 Quod
739 2185 913 2240 quidem
963 2199 1044 2241 ego
1086 2185 1167 2227 tibi
1208 2186 1340 2227 reddo
1383 2195 1520 2228 tuum.
1534 2201 1557 2235 9

74 2255 190 2293 nam,
211 2250 261 2282 ut
293 2253 339 2283 tu
369 2256 439 2283 me
469 2256 615 2283 carum
646 2255 737 2283 esse
767 2242 917 2283 dixisti
950 2243 1129 2294 senatui,
1153 2243 1399 2300 populoque
1432 2244 1524 2285 Ro-

72 2313 217 2350 mano,
247 2314 336 2340 non
366 2309 455 2340 tarn
486 2313 583 2340 mea
612 2313 755 2349 causa,
786 2314 916 2354 quam
946 2276 1226 2356 reipublicae:
1260 2316 1320 2342 Sic
1351 2316 1434 2357 ego
1467 2312 1524 2353 te,

74 2370 334 2412 quamquam
368 2356 423 2397 sis
453 2357 572 2398 omni
596 2356 769 2397 diritate
796 2366 925 2412 atque
953 2357 1222 2398 immanitate
1249 2359 1525 2423 taeterrimUS,

76 2422 219 2454 tamen
250 2413 348 2455 dico
378 2428 470 2455 esse
501 2414 602 2455 odio
633 2413 816 2466 civitati,
845 2429 933 2459 non
968 2423 1054 2455 tam
1090 2425 1180 2466 tuo,
1212 2430 1343 2472 quam
1380 2417 1525 2474 reipu-

77 2469 200 2512 blicae
223 2471 412 2512 nomine.

128 2525 288 2586 Atque,
311 2538 360 2570 ut
390 2527 623 2584 aliquando
646 2528 700 2570 ad
723 2538 765 2571 te
797 2529 982 2582 veniam,
1004 2529 1057 2570 de
1084 2544 1155 2572 me
1184 2529 1268 2572 hoc
1302 2530 1358 2572 sit
1378 2533 1571 2579 extre-4

118 2687 153 2716 13
176 2695 246 2725 quoe
267 2690 304 2717 tu
324 2687 404 2727 imp.
422 2691 490 2718 vat.
507 2688 566 2718 &e.
583 2698 613 2718 v.
636 2691 710 2728 post
732 2687 774 2718 ad
816 2688 938 2728 opponi
959 2688 1093 2719 custodi.
1138 2687 1279 2719 Librarii
1302 2693 1437 2729 potuere
1460 2697 1520 2727 pu-

75 2737 105 2757 ς.
122 2730 152 2758 5.
816 2735 901 2768 tare,
916 2732 1039 2770 opponi
1053 2732 1271 2761 conservatori
1294 2731 1356 2761 hoc
1370 2730 1519 2766 verbum,

116 2771 153 2799 14
168 2770 369 2808 perditorem
394 2775 425 2801 et
450 2771 652 2811 zveiratorem]
684 2771 776 2801 Grae-
817 2778 852 2802 et
860 2773 1061 2812 perditorem
1075 2773 1249 2812 corrigere.
1275 2773 1326 2803 lta
1340 2773 1442 2803 etiam
1457 2773 1522 2802 erit

70 2810 140 2841 vius
167 2811 263 2841 malit
286 2823 304 2842 e
326 2813 390 2842 Ms.
416 2813 532 2843 Dresd.
550 2814 775 2852 proditorem:
819 2814 993 2844 chiasmus.
1038 2814 1101 2845 Sed
1118 2815 1268 2854 perditor
1289 2819 1340 2845 est
1361 2815 1462 2845 etiam
1487 2815 1522 2847 in

69 2853 125 2882 sed
147 2853 179 2882 id
201 2853 286 2884 idem
302 2863 369 2884 esse
393 2865 470 2884 cum
493 2855 657 2894 perditore
680 2855 772 2886 dicit.
818 2856 928 2887 Pison.
946 2859 997 2890 27.
1015 2866 1092 2888 cum
1106 2856 1277 2898 afflictore.

72 2894 142 2934 Ego
158 2896 264 2936 potius
280 2896 432 2934 dixerim,
449 2897 651 2936 proditorem
666 2898 776 2938 aptius

0 2935 2 2952 ¹
68 2936 70 2941 ’
733 2946 859 2984 313

0 2982 14 3055 k,
