1812 3147
437 121 512 158 AD
537 120 787 161 QUIRITES
812 121 942 160 POST
968 121 1230 161 REDITUM.
1478 125 1553 160 823

122 227 237 268 tibus
258 224 458 279 deinceps
480 224 696 276 traditam,
717 224 921 265 dixerunt
942 225 985 265 in
1007 225 1183 266 eandem
1209 224 1462 266 sententiam
1484 239 1554 267 ce·

121 285 216 325 teri.
276 281 358 324 Sed
380 280 557 322 audistis
578 295 629 321 6ο
654 291 846 336 tempore
867 281 1086 322 clarissimi
1113 282 1189 322 viri
1214 296 1298 322 non
1322 282 1455 323 solum
1480 297 1555 322 au-

121 340 379 388 ctoritatem,
412 338 484 378 sed
517 338 647 378 etiam
680 338 990 389 testimonium,
1022 341 1063 368 30
1079 338 1125 379 L.
1152 338 1304 380 Gellii:
1337 339 1425 392 qui,
1454 340 1687 394 elmar-‘202

123 411 240 437 suam
279 396 454 437 classem
487 403 740 435 attentatam
775 409 932 450 magno
965 408 1062 436 cum
1101 409 1176 435 suo
1210 395 1398 450 periculo
1433 393 1597 450 paenea·

123 453 278 503 sensit3
309 452 422 493 dixit
452 451 493 491 in
517 452 726 493 concione
750 461 910 492 vestra:
941 452 975 492 si
995 465 1065 506 ego
1087 451 1237 501 consul,
1259 466 1346 492 cum
1362 450 1453 507 fui,
1477 466 1557 493 non

106 508 293 567 fuissem,
316 507 601 563 rempublicam
611 507 810 564 ιῙὶιιιᾱὶίιιδ
831 508 1087 549 interituram
1095 506 1242 563 sitisse.

71 616 77 620 1
183 566 248 608 En
269 579 352 622 ego
376 575 441 606 tot
462 565 734 617 testimoniis,
758 567 965 616 Quirites,
991 565 1069 605 hae
1091 566 1347 606 auctoritate
1369 574 1553 617 senatus,
1568 566 1601 614 8

123 632 245 664 tanta
280 622 564 665 consensione
597 622 749 673 Italiae,
781 632 901 664 tanto
934 623 1074 663 studio
1105 623 1314 663 bonorum
1347 622 1554 674 omnium,
1570 637 1618 670 13

126 690 281 737 agente
317 679 368 721 P.
401 679 598 730 Lentulo,
631 679 999 720 consentientibus
1035 680 1185 720 ceteris
1219 679 1556 734 magistratibus,

125 738 382 794 deprecante
416 736 499 777 Cn.
533 736 756 792 Pompeio,
788 738 987 777 omnibus
1019 736 1265 777 hominibus
1297 736 1556 788 faventibus,

126 795 208 836 diis
229 795 413 848 denique
437 793 763 844 immortalibus,
787 793 958 849 frugum
984 794 1192 845 ubertate,
1214 793 1354 849 copia,
1378 793 1557 844 vilitate,

124 851 308 892 reditum
334 864 476 891 meum
498 851 897 906 comprobantibus,
921 850 1041 900 mihi,
1074 850 1193 901 meis,
1217 851 1463 906 reipublicae
1494 865 1559 891 re-

127 908 316 958 stitutus,
349 917 514 948 tantum
551 909 686 958 vobis,
717 911 752 938 ὀί
775 921 981 962 quantum
1020 908 1157 947 facere
1191 922 1379 963 possum,
1411 907 1559 954 Quiri-

125 974 204 1016 teS,
236 964 496 1022 pollicebor:
531 965 731 1014 primum,
761 979 846 1020 qua
879 965 1133 1005 sanctissimi
1169 965 1362 1005 homines
1400 966 1558 1020 pietate

123 1037 227 1078 erga
247 1023 348 1064 deos
376 1018 637 1062 immortales
663 1037 753 1062 esse
778 1023 928 1072 solent,
956 1022 1103 1062 eadem
1131 1036 1197 1062 me
1218 1037 1319 1078 erga
1352 1022 1559 1077 populum

126 1079 373 1121 Romanum
411 1093 578 1134 semper
618 1078 732 1120 fore:
776 1093 1020 1133 numenque
1064 1088 1247 1119 vestrum
1288 1093 1410 1134 aeque
1451 1079 1558 1120 mihi

127 1151 256 1193 grave
277 1146 319 1178 et
339 1146 549 1186 sanctum,
572 1151 620 1176 ac
642 1136 819 1177 deorum
843 1136 1147 1176 immortalium
1177 1137 1219 1176 in
1243 1137 1359 1177 omni
1387 1136 1473 1176 vita
1492 1135 1559 1177 fu-

126 1204 296 1236 turum:
335 1193 503 1243 deinde,
534 1194 737 1247 quoniam
770 1207 837 1233 me
869 1194 908 1233 in
943 1194 1163 1233 civitatem
1197 1193 1436 1249 respublica
1465 1194 1559 1248 ipsa

126 1251 314 1301 reduxit,
354 1250 471 1290 nullo
516 1264 584 1290 me
625 1250 721 1291 loco
769 1251 1015 1306 reipublicae
1067 1253 1326 1291 defuturum.
1389 1249 1619 1296 Quodsi19

125 1309 221 1364 quis
243 1308 477 1357 existimat,
501 1321 568 1347 me
591 1318 664 1348 aut
689 1307 907 1348 voluntate
931 1321 1021 1348 esse
1044 1319 1221 1357 mutata,
1241 1318 1315 1348 aut
1336 1308 1561 1349 debilitata

127 1366 302 1416 virtute,
322 1374 393 1406 aut
417 1365 561 1405 animo
586 1364 736 1414 fracto,
761 1365 1034 1405 vehementer
1056 1376 1180 1405 errat.
1208 1366 1327 1416 mihi,
1344 1365 1457 1420 quod
1484 1380 1560 1420 po-

127 1423 213 1463 tuit
241 1425 281 1454 32
298 1423 357 1462 vis
380 1430 422 1462 et
447 1421 618 1476 injuria,
640 1431 682 1462 et
705 1422 1003 1462 sceleratorum
1030 1422 1250 1462 hominum
1272 1423 1390 1462 furol·
1420 1422 1560 1463 (letra-

128 1479 243 1531 here,
280 1479 453 1535 eripuit,
490 1478 680 1528 abstulit,
717 1479 963 1530 dissipavit:
1007 1480 1120 1533 quod
1162 1480 1250 1520 viro
1289 1481 1388 1520 forti
1427 1481 1560 1522 adimi

128 1552 216 1578 non
238 1546 394 1592 potest,
413 1536 455 1576 id
481 1545 623 1575 manet
643 1546 687 1576 et
705 1536 988 1591 permanebit.
1052 1536 1150 1577 Vidi
1173 1551 1255 1592 ego
1279 1536 1562 1579 fortissimum

128 1595 283 1642 virum,
326 1593 588 1648 municipem
626 1607 784 1642 meum,
828 1593 879 1634 C.
925 1593 1131 1643 Marium,
1173 1597 1375 1649 quoniam
1421 1596 1561 1646 nobis,

126 1650 248 1705 quasi
270 1650 413 1706 aliqua
435 1649 551 1690 fatali
576 1652 844 1698 necessitate,
866 1666 950 1691 non
975 1651 1109 1691 solum
1134 1666 1231 1692 cum
1265 1651 1344 1702 his,
1368 1652 1440 1706 qui
1466 1653 1562 1694 haec

127 1707 268 1749 delere
308 1707 555 1755 voluissent,
596 1708 668 1747 sed
709 1710 840 1749 etiam
878 1723 977 1749 cum
1016 1708 1188 1749 fortuna
1224 1708 1561 1763 belligerandum

129 1763 237 1806 fuit:
268 1779 365 1805 eum
404 1775 546 1804 tannen
587 1765 687 1815 vicli,
719 1781 816 1806 cuin
856 1774 966 1805 esset
1005 1781 1169 1806 summa
1208 1776 1440 1817 senectute,
1474 1782 1561 1808 non

128 1822 259 1864 modo
281 1836 366 1862 non
392 1821 575 1862 infracto
605 1822 748 1862 animo
772 1832 948 1878 propter
977 1824 1319 1879 magnitudinem
1341 1823 1560 1865 calamita-

129 1878 200 1930 tis,
223 1879 295 1920 sed
325 1878 580 1920 confirmato
611 1890 739 1934 atque
771 1889 990 1921 renovato.
1053 1881 1194 1927 Quem
1223 1891 1396 1936 egomet
1419 1879 1622 1923 dicei-<220

128 1936 288 1988 audivi,
319 1946 410 1977 tum
443 1950 486 1975 se
519 1935 650 1977 fuisse
679 1937 897 1989 miserum,
929 1952 1028 1978 cum
1058 1947 1220 1979 careret
1252 1939 1404 1994 patria,
1433 1955 1562 1995 quam

171 2100 212 2129 30
237 2098 278 2129 L.
309 2098 417 2135 Genii,
444 2100 499 2138 qui
525 2109 618 2130 suam
649 2101 826 2131 classem—

130 2139 242 2180 sensit]
283 2141 364 2170 Hmc
389 2141 518 2180 quidem
547 2142 752 2172 commodam
776 2143 826 2172 in-

132 2184 403 2222 terpretationem
441 2185 493 2213 vix
527 2183 645 2214 habere
680 2190 826 2224 possunt.

134 2224 186 2255 De
213 2225 312 2255 classe
338 2226 561 2256 centuriarum
590 2227 828 2266 interpretatur

135 2266 172 2297 P.
195 2267 385 2297 Manutius:
416 2278 487 2298 eam
516 2273 682 2298 tentatam
710 2278 778 2299 esse
808 2279 827 2299 a

135 2308 313 2346 Clodianis,
327 2319 533 2350 corrumpere
557 2310 751 2340 volentibus.
768 2321 829 2341 un-

133 2349 173 2380 de
198 2357 309 2381 ortum
335 2352 517 2382 tumultum
544 2352 650 2382 Gellio
670 2353 828 2392 periculo—

134 2401 218 2423 sum.
276 2393 340 2424 Sed
363 2394 525 2433 quomodo
553 2396 663 2424 classis
687 2394 830 2436 alicujus

132 2434 275 2465 dicitur?
300 2437 482 2466 centuriam
505 2436 566 2466 dici
590 2437 635 2466 sic
657 2437 736 2472 scio,
760 2447 826 2467 non

132 2476 268 2507 classem
280 2486 290 2506 t
315 2487 374 2508 nec
390 2479 541 2508 classium
561 2478 709 2508 custodes
724 2480 758 2509 in
773 2490 827 2509 co-

135 2520 250 2556 mitiis,
273 2519 328 2550 sed
347 2521 587 2560 suffrag-iorum.
633 2520 675 2550 Et
691 2531 827 2560 quomo-

135 2560 177 2590 do
196 2561 259 2592 ista
272 2562 450 2598 cohaerent,
465 2563 542 2601 quia
556 2572 615 2592 sua
629 2563 738 2593 classis
755 2569 828 2593 ten-

133 2606 206 2633 tata
226 2609 298 2633 erat
319 2604 510 2644 periculose,
526 2610 699 2644 propterea
720 2605 758 2635 de
774 2607 827 2637 Ci-

134 2654 252 2676 cerone
273 2646 318 2675 sic
334 2646 493 2684 judicavit
506 2648 517 2676 ?
543 2647 763 2686 Intelligenda
778 2654 829 2679 est

133 2685 257 2722 classis,
282 2688 336 2717 cui
364 2688 397 2717 in
423 2688 508 2719 bello
534 2689 671 2728 piratii-o
695 2690 830 2729 praefuit

137 2727 197 2758 sub
219 2729 371 2769 Pompeio
393 2730 428 2760 in
451 2731 531 2760 mari
552 2731 673 2767 Tusco,
696 2738 830 2764 aut-tore

136 2768 223 2800 Flor.
250 2770 314 2807 111,
338 2771 367 2802 6.
387 2782 522 2812 quaeque
546 2778 675 2803 tentata
701 2774 829 2805 videtur

136 2819 204 2840 esse
219 2811 259 2842 ad
272 2814 546 2854 corrumpendum
566 2820 600 2844 et
615 2815 758 2845 Gellium
775 2816 829 2846 de-

136 2853 320 2893 serendum,
344 2860 386 2887 ut
410 2856 491 2887 vidit
512 2856 675 2888 Ferratius
697 2867 729 2897 p.
755 2858 829 2890 363.

867 2100 990 2131 Vereor
1010 2105 1122 2131 tamen
1144 2100 1250 2138 valde,
1277 2111 1318 2132 ne
1340 2102 1484 2142 ἐ’μέλκμα
1508 2104 1563 2141 sit,

867 2143 1082 2182 undecunque
1105 2149 1266 2174 sumtum.
1311 2144 1402 2176 Nota
1424 2147 1459 2176 in
1479 2156 1566 2176 mar-

871 2185 945 2223 gine
960 2186 1089 2215 videtur
1099 2186 1196 2216 fuisse
1211 2186 1249 2216 de
1264 2186 1472 2218 incommodo
1488 2188 1566 2218 Gel-

870 2226 918 2264 lii,
939 2228 1024 2266 quod
1043 2227 1118 2257 alibi
1134 2233 1299 2268 repertum
1312 2236 1395 2260 esset
1409 2242 1417 2260 ι
1441 2241 1513 2261 eam
1529 2232 1563 2261 in

869 2273 997 2299 textum
1027 2271 1191 2308 migrasse.
1243 2270 1331 2300 Nam
1356 2278 1469 2302 tamen
1497 2282 1565 2303 non

872 2311 1039 2341 cohaerent
1057 2313 1241 2342 sententiae.
1265 2313 1297 2342 Si
1312 2315 1493 2352 sustuleris,
1510 2324 1568 2346 ne·

872 2363 926 2382 mo
941 2356 1072 2384 sentiat.

915 2398 948 2425 31
977 2395 1260 2435 quanlumfacere
1275 2398 1421 2437 possum]
1447 2400 1569 2430 Facere

870 2437 950 2467 mihi
968 2444 1152 2478 suspectum
1168 2445 1229 2469 est.
1252 2439 1286 2469 Si
1300 2445 1385 2470 esset
1393 2447 1567 2480 prees-tare,

871 2488 937 2508 non
961 2480 1136 2510 haesissem.
1182 2481 1304 2511 Facere
1329 2482 1379 2518 iis,
1403 2493 1476 2521 quae
1493 2494 1569 2524 pro-

871 2521 989 2558 mittit,
1018 2531 1086 2552 non
1117 2524 1292 2554 consentit.
1351 2525 1444 2564 Sapit
1479 2532 1568 2557 certe

870 2563 1022 2602 glossam.
1067 2564 1149 2595 Mox
1190 2565 1254 2595 ΜΞ.
1296 2566 1360 2596 Gu.
1398 2569 1565 2606 polliceor,

870 2605 965 2636 male.
1010 2607 1071 2637 Sed
1093 2607 1139 2637 sic
1163 2612 1198 2637 et
1217 2607 1294 2637 aiibi
1315 2615 1500 2648 peccatum,
1527 2616 1568 2641 ut

870 2648 1042 2686 aliquoties
1056 2649 1253 2680 notavimus.

914 2692 954 2720 32
976 2691 1025 2719 vis
1045 2696 1077 2721 et
1098 2690 1238 2730 injuria]
1267 2691 1325 2722 Vas
1339 2692 1429 2722 abest
1452 2703 1470 2723 a
1486 2693 1567 2726 Mss.

873 2732 1078 2772 quibusdam,
1094 2734 1194 2763 etiam
1211 2734 1275 2764 Gn,
1296 2739 1330 2763 et
1348 2734 1397 2764 ed.
1415 2735 1466 2765 W.
1482 2737 1568 2774 quod

868 2775 1000 2804 Graevio
1023 2775 1182 2814 placebat.
1202 2775 1332 2811 Nescio,
1355 2786 1465 2814 quare.
1512 2778 1569 2807 132

873 2821 904 2847 et
932 2815 1059 2856 injuria
1089 2826 1173 2856 saepe
1199 2817 1285 2856 apud
1314 2818 1506 2850 Ciceronem
1533 2824 1568 2850 et

874 2858 955 2889 alios
969 2859 1226 2898 conjunguntur.
