1769 3174
210 96 308 131 lose
795 95 1053 136 ORATIO

205 197 307 239 huic
346 198 524 254 imperio
563 206 756 255 putaret:
789 201 858 243 sed
899 211 1072 257 propter
1110 199 1195 241 vim
1234 215 1282 242 ac
1320 198 1638 241 multitudinem

207 255 402 311 gentium
434 255 612 307 illarum,
639 271 870 312 numquam
902 269 966 299 est
996 268 1121 299 antea
1151 272 1248 298 cum
1280 257 1480 298 omnibus
1510 257 1637 298 dimi-

208 322 367 352 catum.
400 313 629 354 restitimus
653 329 817 370 semper
838 315 1035 356 lacessiti.
1070 330 1181 355 nunc
1204 315 1386 369 denique
1408 324 1470 354 est
1502 313 1639 369 perfe-

209 379 342 420 ctum,
365 379 412 410 ut
434 370 599 426 imperii
624 372 756 411 nostri
790 382 1078 427 terrarumque
1111 372 1272 412 illarum
1300 372 1407 412 idem
1432 382 1542 412 esset
1563 385 1639 410 ex-

131 418 407 467 14tremum.
446 427 628 483 Alpibus
652 426 820 469 Italiam
847 429 1055 469 munierat
1077 439 1174 468 ante
1199 439 1361 478 natura,
1384 431 1422 458 55
1439 442 1520 468 non
1547 426 1638 467 sine

145 488 195 521 34
209 482 351 538 aliquo
373 484 520 524 divino
543 484 730 525 numine.
755 499 867 535 nam,
887 486 919 525 si
944 486 1011 526 ille
1034 485 1172 525 aditus
1197 484 1417 525 Gallorum
1443 484 1637 524 immani-

211 541 286 580 tati
310 540 658 595 multitndinique
681 542 916 596 patuisset:
952 556 1183 595 numquam
1217 542 1308 581 lianc
1341 542 1437 581 urbs
1470 555 1636 582 summo

208 597 388 652 imperio
422 598 686 638 domicilium
719 613 768 638 ac
802 598 941 638 sedem
980 598 1245 653 praebuisset.
1279 613 1374 652 quae
1406 599 1498 651 jam
1538 598 1637 638 licet

207 655 447 695 considant.
480 654 585 694 nihil
617 663 680 694 est
710 655 822 694 enim
856 655 965 695 ultra
990 655 1099 695 illam
1133 654 1400 694 altitudinem
1425 655 1635 694 montium

207 725 340 766 usque
362 712 412 752 ad
439 711 675 760 Oceanum,
698 712 811 766 quod
837 713 891 752 sit
923 711 1059 752 Itali-<e
1092 711 1492 766 pertimescendum.
1554 710 1636 751 Sed

207 777 347 808 tamen
371 783 453 808 una
475 778 601 823 atque
631 769 761 808 altera
793 779 930 819 aestas,
954 769 1017 809 vel
1050 780 1181 816 metu,
1205 768 1266 808 vs!
1292 783 1378 822 spe,
1404 768 1465 808 vel
1492 781 1635 822 poena,

205 824 271 864 vel
306 826 506 880 praemiis,
540 824 601 864 vel
637 826 778 875 armis,
811 825 874 865 vel
913 825 1077 881 legibus
1110 835 1249 880 potest
1283 836 1416 865 totam
1451 824 1635 865 Galliam

206 883 474 937 sempiternis
497 881 675 922 vinculis
698 882 975 937 adstringere.
1005 883 1210 937 impolitas
1236 897 1332 922 vero
1357 897 1434 931 res,
1457 892 1497 922 et
1521 895 1636 922 acer·

206 939 274 979 bae
298 940 330 979 si
353 949 476 979 erunt
496 939 678 979 relictae:
703 953 960 993 quamquam
984 950 1083 979 sunt
1107 940 1272 988 accisae,
1298 950 1435 979 tumen
1460 938 1638 979 efferent

143 996 193 1029 35
208 1009 250 1035 se
273 995 514 1050 aliquando,
537 1004 579 1035 et
601 996 651 1036 ad
676 996 965 1036 renovandum
991 996 1145 1036 bellum
1171 998 1437 1036 revirescent.
1493 996 1637 1042 Quare

207 1052 262 1092 sit
285 1053 325 1093 in
358 1053 450 1107 ejus
483 1051 615 1092 tutela
646 1052 801 1102 Gallia,
824 1053 945 1105 cujus
970 1053 1131 1102 virtuti,
1155 1053 1267 1102 fidei,
1292 1053 1484 1093 felicitati
1517 1066 1635 1092 com-

206 1110 406 1150 mendata
437 1118 514 1150 est.
577 1109 748 1150 Etenim
781 1111 814 1150 si
853 1111 1036 1150 fortunae
1078 1111 1323 1150 muneribus
1362 1109 1634 1164 amplissimis

205 1177 394 1217 ornatus,
418 1167 626 1222 56saepius
657 1168 748 1222 ejus
780 1167 869 1208 deae
903 1166 1138 1222 periculum
1171 1167 1308 1207 faeere
1341 1166 1492 1207 nollet:
1527 1166 1556 1206 si
1594 1167 1634 1205 in

205 1224 402 1279 patriam,
434 1224 467 1264 si
499 1225 551 1264 ad
583 1224 683 1264 deos
718 1234 903 1279 penates,
936 1225 968 1264 si
1002 1224 1054 1264 ad
1085 1238 1177 1264 eam
1209 1224 1477 1279 (lignitatem,
1508 1237 1636 1278 quam

207 1281 248 1321 in
272 1281 447 1321 civitate
471 1281 551 1321 sibi
583 1283 844 1337 propositam
872 1281 1000 1331 videt,
1024 1281 1056 1321 si
1089 1281 1138 1321 ad
1165 1281 1502 1335 jucundissimos
1535 1280 1636 1320 libe-

206 1352 288 1388 ros,
322 1338 355 1378 si
391 1339 443 1378 ad
483 1338 760 1379 clarissimum
797 1353 999 1394 generum
1040 1338 1174 1378 redire
1213 1348 1484 1394 properaret:
1523 1337 1557 1376 si
1594 1337 1635 1376 in

206 1394 470 1450 Capitolium
503 1395 645 1435 invehi
679 1397 813 1436 victor
844 1410 941 1435 cum
974 1395 1044 1435 illa.
1073 1395 1231 1450 insigni
1264 1395 1404 1435 laurea
1435 1394 1634 1450 gestiret:

204 1451 452 1506 si'denique
485 1453 651 1493 timeret
682 1467 827 1493 casum
859 1452 1057 1507 aliquem,
1089 1452 1160 1506 qui
1195 1452 1252 1492 illi
1287 1462 1451 1492 tantum
1483 1451 1635 1491 addere

196 1508 288 1563 jam
313 1523 397 1549 non
422 1518 577 1563 potest,
599 1520 806 1564 quantum
830 1508 994 1550 auferre
1015 1527 1023 1551 ε
1058 1525 1131 1549 vos
1159 1519 1299 1550 tamen
1333 1517 1550 1564 oporteret
1581 1508 1634 1548 ab

202 1566 352 1606 eodem
395 1566 465 1607 illa
508 1568 666 1616 omnia,
708 1583 732 1607 a
773 1582 858 1621 quo
900 1567 1130 1622 profligata
1169 1577 1280 1616 sunt,
1319 1566 1472 1607 confici
1515 1564 1633 1605 velle.

205 1622 315 1663 Cum
341 1638 438 1664 vero
471 1623 538 1664 ille
569 1639 655 1664 suae
688 1624 835 1679 gloriae
860 1623 1135 1679 jampridem,
1167 1624 1413 1679 reipublic-213
1443 1622 1633 1663 nondum

205 1679 472 1731 satisfecerit,
510 1693 553 1720 et
593 1680 711 1721 malit
749 1690 891 1721 tamen
935 1681 1093 1721 tardius
1137 1681 1187 1721 ad
1229 1695 1399 1720 suorum
1441 1680 1633 1720 laborum

204 1736 367 1778 fructus
392 1737 623 1793 pervenire,
643 1753 768 1792 quam
795 1753 876 1779 non
906 1738 1078 1793 explere
1109 1748 1352 1793 susceptum
1387 1737 1633 1792 reipublicae

158 1801 188 1831 b.
203 1809 356 1835 munus
379 1812 387 1836 :
421 1809 498 1836 nee
530 1795 845 1850 imperatorem,
869 1796 1085 1835 incensum
1109 1795 1159 1834 ad
1187 1794 1494 1850 rempublicam
1530 1794 1634 1833 bene

202 1852 446 1906 gerendam,
489 1866 701 1902 revocare,
743 1866 820 1892 nec
871 1862 1004 1892 totam
1055 1851 1210 1893 Gallici
1264 1852 1357 1892 belli
1410 1851 1633 1900 rationem,

166 1955 185 1964 ν
202 1923 334 1963 prope
349 1909 441 1964 jam
463 1909 737 1964 explicatam,
759 1910 1004 1965 perturbare
1026 1919 1152 1964 atque
1177 1909 1382 1964 impedire
1404 1909 1622 1948 debemus.

122 1956 187 2002 ῙΟ
260 1965 372 2007 Nam
395 1966 477 2007 illae
500 1967 722 2007 sententiae
749 1967 935 2007 virorum
966 1966 1295 2006 clarissimorum
1327 1966 1504 2005 minime
1537 1979 1633 2020 pro-

135 2022 353 2064 sebandae
396 2032 518 2064 sunt:
562 2038 742 2078 quorum
785 2023 889 2064 alter
929 2023 1169 2063 ulteriorem
1216 2022 1399 2064 Galliam
1442 2021 1633 2063 decernit

198 2093 294 2119 cum
330 2080 466 2135 Syria,
496 2079 601 2120 alter
631 2080 887 2121 citeriorem.
948 2081 1035 2126 Qui
1070 2080 1342 2130 ulteriore1n3
1374 2079 1517 2120 omnia
1549 2077 1631 2128 illa,

193 2135 252 2176 >de
282 2137 437 2191 quibus
470 2137 646 2178 disserui
683 2137 822 2192 paullo
859 2148 972 2188 ante,
1008 2138 1243 2193 perturbat,
1275 2136 1399 2176 simul
1431 2135 1632 2185 ostendit,

198 2195 237 2226 57
253 2208 346 2234 eam
369 2208 412 2234 se
434 2195 612 2236 sciscere
644 2194 796 2250 legem,
819 2209 946 2250 quam
977 2209 1066 2235 esse
1098 2195 1234 2251 legem
1267 2202 1424 2249 neget:
1457 2202 1513 2244 et,
1535 2207 1631 2247 qua:

241 2369 280 2397 55
302 2376 365 2396 mm
387 2367 455 2396 siue
478 2367 585 2406 aliquo
612 2367 719 2395 divino
746 2367 892 2406 numine]

199 2408 280 2439 Edd.
303 2409 357 2439 W.
381 2409 476 2439 «lunt.
502 2409 636 2438 numine
658 2409 775 2439 tiit-ino.
823 2409 895 2439 Hoc

199 2450 396 2489 intelligitur
419 2460 475 2490 per
492 2460 524 2479 se
540 2451 572 2479 in
588 2451 738 2490 operibus
756 2456 893 2480 natur-m.

197 2492 261 2523 Sed
283 2492 399 2522 dixisse
422 2498 502 2532 puto
526 2492 729 2529 Ciceronem,
746 2493 830 2531 quod
846 2502 895 2522 see

197 2535 372 2574 quentibus
401 2535 514 2564 melius
542 2535 706 2570 convenit,
735 2545 795 2564 nrm
825 2536 893 2564 sine

197 2578 306 2615 aliquo
328 2586 461 2606 munere
477 2576 593 2606 divino.
608 2576 702 2615 quale
720 2576 750 2606 id
774 2586 892 2607 munus

198 2618 344 2648 divinum
360 2620 414 2654 sit,
430 2619 598 2657 sequentia
613 2619 742 2647 docent.

241 2661 281 2691 56
296 2661 410 2699 saepius
424 2660 494 2700 ejus
509 2660 574 2689 dece
585 2661 768 2699 periculam
784 2659 894 2695 facere

196 2702 308 2741 nollet]
326 2702 412 2741 Quid
427 2707 475 2732 est
486 2703 669 2741 periculum
683 2702 890 2741 dea‘faoerel

198 2743 244 2773 nil
272 2744 405 2774 stultius
433 2745 495 2774 dici
525 2751 644 2784 potest.
698 2745 890 2774 Persuasum

196 2785 276 2816 mihi
291 2792 352 2823 est,
370 2787 560 2817 Ciceronem
575 2787 755 2826 scripsisse:
779 2787 893 2825 sceptus

196 2827 339 2868 ejusdem
364 2829 552 2869 periculum
569 2828 690 2869 facere
720 2831 816 2866 uolet,
846 2837 890 2858 sc.

938 2367 1093 2403 fortunae,
1110 2367 1202 2405 cujus
1216 2367 1422 2406 amplissimis
1445 2365 1633 2396 muneribus

937 2419 1011 2439 eum
1029 2415 1181 2439 ornatum
1198 2409 1287 2439 dicit.
1320 2409 1419 2439 Favet
1433 2408 1544 2438 ed.W.
1562 2418 1633 2447 qua·

938 2451 1035 2481 habet
1050 2450 1192 2488 ejusdem
1209 2452 1283 2480 dem.

980 2495 1015 2526 57
1041 2503 1112 2522 eam
1140 2503 1171 2522 se
1192 2495 1323 2523 sciscere
1346 2494 1448 2531 legem
1472 2491 1546 2531 Sum]
1572 2491 1632 2522 Le-

935 2545 1007 2573 gem
1024 2535 1203 2571 Uatiniani,
1220 2545 1282 2574 qua
1296 2536 1414 2566 Czrsari
1431 2534 1537 2564 Gallia
1553 2535 1632 2564 citc-

937 2577 1001 2606 rior
1017 2587 1090 2605 eum
1115 2576 1243 2616 Illyrico
1266 2577 1341 2607 data
1363 2584 1423 2606 est.
1469 2576 1563 2606 Hanc
1586 2576 1631 2606 le-

936 2629 1008 2658 gem
1032 2619 1111 2648 dicit
1133 2629 1208 2648 euni
1231 2620 1360 2648 sciscere
1383 2619 1417 2655 (i.
1432 2630 1459 2648 e.
1475 2618 1626 2657 probare)

936 2662 1032 2690 verbo
1058 2661 1188 2699 proprio
1214 2661 1388 2691 ferentium
1415 2660 1568 2698 suffragia
1591 2661 1630 2691 de

934 2702 1003 2741 lege
1019 2714 1025 2731 ς
1059 2702 1144 2741 quod
1181 2703 1235 2733 ille
1271 2703 1454 2733 citeriorem
1487 2702 1628 2733 Galliam

935 2744 1054 2774 Caesari
1078 2745 1294 2783 relinquebat,
1310 2755 1383 2775 cum
1403 2744 1560 2775 adimeret
1582 2745 1629 2774 al-

934 2791 1052 2823 teram,
1065 2797 1133 2824 quae
1150 2797 1166 2815 a
1181 2792 1295 2816 senatu
1311 2787 1386 2817 data
1399 2794 1481 2823 erat,
1492 2797 1565 2816 eum
1579 2793 1629 2816 ta-

936 2838 1011 2858 men
1027 2829 1131 2868 ligem
1147 2828 1236 2860 illam
1253 2838 1318 2860 non
1335 2829 1441 2860 valere
1456 2829 1578 2866 credat,
1595 2835 1628 2858 et
