1785 3185
455 105 572 143 PRO
598 103 642 140 T.
671 100 868 139 ANNIO
895 101 1146 138 MILONE.
1420 100 1516 140 1167

83 209 227 250 statim
252 207 466 249 Favonius
488 205 656 247 detulit.
693 203 872 245 Interim
896 218 994 245 cum
1016 204 1144 245 sciret
1168 203 1345 245 Clodius
1366 205 1424 256 (35
1441 216 1514 243 ne·
1533 192 1600 240 10

81 279 163 320 que
194 265 308 306 enim
331 273 422 305 erat
443 262 618 304 difficile
650 261 775 310 scire)
799 261 879 301 iter
906 260 1123 312 sollemne,
1154 260 1409 316 legitimum,
1441 273 1514 300 ne-
1526 265 1577 303 ‘27

77 323 322 373 cessarium,
347 330 445 362 ante
466 320 579 361 diem
605 333 702 360 x111
740 317 954 359 Kalendas
987 316 1092 358 Feb.
1117 316 1274 358 Miloni
1307 331 1397 358 esse
1434 317 1514 357 La-

77 380 253 419 nuvium
276 379 327 419 ad
355 378 572 419 flaminem
597 375 878 432 prodendum,
901 375 1017 429 quod
1039 382 1129 415 erat
1155 373 1340 414 dictator
1373 374 1513 414 Lanu-

74 435 132 476 vii
164 435 305 477 Milo:
346 435 486 476 Roma
518 434 661 474 subito
694 433 784 489 ipse
814 431 1032 488 profectus
1064 430 1202 487 pridie
1235 440 1312 479 est,
1336 440 1382 471 ut
1414 440 1513 471 ante

77 507 199 533 suum
223 493 401 534 fundum
426 491 560 547 (quod
584 505 626 531 re
650 489 913 530 intellectum
939 489 1021 538 est)
1046 487 1204 528 Miloni
1229 487 1403 527 insidias
1425 487 1512 528 col-

74 549 246 590 locaret.
308 548 452 605 Atque
482 549 542 589 ita
574 547 790 604 profectus
813 556 892 597 cst,
925 556 972 586 ut
1002 545 1256 586 concionem
1291 543 1511 585 turbulen-

75 617 176 658 tam,
200 607 243 648 in
265 622 350 663 qua
371 607 464 661 ejus
486 606 604 647 furor
626 604 889 645 desideratus
912 611 990 654 est,
1012 617 1109 658 quae
1133 601 1205 642 illo
1229 603 1322 657 ipso
1345 601 1414 642 die
1436 600 1510 640 lia-

76 663 169 704 bita
189 674 268 716 cst,
291 664 571 719 relinqueret:
604 676 747 717 quam,
769 661 849 702 nisi
874 660 994 701 obire
1014 659 1216 700 facinoris
1239 661 1380 699 locum
1402 667 1509 699 tem-

73 735 238 784 pusque
270 722 486 771 voluisset,
518 733 750 773 numquam
784 717 1038 773 reliquisset.
1099 716 1212 757 Milo
1234 725 1375 756 autem
1409 730 1506 756 cum
1521 726 1572 760 28

72 792 114 817 1n
139 787 287 819 senatu
312 777 461 819 fuisset
482 792 533 817 eo
555 777 638 826 die,
657 775 799 830 quoad
822 784 992 815 senatus
1015 774 1214 815 dimissus
1233 781 1311 823 est,
1330 773 1506 813 domum

70 836 213 878 venit:
245 835 410 876 calceos
440 844 483 875 ct
514 833 770 874 vestimenta
806 832 1014 872 mutavit:
1047 831 1291 886 paullisper,
1324 830 1425 871 dum
1462 845 1507 870 se

70 906 181 933 uxor
211 897 279 946 (ut
308 892 376 943 fit)
398 898 634 946 comparat,
657 898 946 930 commoratus
977 897 1066 930 est:
1098 888 1253 929 deinde.
1287 887 1505 943 profectus

68 957 133 989 est
156 949 197 990 id
222 950 440 1004 temporiS,
463 962 561 988 cum
577 946 669 1002 jam
696 945 889 996 Clodius,
913 945 1121 1000 siquidem
1144 960 1195 985 eo
1217 944 1286 985 die
1320 944 1504 985 Romam

67 1015 270 1047 venturus
292 1016 397 1056 erat,
420 1005 555 1046 redire
579 1003 805 1059 potuisset.
865 1002 1054 1044 Obviam
1077 1002 1128 1043 fit
1149 1002 1187 1043 ei
1213 1001 1406 1052 Clodius,
1429 1017 1506 1042 ex-

67 1063 254 1117 peditus,
285 1063 328 1104 in
360 1077 486 1118 equo,
516 1061 631 1102 nulla
662 1060 806 1111 rheda,
843 1059 969 1100 nullis
1006 1059 1339 1115 impedimentis,
1378 1058 1503 1100 nullis

68 1119 236 1161 Graecis
258 1120 508 1170 comitibus,
530 1128 578 1159 ut
611 1118 788 1168 solebat,
820 1117 912 1158 sine
945 1131 1095 1168 uxore,
1118 1117 1232 1172 quod
1267 1130 1504 1170 numquam

64 1177 152 1218 fere
172 1194 181 1219 :
213 1192 312 1218 cum
332 1177 402 1218 hic
422 1176 660 1225 insidiator,
681 1175 755 1230 qui
779 1174 857 1215 iter
876 1173 979 1215 illud
1003 1174 1054 1214 ad
1074 1175 1236 1215 caedem
1260 1173 1501 1214 faciendam

63 1244 324 1290 apparasset,
364 1249 463 1275 cum
507 1247 640 1273 uxore
684 1231 906 1272 veheretur
956 1231 999 1271 in
1054 1231 1199 1282 rheda,
1245 1230 1500 1286 paenulatus,

59 1293 103 1321 ³⁶
116 1306 275 1347 magno
302 1292 626 1347 impedimento,
658 1303 707 1330 ac
740 1288 934 1329 muliebri
966 1297 1010 1328 et
1040 1288 1224 1329 delicato
1247 1287 1495 1329 ancillarum

64 1362 379 1404 puerorumque
409 1348 632 1389 comitatu.
694 1346 765 1386 Fit
794 1345 966 1387 obviam
999 1344 1155 1386 Clodio
1187 1354 1285 1385 ante
1314 1344 1494 1385 fundum
1507 1345 1558 1380 ζ39

64 1405 171 1459 ejus,
193 1405 298 1446 hora
320 1405 406 1446 fere
429 1405 668 1453 undecima,
690 1413 764 1443 aut
785 1418 872 1444 non
893 1402 1030 1443 multo
1053 1417 1189 1444 secus.
1212 1402 1357 1442 statim
1376 1417 1495 1443 com-

62 1461 203 1517 plures
222 1477 320 1504 cum
344 1463 436 1503 telis
456 1462 499 1503 in
522 1462 635 1502 hunc
655 1460 820 1501 faciunt
841 1460 894 1500 de
914 1460 1009 1501 loco
1029 1460 1246 1516 superiore
1268 1459 1491 1514 impetum.

62 1519 227 1561 adversi
250 1520 492 1561 rhedarium
515 1518 733 1560 occidunt.
753 1531 850 1558 cum
874 1526 1016 1559 autem
1040 1517 1111 1558 hic
1142 1517 1195 1558 de
1218 1515 1363 1567 rheda,
1385 1517 1493 1571 reje-
1505 1527 1535 1556 1>-
1555 1518 1623 1549 107-

60 1584 133 1617 cta
163 1577 347 1633 paenula,
374 1576 628 1626 desiluisset,
659 1588 788 1630 seque
817 1575 903 1615 acri
939 1575 1083 1616 animo
1114 1573 1385 1615 defenderet:
1418 1569 1534 1624 illis*

61 1633 135 1688 qui
157 1644 279 1674 erant
299 1649 397 1675 cum
422 1634 591 1684 Clodio,
626 1632 780 1689 gladiis
801 1631 982 1683 eductis,
1013 1632 1168 1687 partim
1194 1645 1407 1672 recurrere
1441 1630 1496 1671 ad

59 1690 250 1743 rhedam,
273 1699 321 1731 ut
342 1706 366 1731 a
386 1701 506 1748 tergo
523 1689 735 1731 Milonem
757 1689 1039 1730 adorirentur.
1061 1688 1360 1745 partim‚quod
1380 1687 1496 1728 hunc

51 1746 148 1801 jam
170 1747 445 1790 interfectum
467 1756 682 1805 putarent,
705 1746 870 1788 caedere
892 1746 1107 1802 incipiunt
1127 1745 1218 1800 ejus
1242 1759 1399 1793 δεῖνος,
1422 1745 1492 1800 qui

56 1813 157 1860 post
185 1814 330 1847 erant:
361 1820 416 1846 ex
447 1805 604 1862 quibus
639 1804 712 1860 qui
742 1803 937 1844 37animo
968 1803 1082 1844 fideli
1123 1803 1165 1843 in
1196 1803 1418 1843 dominum
1450 1812 1494 1842 et

56 1863 257 1916 praesenti
289 1861 475 1913 fuerunt,
507 1862 663 1919 partim
685 1860 815 1902 occisi
849 1870 962 1911 sunt,
986 1860 1157 1916 partim,
1179 1874 1276 1901 cum
1311 1860 1362 1900 ad
1397 1858 1492 1899 rhe-

55 1918 155 1959 dam
177 1920 359 1975 pugnari
381 1920 589 1971 viderent,
608 1928 651 1960 et
672 1918 849 1959 domino
872 1932 1117 1959 succurrere
1147 1917 1491 1973 prohiberentur,

55 1974 356 2032 Milonemque
386 1978 575 2018 occisum
606 1976 737 2017 etiam
767 1989 822 2016 ex
856 1975 950 2030 ipso
973 1974 1129 2015 Clodio
1151 1974 1363 2024 audirent,
1394 1976 1433 2004 38
1447 1982 1491 2013 et

54 2031 117 2073 ita
139 2047 230 2074 esse
254 2043 468 2090 putarent,
492 2034 685 2075 fecerunt
720 2032 764 2073 id
800 2032 928 2086 [servi
968 2031 1168 2083 Milonis]
1191 2031 1351 2084 (dicam
1373 2030 1488 2070 enim

51 2102 139 2130 non
163 2091 384 2133 derivandi
407 2091 596 2133 criminis
618 2104 760 2140 causa,
781 2089 853 2130 sed
878 2098 927 2129 ut
949 2088 1109 2129 factum
1131 2090 1228 2138 est,)
1252 2102 1389 2142 neque
1407 2087 1487 2127 im-

50 2156 242 2203 perante,
264 2163 403 2204 neque
432 2149 608 2199 sciente,
629 2160 767 2202 neque
798 2155 1009 2202 praesente
1030 2145 1221 2196 domino,
1242 2145 1356 2200 quod
1387 2159 1485 2185 suos
1501 2169 1523 2214 1
1540 2169 1564 2215 l

51 2218 233 2262 quisque
254 2220 397 2248 servos
420 2206 464 2247 in
486 2205 560 2247 tali
582 2219 627 2246 re
648 2204 788 2245 faeere
806 2203 1024 2245 voluisset.
1072 2201 1198 2254 Haec‚
1218 2202 1329 2243 sicut
1349 2216 1483 2258 expo·
1495 2239 1548 2273 30

788 2352 856 2374 esse
872 2343 904 2373 in
919 2336 1095 2374 contrario.
1127 2341 1215 2372 Tum
1230 2341 1288 2372 illa
1301 2341 1486 2381 frequentia

788 2385 1023 2426 epithetmmn,
1040 2394 1172 2423 magna,
1189 2380 1353 2424 impedito,
1369 2385 1485 2414 mulie-

789 2428 850 2464 bri,
865 2428 1014 2464 delicato,
1031 2437 1096 2457 non
1112 2427 1231 2466 placet.

830 2473 869 2504 37
885 2469 1021 2510 a.fideli
1034 2471 1068 2499 in
1082 2470 1115 2499 d.
1132 2473 1162 2499 et
1172 2478 1228 2508 pr.
1241 2467 1396 2508 fuerunt]
1419 2467 1483 2498 Lo-

786 2521 842 2542 cus
858 2512 910 2542 hic
926 2512 1011 2542 varie
1028 2512 1160 2541 vitiatus
1176 2517 1226 2542 est
1241 2512 1273 2542 in
1291 2511 1391 2541 libris.
1429 2509 1481 2540 Sic

786 2555 909 2585 habent
927 2555 1006 2585 Mss.
1022 2554 1184 2584 meliores.

828 2599 868 2627 38
891 2601 922 2626 et
943 2598 993 2626 ita
1015 2606 1079 2626 esse
1095 2594 1269 2635 putarem]
1295 2594 1440 2624 Graevius
1462 2604 1480 2623 e

93 2346 134 2376 35
154 2355 187 2377 η.
201 2356 228 2376 e.
245 2355 274 2377 e.
289 2345 422 2388 difficile
442 2345 537 2385 scire]
562 2344 653 2375 Libri
675 2343 747 2383 qui-

50 2385 126 2417 dam
155 2387 281 2419 addunt
306 2398 328 2418 α
357 2389 554 2419 Lanuvinis.
587 2387 747 2428 probabat

52 2428 211 2461 Graevius.
228 2435 278 2461 est
293 2430 409 2470 glossa.

93 2472 133 2502 36
144 2482 264 2511 magno
272 2474 511 2513 impedimento,
522 2482 562 2503 αι·
574 2472 654 2502 mul.
667 2468 742 2508 δια]

50 2511 144 2543 Nihil
166 2514 266 2551 aliud,
284 2525 382 2555 quam
403 2515 497 2553 vulgi
519 2513 634 2550 delevi,
657 2513 743 2551 quod

50 2564 72 2585 a
93 2555 184 2585 bonis
212 2557 290 2587 Mss.
320 2558 422 2587 abest.
467 2557 612 2586 Graevins
634 2554 740 2585 e'Ms.

52 2595 123 2627 Erf.
148 2602 188 2628 ut
211 2598 373 2629 Fabricius
395 2609 433 2629 ex
455 2598 534 2635 alio,
557 2598 645 2628 dedit
671 2606 742 2627 ma-

48 2647 116 2677 gno
129 2643 160 2669 et
173 2640 335 2679 impedito,
351 2650 390 2671 ac
405 2650 448 2671 m.
464 2640 549 2680 quod
573 2639 653 2670 mihi
675 2648 742 2668 non

50 2680 178 2720 placere
201 2682 322 2721 potuit.
343 2682 495 2723 impedito
517 2693 534 2712 e
549 2680 743 2721 compendio

51 2727 167 2752 natum
195 2727 256 2754 est.
299 2724 527 2764 Comparanda
557 2724 628 2754 haec
664 2727 742 2753 sunt

51 2773 128 2793 cum
150 2764 202 2801 iis,
218 2774 291 2804 quae
313 2770 389 2796 ante
412 2766 450 2796 de
466 2765 580 2796 Clodio
594 2765 741 2796 dixerat:

47 2805 87 2835 in
121 2806 236 2844 quibus
271 2812 348 2837 sunt
376 2808 618 2848 irnpedz‘razenta,
648 2816 744 2844 umor,

54 2847 168 2885 rheda,
184 2849 322 2880 comites.
345 2849 414 2880 haec
426 2850 542 2881 omnia
555 2849 675 2881 debent
691 2848 745 2878 hic

785 2638 849 2669 ΜΞ.
875 2638 998 2669 addidit
1022 2647 1146 2668 revera.
1173 2648 1239 2667 non
1265 2637 1358 2666 bene.
1383 2640 1432 2665 est
1461 2645 1482 2665 a

786 2680 964 2720 glossatore
987 2690 1102 2720 parurn
1121 2680 1230 2710 latine·
1246 2678 1353 2708 docto.
1399 2678 1480 2708 Mox

784 2723 870 2752 servi
883 2723 1017 2753 llIilom's
1031 2723 1099 2752 sine
1115 2722 1212 2751 dubio
1228 2719 1401 2750 delendum
1416 2725 1479 2756 est,

787 2764 873 2803 quod
887 2765 1009 2804 pariter
1023 2774 1042 2794 a
1056 2764 1235 2803 glossatore
1255 2761 1401 2791 additum
1417 2766 1478 2792 est.

786 2807 948 2843 Arbitror,
971 2816 1134 2845 quemque
1155 2804 1361 2836 admonitum
1387 2804 1480 2844 agni·-

786 2853 901 2878 turum
915 2857 996 2879 esse.

700 2897 831 2932 462
