1812 3147
0 858 1 863 ¹
57 855 186 884 causa
214 843 313 884 solis
345 844 495 885 vestris
526 844 766 885 cervicibus
800 843 1034 885 sustinetis.

412 109 520 149 PRO
546 108 704 148 DOMO
730 109 834 149 SUA
857 108 934 149 AD
958 108 1164 153 PONTIF.
1435 114 1513 153 895

65 213 313 270 immigrare
334 213 552 255 nolebant.
577 214 720 269 itaque
741 213 864 255 istius
884 215 1177 256 vecordissimi
1200 223 1389 258 mentem
1408 232 1512 259 cura

64 279 270 326 metuque
293 273 523 313 terrebant.
586 270 671 311 Res
702 285 803 312 vero
827 271 1015 327 publica,
1037 287 1299 327 quamquam
1321 283 1412 314 erat
1433 290 1511 316 ex-

62 328 293 369 terminata
314 342 498 379 mecum,
522 338 665 369 tamen
694 329 1004 370 obversabatur
1035 337 1135 370 ante
1166 329 1313 370 oculos
1344 333 1510 373 exstin-

6 398 7 404 ’
62 386 194 426 ctoris
217 386 296 437 sui,
320 395 363 426 et
393 386 447 427 ab
472 385 593 426 istius
625 386 894 427 inflammato
916 395 1044 441 atque
1079 386 1220 442 ignito
1242 386 1386 427 furore
1411 389 1509 441 jam

64 450 156 483 tum
183 456 252 483 me
285 457 414 498 seque
448 443 682 499 repetebat.
744 442 890 489 Quare
922 443 1025 498 quid
1056 454 1121 484 est
1152 443 1325 494 mirum,
1357 444 1390 484 si
1425 445 1508 486 iste

55 506 200 540 metus
234 499 377 540 furore
410 500 652 551 instinctus,
682 499 838 541 scelere
868 514 1076 556 praecepS,
1106 514 1244 556 neque
1282 500 1506 542 institutas

59 557 338 598 caeremonias
361 558 572 614 persequi,
596 572 732 613 neque
756 559 932 599 verbum
963 557 1095 599 ullum
1124 557 1328 600 sollemne
1357 560 1505 613 potuit

57 611 208 656 effari?

116 670 229 718 Quae
259 686 357 713 cum
391 671 451 712 ita
481 671 580 723 sint,
609 671 851 727 pontifices,
881 678 1079 713 revocate
1104 670 1199 726 jam
1229 670 1396 713 animos
1428 686 1498 713 ve·
1512 660 1584 715 56

56 734 166 768 stros
189 728 244 769 ab
267 728 346 771 hac
370 729 516 770 subtili
540 737 686 770 nostra
705 729 999 785 disputatione
1030 729 1084 770 ad
1112 728 1354 770 universam
1389 744 1499 771 rem·
1513 738 1588 773 142

55 785 290 840 publicam,
307 801 436 842 quam
458 795 584 828 antea
604 801 704 827 cum
728 787 828 828 viris
846 785 1031 828 fortibus
1050 785 1212 838 multis,
1231 786 1276 827 in
1298 786 1379 828 hac
1399 802 1499 829 vero

1093 845 1133 874 38
1145 843 1281 884 Vobis
1312 844 1501 886 universi

53 908 228 941 ‚senatus
256 912 464 957 perpetua
492 902 740 953 auctoritas,
761 904 802 936 39
815 901 883 942 cui
907 900 1159 956 vosmetipsi
1195 902 1501 956 praestantissi-

53 956 114 997 mi
137 971 304 1014 sempcr
335 960 377 1000 in
404 973 499 1000 mea
518 973 647 1000 causa
677 957 936 1015 praefuisti53
968 958 1090 999 vobis
1125 956 1265 1001 Italiae
1298 959 1502 1015 magnifi-

54 1015 326 1057 centissimus
358 1015 426 1057 ille
458 1024 616 1067 motus,
638 1016 1061 1073 municipiorumque
1082 1029 1341 1068 concursus3
1376 1017 1501 1058 vobis

0 1115 1 1120 ¹
53 1085 247 1128 campuS,
281 1073 657 1128 centuriarumque
698 1087 784 1114 una
822 1088 907 1115 vox
947 1072 1157 1124 omnium,
1199 1087 1380 1128 quarum
1422 1089 1501 1115 vos

54 1128 271 1186 principes
304 1140 433 1187 atque
474 1139 670 1172 auctores
709 1130 867 1182 fuistis,
907 1130 1031 1172 vobis
1065 1143 1215 1171 01111105
1255 1131 1499 1182 societates,

0 1209 1 1212 =
53 1199 202 1227 omnes
225 1188 410 1240 ordines,
432 1202 595 1240 omnes,
615 1191 657 1219 40
670 1188 744 1244 qui
775 1197 850 1229 aut
883 1202 941 1239 re,
972 1196 1046 1228 aut
1078 1201 1153 1243 spe
1180 1187 1366 1243 denique
1398 1199 1499 1230 sunt

53 1242 182 1295 bona,
205 1259 333 1286 omne
355 1246 478 1287 vobis
499 1260 602 1302 erga
631 1260 770 1287 meam
792 1245 1050 1301 (lignitatem
1081 1245 1286 1296 studium,
1307 1254 1351 1285 et
1375 1245 1499 1301 judi-

51 1300 168 1342 cium
201 1316 285 1343 non
323 1303 451 1344 modo
482 1304 775 1354 commissum,
806 1317 951 1344 verum
984 1302 1116 1343 etiam
1145 1303 1495 1345 commendatum

52 1371 145 1398 esse
177 1360 453 1402 arbitrantur.
514 1360 714 1416 Denique
746 1360 828 1416 ipsi
864 1360 923 1401 (111
959 1359 1236 1410 immortales,
1276 1360 1351 1415 qui
1381 1360 1493 1403 hanc
1507 1368 1581 1403 143

51 1416 203 1457 urbem
225 1427 354 1472 atque
384 1417 467 1459 hoc
494 1418 723 1474 imperium
745 1426 933 1469 tuentur,
954 1426 1003 1458 ut
1023 1425 1135 1458 esset
1156 1417 1357 1458 omnibus
1388 1432 1494 1474 gen-

51 1472 166 1513 tibus
190 1475 516 1530 posteritatique
538 1476 827 1531 perspicuum,
845 1475 994 1515 divino
1014 1488 1081 1515 1110
1102 1474 1279 1515 numine
1299 1489 1391 1515 esse
1413 1476 1497 1517 rei-

51 1530 238 1584 publicae
262 1532 490 1581 redditum,
513 1533 674 1574 idcirco
692 1532 799 1574 mihi
824 1532 1023 1573 videntur
1045 1531 1234 1573 fructum
1266 1531 1406 1587 ipsum
1429 1547 1495 1574 re·-

50 1586 164 1627 ditus
186 1598 230 1628 et
250 1589 550 1645 gratulationis
573 1604 696 1641 meae,
718 1590 771 1631 ad
795 1604 968 1630 suorum
1000 1589 1272 1630 sacerdotum
1302 1599 1494 1645 potesta-

51 1652 136 1685 tem
153 1645 457 1702 judiciumque
477 1661 713 1688 revocasse.
774 1646 863 1688 Hic
885 1655 950 1688 est
970 1646 1085 1687 enim
1118 1646 1293 1697 reditus,
1317 1648 1494 1702 pontifi-

49 1716 134 1752 ces,
157 1702 258 1743 haec·
274 1704 504 1756 restitutio,
527 1704 571 1745 111
593 1704 738 1756 domo,
759 1704 804 1745 111
827 1704 1013 1756 sedibus,
1036 1703 1077 1744 in
1111 1703 1209 1755 aris,
1232 1703 1275 1744 in
1298 1703 1422 1755 focis,
1447 1705 1536 1746 inb.

49 1758 130 1800 diis
154 1761 380 1815 penatibus
403 1762 718 1817 recuperandis.
741 1776 925 1817 quorum
947 1761 982 1802 si
1005 1761 1085 1802 iste
1107 1761 1194 1801 suis
1218 1759 1493 1803 sceleratissi-

49 1817 131 1857 mis
163 1817 362 1859 manibus
386 1828 499 1860 tecta
521 1819 725 1875 sedesque
755 1819 983 1860 convellit:
1016 1818 1284 1873 ducibusque
1305 1819 1494 1860 consuli-

50 1873 146 1924 bus,
170 1883 388 1930 tamquam
407 1877 513 1917 urbe
534 1888 675 1932 capta,
697 1877 808 1917 hanc
833 1891 960 1917 unam
983 1875 1176 1927 domum,
1197 1875 1319 1931 quasi
1338 1877 1494 1917 acerri-

50 1931 109 1971 mi
131 1934 479 1988 propugnatoris,
502 1934 583 1975 sibi
605 1934 829 1976 delendam
852 1934 1046 1990 putavit:
1080 1942 1224 1974 tamen
1253 1931 1312 1973 illi
1336 1933 1396 1974 dii
1418 1948 1495 1989 pe-

49 1996 169 2030 nates
199 2004 249 2031 ac
277 1990 506 2033 familiares
536 1992 637 2044 mei,
658 2005 734 2048 per
757 2006 831 2033 vos
866 1992 910 2032 in
945 2004 1085 2032 meam
1113 1989 1291 2031 domum
1320 2004 1492 2032 mecum

85 2139 125 2170 38
154 2135 247 2168 Vbtn‘s
276 2137 368 2168 univ.
396 2141 528 2168 senatus
555 2138 628 2178 δια]
662 2137 744 2169 Haec

44 2179 194 2220 periodus
231 2188 298 2209 11011
333 2179 416 2210 bene
446 2180 601 2218 eohaeret,
629 2185 744 2219 estque

43 2224 210 2252 structura
235 2221 432 2256 ὧνκκόλεθος.
475 2222 564 2253 Nam
586 2223 672 2262 quod
693 2228 744 2254 est

43 2263 79 2294 in
107 2264 173 2295 fruc
209 2265 474 2302 arbitrabuntur,
517 2274 585 2295 non
625 2275 742 2296 conve-

44 2306 96 2337 nit
129 2307 253 2347 primis.
293 2307 449 2338 Ceterum
478 2306 625 2338 Graevius
659 2308 742 2339 bene

43 2347 106 2379 hoc
127 2349 262 2388 corrigit
276 2350 497 2386 arbim-antz-rr,
515 2360 555 2380 ex
576 2360 640 2389 quo
655 2351 742 2381 arbi-

42 2390 233 2428 trahantur,
261 2396 300 2422 ut
334 2392 458 2423 habent
484 2391 560 2423 libri
595 2393 739 2431 quidam,

41 2433 143 2464 etiam
156 2433 219 2464 Gu.
233 2438 263 2464 εἰ
279 2435 530 2465 arbitrabuntur
546 2435 683 2466 factum.

83 2478 124 2510 39
149 2476 201 2505 cui
222 2478 404 2516 vosmetipsi
425 2478 688 2515 pra-stantissimz·
713 2488 738 2508 s.

43 2515 118 2556 δια]
134 2517 405 2549 Praestantissima
419 2519 572 2549 vitiosum
587 2528 667 2556 esse,
684 2521 737 2559 qui

41 2559 232 2597 attenderit,
270 2561 363 2591 facile
403 2562 536 2597 sentiet,
573 2562 738 2602 sensitque

42 2599 225 2632 Manutius.
257 2603 375 2633 Latere
389 2607 500 2634 tamen
516 2604 549 2633 in
564 2613 602 2633 eo
617 2604 739 2643 aliquid

42 2642 180 2675 videtur.
223 2644 363 2684 Quidam
390 2655 557 2676 correxere
578 2650 740 2685 proesfcm-

40 2685 173 2722 tissime,
188 2687 347 2726 probante
361 2687 453 2718 valde
468 2687 606 2717 Graevio.
652 2688 736 2719 Mihi

40 2734 109 2757 non
133 2727 250 2768 placet.
294 2729 412 2759 Sensus
439 2734 508 2759 est:
531 2731 566 2760 in
593 2739 657 2769 quo
681 2740 736 2760 vos

39 2777 169 2809 semper
192 2770 227 2800 in
251 2772 364 2810 primis
389 2771 561 2811 participes
584 2772 737 2802 consilio-

41 2818 116 2841 rum
138 2811 177 2842 de
200 2811 305 2843 salute
331 2823 404 2843 mea
425 2814 545 2850 fuistis,
569 2818 604 2844 et
629 2824 735 2850 meam

41 2861 171 2886 causam
185 2854 306 2895 egistis.
322 2864 353 2888 ν.
367 2855 458 2887 Clav.
473 2856 507 2886 iu
515 2865 662 2897 proeesse.
685 2857 735 2886 An

786 2138 901 2168 Cicero
917 2138 1046 2178 scripsit
1053 2137 1304 2177 praesentissime
1315 2138 1332 2167 ‚¹³

827 2183 869 2211 40
891 2181 947 2220 qui
970 2184 1031 2210 aut
1056 2189 1092 2209 re
1115 2184 1173 2210 aut
1200 2178 1382 2219 spe—boni]
1410 2178 1489 2209 Non

785 2222 976 2253 intellexere
997 2221 1060 2252 hoc
1085 2222 1145 2253 viri
1172 2221 1273 2259 docti,
1296 2223 1352 2261 qui
1377 2222 1489 2261 conje-

785 2276 857 2296 cere
879 2266 990 2305 specie.
1014 2274 1048 2294 re
1071 2265 1141 2294 boni
1156 2269 1245 2300 sunt,
1261 2265 1314 2304 qui
1341 2265 1424 2295 bene
1448 2263 1487 2294 de

786 2308 952 2348 republica
970 2307 1133 2343 sentiunt,
1147 2307 1224 2345 quia
1245 2306 1278 2336 in
1302 2317 1342 2337 ea
1362 2306 1489 2337 habent

786 2350 930 2380 multum
953 2350 1043 2386 boni,
1066 2358 1134 2379 rem
1159 2348 1365 2385 familiarem,
1382 2348 1487 2378 hono-

785 2402 834 2422 res
851 2393 910 2423 &e.
933 2401 986 2431 spe
1009 2392 1092 2427 boni,
1108 2391 1161 2430 qui
1184 2397 1321 2431 possunt
1341 2401 1485 2431 sperare,

783 2444 816 2464 se
838 2444 966 2474 quoque
986 2433 1114 2470 divites,
1131 2433 1309 2463 honoratos
1323 2433 1403 2463 fore.
1440 2433 1486 2463 Et

781 2476 852 2506 aliis
878 2477 957 2507 locis
977 2476 1040 2507 ista
1055 2476 1120 2505 duo
1135 2475 1169 2504 iu
1184 2475 1278 2505 bonis
1291 2475 1414 2505 civibus
1431 2476 1486 2507 Ci-

781 2529 854 2549 cero
868 2518 1053 2558 conjungit,
1069 2516 1172 2548 malos
1193 2522 1304 2548 autem
1320 2517 1386 2548 fere
1409 2517 1483 2547 nul-

781 2561 847 2591 lam
863 2571 944 2597 rem,
961 2560 1086 2591 nullam
1109 2570 1198 2600 spem
1214 2559 1346 2596 habere,
1361 2564 1399 2589 ut
1421 2569 1481 2599 pro
1504 2577 1508 2581 ·

781 2604 892 2634 Sextio
918 2608 951 2633 et
978 2603 1068 2633 alibi.
1113 2601 1174 2632 Sed
1203 2601 1266 2631 Ms.
1293 2601 1357 2631 Gu.
1381 2600 1483 2632 habet

783 2646 884 2675 bona:
920 2644 1007 2684 quod
1043 2644 1159 2674 melius
1196 2648 1287 2683 puto,
1343 2643 1480 2674 Sallust.

781 2687 881 2718 Catil.
905 2690 957 2718 2³1.
982 2696 1084 2726 neque
1108 2696 1160 2716 res
1180 2695 1282 2724 neque
1303 2694 1373 2724 spes
1398 2685 1481 2718 bona

778 2731 862 2760 ulla.
884 2730 940 2759 ubi
955 2739 986 2759 v.
1002 2730 1092 2759 Cort.
1121 2727 1204 2758 lbid.
1228 2729 1279 2758 -20,
1299 2736 1351 2756 res
1373 2728 1478 2765 mala,

777 2781 847 2811 spes
891 2773 992 2801 multo
1027 2770 1181 2809 asperior.
1239 2768 1367 2798 Similia
1400 2774 1480 2800 sunt

779 2813 864 2853 apud
886 2813 1092 2848 Ciceronem,
1115 2816 1154 2843 ut
1176 2820 1277 2852 neque
1295 2811 1330 2841 in
1353 2821 1401 2849 re,
1424 2821 1480 2842 ne—

778 2864 839 2894 que
851 2856 888 2886 in
899 2865 953 2897 spe
969 2855 1050 2886 bona
1063 2864 1137 2885 esee.

702 2902 834 2940 3N2
