1785 3185
455 103 801 146 PHILIPPICA
826 104 1058 145 TERTIA.
1398 107 1499 149 1307

71 212 164 249 turn
194 214 289 249 tuto
319 209 514 251 consules
548 209 750 250 Kalendis
780 207 882 251 Jan.
905 207 1114 248 ¹9habere
1143 215 1332 262 possent,
1345 208 1501 250 =retuli-

69 264 161 313 atis,
199 273 342 306 tamen
371 266 477 306 mihi
514 265 717 306 videmini
748 278 907 320 magno
937 263 1132 313 consilio,
1171 274 1299 318 atque
1335 267 1502 321 optima

68 329 213 361 mente
243 331 499 377 potestatem
530 321 654 363 nobis
686 321 739 362 de
771 331 861 362 tota
891 319 1111 377 republica
1142 318 1293 360 fecisse
1314 322 1500 363 dicendi.

68 390 168 416 cum
189 379 304 419 enim
335 387 430 419 tuto
454 388 649 420 senatum
679 377 825 419 haberi
849 377 939 417 sine
959 375 1158 432 praesidio
1182 390 1266 416 non
1288 391 1410 431 posse
1426 379 1500 433 ju-

71 432 314 477 dicavistis:
357 434 458 476 illud
482 437 613 476 etiam
645 434 868 486 statuistis,
898 435 1010 475 intra
1039 447 1184 474 muros
1205 431 1385 474 Antonii
1409 449 1500 476 sce-

66 487 146 540 lus,
167 492 474 548 audaciamque
496 492 668 534 versari.

111 546 405 592 Quamobrem
417 550 576 601 omnia,
584 563 680 590 mea
693 547 917 598 sententia,
929 545 1203 602 complectar,
1217 545 1356 597 vobis,
1369 554 1416 587 ut
1432 545 1495 587 in·
1508 531 1545 586 6

68 602 231 660 telligo,
254 620 340 647 non
362 606 522 658 invitis,
541 614 588 647 ut
609 615 652 647 et
664 605 1026 662 praestantissimis
1040 603 1219 644 ducibus
1242 618 1266 643 a
1288 603 1411 644 nobis
1424 603 1496 644 de·
1513 610 1563 645 14

70 668 140 700 tur
162 662 410 714 auctoritas,
432 673 474 704 et
505 663 746 705 fortissimis
768 662 976 702 militibus
1004 675 1099 716 spes
1120 661 1368 701 ostendatur
1390 675 1501 716 prae-

66 717 274 762 mimum:
289 729 331 760 et
343 720 563 775 judicetur
575 734 661 761 non
671 719 816 770 verbo,
831 718 900 759 sed
916 733 973 769 re,
990 732 1075 758 non
1091 717 1218 758 modo
1237 731 1321 758 non
1336 717 1502 769 consul,

72 774 144 815 sed
164 776 293 817 etiam
316 777 449 818 hostis
466 777 696 818 Antonius.
735 776 864 826 Nam,
888 775 918 815 si
942 774 1009 815 ille
1030 774 1205 826 consul;
1244 774 1502 816 fustuarium

68 844 316 874 meruerunt
346 834 550 890 legioneS,
578 848 676 888 quae
707 832 924 874 consulem
955 831 1241 886 reliquerunt3
1274 831 1502 872 sceleratus

70 886 232 941 Caesar,
250 890 407 932 Brutus
422 890 622 941 nefarius,
645 890 717 944 qui
733 899 884 930 contra
901 889 1119 930 consulem
1134 889 1301 943 privato
1320 889 1500 930 consilio

66 947 281 988 exercitus
311 956 687 1003 comparaverunt:
732 947 796 987 sin
830 956 972 987 autem
1003 946 1212 986 militibus
1246 946 1502 1001 exquirendi

68 1012 168 1044 sunt
191 1003 373 1045 honores
394 1004 510 1055 novi,
533 1014 705 1060 propter
725 1018 870 1045 eorum
894 1003 1088 1044 divinum
1110 1011 1239 1058 atque
1262 1003 1502 1044 immortale

69 1061 295 1103 meritum:
327 1061 508 1102 ducibus
538 1071 679 1102 autem
710 1075 764 1101 ne
794 1060 939 1102 referri
969 1060 1141 1115 quidem
1173 1069 1315 1115 potest
1335 1061 1500 1115 gratia:

67 1116 162 1172 quis
176 1126 255 1169 est,
277 1118 459 1173 quieum
481 1132 567 1159 non
589 1117 1141 1172 hostemexistimet,quem
1160 1118 1233 1172 qui
1255 1117 1384 1157 armis
1407 1132 1501 1173 per-

70 1184 319 1230 sequuntur,
338 1185 657 1217 conservatores
686 1174 934 1230 reipublicae
962 1174 1239 1229 judicantur?
1281 1173 1341 1214 At
1372 1180 1563 1229 quam15

65 1231 403 1274 contumeliosus
436 1233 480 1273 in
514 1233 693 1274 edictis?
723 1246 851 1288 quam
883 1231 1115 1272 barbarus?
1145 1233 1326 1286 20quam
1357 1232 1502 1274 rudis?

71 1287 268 1331 Primum
302 1289 345 1330 in
370 1289 584 1331 Caesarem
617 1299 666 1330 ut
688 1288 917 1330 maledicta
947 1287 1179 1343 congessit,
1200 1289 1425 1344 depromta
1445 1304 1502 1330 ex

72 1347 367 1388 recordatione
389 1346 672 1403 impudicitias
693 1355 737 1388 et
757 1355 1002 1402 stuprorum
1025 1347 1225 1387 suorum?
1258 1346 1367 1391 Quis
1386 1347 1502 1389 enim

71 1402 157 1444 hoc
186 1404 456 1446 adolescente
484 1403 668 1445 castior?
709 1403 804 1458 quis
838 1402 1095 1444 modestior?
1126 1402 1240 1457 quod
1275 1403 1317 1443 in
1345 1402 1502 1457 juven-

72 1470 165 1502 tute
192 1461 399 1502 habemus
423 1461 624 1502 illustrius
645 1459 893 1516 exemplum
928 1461 1080 1502 veteris
1108 1460 1375 1502 sanctitatis?
1406 1462 1502 1515 quis

69 1526 216 1559 autem
256 1520 294 1550 21
314 1518 383 1559 illo
427 1517 635 1559 maledico
679 1516 914 1574 impurior?
974 1515 1300 1572 Ignobilitatem
1348 1517 1504 1572 objicit

38 1612 43 1615 a
75 1573 129 1616 C.
153 1574 336 1616 Caesaris
356 1574 461 1625 filio,
483 1575 606 1630 cujus
635 1575 765 1623 etiam
788 1573 993 1615 naturalis
1015 1583 1148 1630 pater,
1171 1573 1205 1614 si
1237 1573 1327 1615 vita
1348 1589 1505 1631 suppe-

73 1631 265 1683 ditasset,
287 1631 436 1673 consul
456 1631 595 1673 factus
616 1642 741 1673 esset.
785 1634 826 1663 22
838 1630 1016 1672 Aricina
1037 1640 1185 1672 mater.
1244 1630 1505 1672 Trallianam

71 1698 147 1730 aut
169 1688 400 1745 Ephesiam
420 1698 542 1745 putes
557 1689 712 1731 dicere.
772 1688 942 1740 Videte,
962 1703 1088 1744 quam
1108 1688 1395 1744 despiciamur
1413 1704 1506 1730 om-

72 1760 163 1798 nes,
184 1746 258 1803 qui
291 1761 436 1788 sumus
467 1760 491 1787 e
523 1746 784 1802 municipiis,
807 1746 849 1787 id
883 1754 963 1797 est,
995 1759 1143 1786 omnes
1177 1744 1317 1801 plane.
1347 1755 1551 1801 quotusb.

72 1803 189 1844 enim
218 1803 398 1860 quisque
428 1818 515 1844 non
537 1806 628 1846 est?
655 1803 774 1859 quod
804 1812 948 1844 autem
978 1802 1264 1858 municipium
1295 1818 1381 1844 non
1402 1818 1508 1844 con-

73 1859 229 1902 temnit
249 1861 299 1913 is,
320 1861 394 1917 qui
424 1859 650 1901 Aricinum
683 1869 906 1916 tantopere
934 1859 1132 1915 despicit,
1151 1870 1364 1901 vetustate
1394 1861 1507 1901 anti-

71 1917 341 1974 quissimum,
356 1917 455 1973 jure
476 1917 750 1969 foederatum,
770 1917 1091 1973 propinquitate
1109 1931 1233 1972 paene
1254 1917 1504 1969 finitimum,

72 1974 299 2030 splendore
346 1974 615 2031 municipum
662 1974 1040 2016 honestissimum?
1117 1973 1236 2016 Hinc
1280 1974 1502 2027 Voconiae,
1519 1987 1571 2020 16-

75 2031 180 2073 hinc
210 2031 470 2073 21³Scatiniae
505 2032 644 2088 leges:
695 2032 797 2073 hinc
826 2031 973 2072 multae
1006 2030 1118 2072 sellae
1152 2030 1334 2082 curules,
1356 2041 1400 2072 et
1429 2047 1505 2088 pa-

75 2098 193 2131 trum
223 2088 444 2140 memoria,
465 2097 509 2129 et
529 2099 698 2131 nostra:
728 2088 830 2129 hinc
860 2088 1024 2144 equites
1056 2088 1259 2139 Romani,
1279 2088 1506 2131 lautissimi

76 2146 248 2202 plurimi
273 2155 316 2187 et
336 2145 641 2187 honestissimi.
702 2145 784 2187 Sed
805 2146 839 2186 si
862 2144 1083 2186 Aricinam
1098 2159 1278 2186 uxorem
1302 2160 1388 2187 non
1409 2161 1509 2202 pro-

76 2204 167 2254 ὗες,
189 2218 265 2245 cur
294 2203 448 2259 probas
469 2204 512 2234 ‘24
522 2201 835 2244 Tusculanam?
861 2216 1118 2258 quamquam
1142 2201 1270 2256 hujus
1293 2204 1510 2244 sanctissi-

77 2274 160 2303 mae
180 2260 383 2312 faeminae,
397 2270 525 2315 atque
541 2261 719 2316 optimae
742 2268 876 2315 pater,
899 2257 967 2300 M.
988 2260 1135 2300 Attius
1158 2259 1335 2311 Balbus,
1357 2261 1401 2301 in
1425 2260 1511 2316 pri-

77 2318 159 2361 mis
189 2318 408 2369 honestus,
429 2318 657 2374 praetorius
680 2316 786 2360 fuit:
819 2325 904 2358 tuae
923 2316 1139 2373 conjugis,
1158 2317 1284 2358 bonae
1305 2317 1512 2370 faeminae,

123 2456 161 2487 19
195 2452 312 2483 habere
338 2452 483 2493 possent]
523 2451 613 2483 Male
647 2452 683 2483 in
717 2451 768 2482 ed.
811 2452 869 2482 Ῐιοι·
883 2450 1091 2482 adolescente.
1123 2451 1204 2483 Mox
1218 2450 1303 2482 idem
1321 2461 1395 2483 cum
1413 2453 1511 2484 Faer-

78 2495 187 2529 Graev.
203 2495 332 2535 irrepsit
343 2496 476 2534 possint.
811 2503 857 2524 no
884 2492 986 2524 edidit
1013 2498 1140 2524 natura
1156 2498 1267 2534 pater.
1311 2495 1404 2526 Bene
1433 2496 1510 2525 lati-

121 2540 162 2568 20
183 2546 283 2576 quam
297 2537 404 2576 rudis]
428 2536 609 2567 Lambinus
624 2545 707 2567 corr.
709 2535 769 2575 se-
811 2544 892 2565 num
907 2540 957 2565 est
969 2540 1094 2566 natura
1101 2541 1203 2576 pater
1213 2548 1222 2565 .·
1235 2536 1291 2566 sed
1300 2537 1346 2566 sie
1355 2537 1515 2577 simplicia

77 2589 149 2616 rus,
165 2588 210 2609 sc.
225 2589 242 2609 e
264 2589 293 2610 c.
315 2583 346 2613 9.
362 2579 414 2610 vel
435 2579 547 2609 dirus:
570 2578 656 2618 quod
676 2579 770 2609 rudis
810 2582 862 2608 ter
871 2577 941 2608 sine
957 2577 1054 2608 verbo
1063 2578 1125 2608 dici
1140 2587 1207 2608 non
1216 2578 1332 2618 reperi.
1343 2579 1438 2618 Apud
1445 2579 1512 2610 Te·

80 2621 213 2653 mollius
227 2626 322 2657 esset,
337 2631 434 2661 quam
448 2630 506 2661 pro
517 2629 549 2651 re
561 2631 598 2652 ac
607 2621 694 2652 loco.
711 2620 776 2652 Re.
817 2620 963 2652 rentium
990 2619 1135 2659 quidem,
1164 2621 1254 2659 eujus
1283 2620 1392 2650 locum
1420 2621 1510 2652 adfe-

80 2663 194 2695 femnt
204 2664 272 2703 ejus
288 2662 470 2694 defensores
483 2662 522 2694 ad
535 2673 586 2701 ea,
601 2672 674 2703 quae
688 2662 776 2696 dicta
818 2666 910 2697 runt,
925 2667 996 2695 est:
1018 2666 1144 2692 natura
1158 2666 1196 2692 tu
1207 2662 1258 2691 illi
1265 2666 1366 2702 pater
1379 2672 1422 2692 es.

80 2711 160 2738 sunt
169 2715 199 2736 c.
215 2710 246 2741 9.
259 2715 310 2746 pr.
861 2705 902 2734 2⁴3
922 2703 1062 2735 Aricina
1075 2704 1196 2743 mater]
1223 2703 1306 2733 Eam
1321 2709 1355 2734 et
1369 2704 1425 2734 alii
1437 2704 1507 2735 Ca>

123 2750 161 2780 21
183 2749 241 2780 illo
263 2746 432 2788 maledieo]
458 2758 476 2777 e
496 2746 561 2779 Ms.
581 2746 657 2778 Vat.
671 2746 769 2778 Faer.
811 2746 874 2778 sari
887 2745 1044 2784 objecere.
1061 2755 1091 2776 v.
1105 2745 1301 2776 Suetonium
1318 2746 1353 2775 in
1368 2748 1453 2785 Aug.
1465 2750 1499 2777 4.

81 2798 144 2820 nus
169 2791 238 2827 illo,
252 2790 308 2830 qui
329 2789 507 2826 maledicit,
532 2789 619 2829 quod
640 2794 770 2820 secutus
853 2789 894 2820 23
918 2787 1074 2820 Scatsuiae
1095 2787 1196 2828 leges]
1226 2787 1292 2818 ΜΞ.
1316 2788 1381 2820 Gu.
1404 2788 1508 2820 Scau»

83 2836 134 2862 est
147 2831 304 2864 Graevius.
320 2831 502 2873 Vulgatum
516 2831 633 2863 melius
643 2830 771 2861 videtur
813 2830 912 2861 tiniae.

81 2873 190 2907 forma
215 2873 400 2910 consentire
431 2874 476 2915 ei,
504 2875 557 2904 eui
584 2872 770 2913 respondet.
855 2874 897 2903 24
921 2869 1163 2914 Tusculanam]
1185 2872 1248 2903 int.
1266 2869 1430 2903 Fulviam.
