1817 3169
471 133 589 171 PRO
616 134 662 171 L.
691 129 1003 170 CORNELIO
1029 131 1240 170 BALBO.
1471 133 1571 169 1113

142 236 464 293 Neapolitanas,
486 245 560 278 aut
583 235 799 278 Velienses
821 234 966 284 fuisse,
988 233 1296 277 foederatarum
1327 237 1418 278 sine
1438 237 1573 279 dubio

139 294 380 335 civitatum.
441 293 578 335 Mitto
612 303 778 334 vetera:
827 292 1026 348 proxima
1061 291 1183 332 dico:
1216 304 1314 334 ante
1351 295 1574 338 civitatem

140 351 408 392 Veliensibus
432 351 590 402 datam,
614 351 666 391 de
691 357 860 391 senatus
892 348 1104 389 sententia
1126 347 1178 388 C.
1204 349 1418 390 Valerium
1451 352 1574 395 Flac-

100 409 102 412 ’
137 423 250 458 cum,
275 418 502 464 praetorem
525 409 751 458 urbanum,
774 405 1028 447 nominatim
1061 405 1112 445 ad
1136 407 1343 462 populum
1367 408 1419 448 de
1443 410 1575 452 Calli-

138 465 280 520 phana
310 465 521 515 Veliense‚
555 475 600 506 ut
630 479 680 505 ea
708 464 813 506 civis
846 463 1045 504 Romana
1075 471 1200 514 esset,
1234 464 1395 504 tulisse.
1456 467 1575 509 Num

136 522 270 577 igitur
299 532 374 563 aut
405 522 559 564 fundos
598 521 736 563 factos
767 520 999 571 Velienses,
1038 528 1112 560 aut
1144 522 1408 563 sacerdotem
1444 523 1575 576 illam,

136 581 276 620 civem
301 578 542 620 Romanam
565 579 723 620 factam
745 592 831 618 non
852 592 957 628 esse,
979 586 1053 618 aut
1076 576 1220 618 foedus
1242 588 1285 619 et
1315 594 1340 619 a
1361 590 1509 622 senatu
1531 593 1576 623 et

136 650 159 676 a
181 636 342 692 populo
366 636 564 678 Romano
589 636 792 677 violatum
815 634 1146 676 arbitrabimur?

196 693 414 750 intelligo,
449 694 634 749 judiceS,
678 694 720 733 in
760 706 887 733 causa
924 702 1084 746 aperta,
1127 691 1390 747 minimeque
1426 691 1658 747 dubia‚25

138 751 274 791 multo
296 760 338 791 et
370 750 504 806 plura,
526 760 569 791 et
598 765 623 790 a
654 750 845 806 pluribus
880 749 1148 804 peritissimis
1170 764 1261 790 esse
1289 751 1420 802 dicta,
1442 767 1572 808 quam
1584 764 1635 798 56

137 821 201 848 res
226 807 474 864 postularet.
496 808 568 848 sed
592 807 632 847 id
657 807 817 848 factum
837 816 915 857 est,
940 820 1024 846 non
1046 815 1093 846 ut
1113 807 1233 847 vobis
1256 822 1344 848 rem
1369 818 1456 849 tam
1479 825 1575 866 per-

139 865 329 920 spicuam
353 865 535 905 dicendo
560 864 853 920 probarcmuS,
877 877 1023 903 verum
1049 871 1096 903 ut
1118 864 1311 904 omnium
1346 866 1577 909 malevolo-

138 936 246 973 rum,
277 922 535 976 iniquorum,
568 921 811 961 invidorum
844 920 1009 960 animos
1041 920 1359 976 frangeremus:
1391 938 1499 978 quos
1532 933 1579 965 ut

138 979 644 1032 accusatorrincenderet,
667 982 702 1009 ²¹
720 988 768 1018 ut
795 977 926 1032 aliqui
958 992 1172 1018 sermones
1204 978 1445 1031 hominum,
1477 982 1580 1022 alie-

136 1036 202 1076 nis
232 1036 355 1076 bonis
388 1036 675 1085 maerentium,
699 1035 828 1075 etiam
851 1035 903 1074 ad
930 1045 1086 1075 vestras
1110 1049 1230 1076 aures
1262 1048 1578 1092 permanarent,

137 1102 180 1133 et
209 1093 250 1134 in
280 1093 449 1147 judicio
488 1094 582 1149 ipso
618 1092 917 1141 redundarent,
949 1091 1111 1133 idcirco
1142 1092 1212 1133 illa
1245 1093 1286 1134 in
1310 1096 1429 1136 omni
1458 1106 1579 1152 parte

138 1150 397 1191 &orationis
430 1165 596 1190 summa
632 1160 722 1190 arte
759 1149 958 1204 adspergi
996 1149 1232 1190 videbatis:
1264 1153 1303 1182 23
1319 1160 1409 1192 tum
1449 1168 1580 1209 pecu-

138 1207 253 1247 niam
280 1207 328 1247 L.
355 1207 559 1254 Cornelii,
581 1222 678 1262 quae
712 1220 848 1261 neque
881 1205 1093 1246 invidiosa
1114 1216 1193 1257 est,
1217 1217 1274 1258 et,
1296 1219 1581 1263 quantacum-

139 1278 222 1318 que
255 1273 332 1314 est,
357 1265 568 1319 ejusmodi
601 1274 678 1314 est,
712 1273 758 1304 ut
779 1271 1031 1304 conservata
1060 1265 1213 1320 magis,
1235 1280 1363 1320 quam
1386 1270 1427 1298 24
1439 1283 1581 1309 corre-

143 1333 216 1376 pta
236 1336 328 1362 esse
360 1322 576 1363 videatur:
612 1331 701 1362 tum
734 1321 962 1371 luxuriam,
985 1335 1082 1375 quae
1114 1336 1201 1362 non
1224 1323 1403 1364 crimine
1435 1325 1580 1381 aliquo

140 1378 345 1428 libidinis,
373 1379 443 1420 sed
467 1379 685 1420 communi
719 1377 946 1418 maledicto
970 1379 1226 1420 notabatur:
1260 1390 1351 1420 tum
1374 1380 1582 1424 Tuscula-

141 1450 258 1486 num,
281 1436 395 1491 quod
419 1436 476 1483 Q.
501 1436 668 1476 Metelli
693 1435 822 1475 fuisse
845 1434 1110 1484 meminerat,
1133 1447 1175 1476 et
1201 1436 1248 1477 L.
1270 1436 1429 1489 Crassi,
1454 1439 1582 1481 Cras-

142 1507 233 1533 sum
257 1494 410 1533 emisse
431 1494 483 1534 de
513 1494 712 1534 libertino
739 1492 926 1541 homine,
960 1492 1154 1533 Soterico
1181 1492 1365 1544 Marcio,
1398 1497 1449 1536 ad
1482 1496 1581 1538 Me-

141 1550 286 1590 tellum
316 1551 556 1606 pervenisse
586 1551 638 1591 dc
665 1549 850 1590 Venonii
874 1549 1064 1590 Vindicii
1100 1551 1236 1601 bonis,
1269 1566 1353 1592 uon
1381 1555 1580 1597 tenebat:

141 1607 265 1646 simul
291 1608 390 1648 illud
416 1609 648 1657 nesciebat,
672 1608 930 1662 praediorum
962 1606 1119 1647 nullam
1143 1622 1234 1648 esse
1263 1619 1456 1663 gentem:
1491 1627 1580 1653 em·-

142 1664 331 1704 tionibus
363 1679 412 1705 ea
433 1665 565 1705 solere
598 1679 711 1720 saepe
744 1664 796 1704 ad
826 1664 986 1704 alienos
1010 1664 1219 1714 homines,
1253 1680 1368 1721 saepe
1397 1669 1449 1709 ad
1482 1670 1578 1711 infi-

141 1736 249 1772 moS,
272 1737 356 1762 non
381 1721 562 1778 legibuS,
585 1724 624 1752 <25
637 1732 854 1776 tamquam
879 1721 1045 1772 tutelas,
1070 1722 1304 1777 pervenire.
1339 1724 1573 1780 Objectum
1588 1730 1641 1770 57

141 1788 206 1818 est
232 1779 375 1829 etiam,
399 1780 513 1834 quod
546 1780 587 1820 in
621 1779 780 1819 tribum
806 1778 1127 1820 Crustuminum
1162 1783 1427 1835 pervenerit:
1460 1786 1573 1839 quod
1587 1780 1687 1852 2⁶⁸⁷·

143 1834 213 1876 hic
235 1847 451 1877 assecutus
473 1846 536 1876 est
558 1836 717 1892 26leg'1s
740 1836 792 1876 de
814 1836 980 1877 ambitu
1004 1851 1197 1893 praemlo,
1229 1838 1369 1879 minus
1393 1840 1577 1883 invidio-
1610 1844 1617 1853 '

183 1951 216 1978 21
235 1953 271 1978 ue
284 1950 386 1989 aliqui
397 1959 555 1980 sermones
568 1949 614 1988 Ιιη]
633 1952 700 1981 Cur
713 1949 837 1988 aliqui!

141 1990 192 2021 An
206 1991 288 2020 dixit
299 1992 412 2022 Cicero
427 1994 565 2030 maligni
577 2002 736 2022 sermones
747 1992 762 2021 ,7
777 1991 838 2021 Vix

142 2033 270 2070 dubito,
286 2034 332 2064 ita
347 2043 425 2064 esse.

154 2100 155 2103 ,
183 2078 224 2106 2⁶2
234 2086 280 2105 or.
295 2085 424 2105 summa
436 2075 521 2114 arte]
539 2076 591 2105 Sic
604 2079 636 2105 et
654 2075 716 2104 Ms.
730 2075 837 2105 Guelf.

143 2117 224 2148 Edu.
240 2127 288 2158 pr.
305 2128 366 2148 sua
380 2124 462 2148 arte.
508 2119 541 2147 P.
558 2118 721 2147 Vix—torius
737 2117 839 2148 edidit

141 2171 186 2191 or.
207 2169 273 2190 suoe
296 2165 380 2196 arte,
405 2160 490 2199 quod
516 2160 658 2189 restituit
680 2159 837 2189 Grau-ius.

143 2203 213 2242 Ego
236 2212 355 2241 seq-101·
376 2212 440 2233 eos.
465 2202 517 2240 qui
538 2206 611 2232 arte
634 2206 747 2231 natum
772 2211 840 2231 esse

141 2251 261 2285 putant
275 2256 292 2274 e
302 2250 412 2283 parte,
429 2244 664 2282 legendumque
688 2245 842 2273 orationis

143 2296 208 2318 suoe
235 2287 398 2326 adspergi.
437 2297 496 2317 nec
524 2287 612 2316 euim
642 2288 676 2316 in
705 2296 743 2316 eo
771 2292 841 2316 arte

145 2339 225 2370 opus
240 2335 321 2359 erat.

154 2402 156 2404 ,
186 2375 225 2404 523
248 2376 319 2401 tum
343 2370 532 2410 pecuniam]
566 2370 690 2400 Pendet
716 2380 756 2400 ex
783 2371 842 2400 ad-

144 2416 252 2453 spergi
267 2414 432 2443 videbatis.
477 2414 568 2443 Sicut
589 2419 621 2442 et
645 2413 783 2442 alterum
801 2413 840 2443 de

145 2455 283 2487 luxuria.
307 2457 457 2492 tertium,
481 2455 519 2485 de
541 2454 729 2486 Tusculano
747 2467 764 2484 e
781 2465 843 2484 non

144 2497 282 2536 tenebat.

187 2543 228 2572 24
244 2543 391 2578 σοι-νᾶμα
406 2549 470 2569 esse
484 2539 529 2578 zu]
560 2539 638 2570 Mss.
662 2544 699 2569 ut
720 2545 753 2569 et
775 2539 840 2570 Gu.

147 2586 180 2612 et
195 2582 277 2613 Edd,
294 2591 342 2621 pr.
357 2586 521 2620 corrupta.
554 2581 681 2611 Primus
695 2586 845 2620 correpta

148 2623 249 2655 edidit
286 2624 478 2662 Hervagius,
517 2629 589 2663 post
625 2624 843 2660 Camerarius,

150 2665 338 2696 Lambinus.
374 2672 472 2695 recte.
530 2664 690 2705 Corrupla
731 2671 844 2695 tamen

152 2707 302 2738 nonnulli
331 2713 513 2744 servarunt,
539 2712 578 2736 ut
603 2709 678 2738 Car.
707 2708 847 2747 Stepha-

151 2758 213 2779 nus
238 2751 295 2780 &c.
341 2749 402 2778 Sed
427 2754 460 2779 et
485 2750 517 2778 in
543 2754 733 2779 conseri-ata
755 2750 845 2781 haesi.

152 2800 228 2821 narn
248 2791 280 2821 id
301 2790 339 2821 de
363 2791 560 2830 parsimonia
584 2792 725 2830 intelligi
751 2791 847 2822 (lebet

151 2834 184 2863 in
200 2833 349 2872 pecunia,
365 2842 461 2871 quam
487 2833 603 2863 habeas
625 2843 665 2863 ex
684 2833 845 2864 heredita-

150 2876 251 2912 tibuS‚
266 2875 486 2915 patrimonio:
509 2886 546 2904 ex
562 2885 627 2914 quo
643 2880 755 2906 tamen
772 2884 844 2905 sen-

881 1959 934 1979 sus
963 1950 1154 1980 commodus
1184 1960 1249 1981 non
1279 1956 1346 1981 est:
1381 1964 1579 1993 quamquam

881 1991 979 2028 infra,
1003 1993 1035 2021 in
1059 1993 1124 2022 fine
1145 2003 1215 2032 cap.
1237 1995 1430 2026 hereditates
1446 1999 1582 2036 propin—

881 2042 1019 2072 quorum
1053 2042 1374 2067 cninmeniorantur2
1415 2039 1501 2077 quod
1529 2047 1581 2070 ta-

884 2085 959 2105 men
975 2080 1008 2105 et
1025 2075 1062 2105 (lc
1073 2078 1109 2114 ju
1117 2087 1148 2107 re
1163 2078 1263 2117 aeci-,ri
1288 2085 1396 2118 potest
1416 2081 1580 2113 adeunda-

881 2127 953 2147 rum
972 2118 1202 2149 hereditatum.
1247 2120 1404 2152 Ceterum
1419 2133 1485 2153 non
1507 2133 1580 2153 suc·

882 2161 985 2189 currit
1010 2160 1111 2197 aliud,
1135 2162 1220 2200 quod
1245 2165 1434 2194 satisfaciat.
1480 2166 1582 2197 Venit

883 2201 915 2230 in
954 2210 1112 2239 mentem,
1141 2210 1345 2243 cmuparata,
1382 2216 1425 2237 sc.
1456 2207 1581 2244 labore,

883 2243 1052 2283 diligentia
1069 2247 1126 2275 &sa
1142 2246 1227 2284 quod
1251 2248 1333 2278 bene
1345 2250 1524 2289 opponitur
1540 2253 1582 2293 w}

885 2292 1032 2326 correpta
1048 2297 1092 2317 sc.
1108 2288 1216 2324 furtis,
1232 2289 1411 2320 fraudibus.

927 2332 965 2359 :5
990 2334 1160 2368 (amquam
1185 2332 1320 2371 tutelas]
1348 2334 1581 2364 Hotomannus

885 2369 906 2399 l.
930 2381 958 2400 e.
989 2371 1262 2403 Onservationum
1287 2375 1360 2404 addi
1386 2376 1514 2406 volebat
1538 2378 1584 2407 ad

883 2418 1042 2450 agnatos:
1064 2414 1240 2454 eleganter.
1267 2426 1325 2446 nee
1349 2417 1380 2447 id
1401 2418 1514 2447 dubito
1529 2429 1583 2448 ve—

887 2464 958 2484 rum
983 2465 1068 2486 esse:
1093 2457 1240 2496 postulat
1265 2460 1352 2489 enim
1379 2460 1479 2489 ‘etiam
1504 2470 1582 2490 con-

886 2497 1038 2528 cinnitas.
1067 2503 1145 2529 ante
1171 2506 1239 2529 est:
1263 2502 1389 2539 proea'ia
1412 2504 1512 2532 solere
1539 2504 1586 2532 ad

886 2540 1095 2570 alienos—ad
1107 2542 1235 2581 infimos
1248 2544 1415 2582 pervenire
1428 2556 1435 2573 ι
1459 2544 1510 2574 his
1524 2544 1584 2575 ali—

887 2581 963 2620 quid
979 2583 1012 2612 in
1027 2583 1088 2612 hoc
1106 2585 1253 2614 membro
1270 2586 1462 2625 respondere
1475 2586 1583 2619 debet.

886 2623 918 2652 id
934 2625 995 2654 erit
1011 2625 1057 2654 (td
1070 2630 1218 2663 agnatos.

929 2667 969 2696 QG
992 2668 1071 2705 Iegis
1097 2668 1135 2697 cle
1159 2669 1284 2697 ambitu
1307 2668 1455 2707 prcemio]
1484 2669 1583 2708 Cum,

887 2707 927 2737 ab
945 2718 982 2738 eo
998 2714 1169 2740 accusatus
1185 2710 1223 2740 de
1240 2710 1378 2745 ambitu,
1396 2716 1479 2740 osset
1494 2711 1586 2741 dam-

888 2756 998 2785 natus,
1025 2751 1058 2780 in
1085 2762 1156 2781 eam
1182 2752 1306 2781 tribum
1332 2753 1434 2787 venit,
1462 2753 1495 2783 iu
1524 2764 1588 2792 qua

888 2791 1014 2828 fuisset,
1030 2802 1125 2832 quem
1147 2798 1326 2823 accusarat.
1343 2793 1512 2824 historiam
1532 2805 1590 2825 ne-

888 2833 1020 2864 scimus.
1044 2835 1163 2865 Fuerat
1175 2835 1348 2865 Cornelius
1363 2842 1439 2866 ante
1453 2836 1486 2866 in
1498 2838 1589 2868 tritu

887 2875 1023 2913 urbana,
1038 2877 1166 2917 opinor,
1181 2878 1257 2917 quia
1270 2887 1372 2908 novus
1384 2890 1402 2909 e
1417 2881 1589 2919 peregrino
