1785 3185
369 119 715 159 PHILIPPICA
758 115 1090 157 UNDECIMA.
1354 118 1454 153 1399

27 229 348 287 perturbatione
389 243 544 279 rerum,
581 227 846 283 temporibus
890 225 1033 281 potius
1077 237 1237 280 parere,
1276 225 1454 277 59quam

30 287 236 327 moribus.
268 300 346 327 nec
368 285 482 328 enim
514 298 628 326 nunc
662 283 846 340 primum
879 291 954 322 aut
983 281 1156 330 Brutus,
1181 289 1255 321 aut
1280 277 1453 320 Cassius

33 342 209 384 salutem
238 342 564 397 libertatemque
589 340 754 397 patriae,
776 339 913 395 legem
944 337 1270 386 sanctissimam,
1292 345 1335 376 et
1361 351 1452 376 mo-

30 413 119 440 rem
142 399 597 454 optimumjudicavit.
659 396 809 452 Itaque
846 395 878 435 si
908 394 961 434 ad
989 408 1063 433 nos
1094 392 1200 433 nihil
1228 391 1453 433 referretur

31 456 83 497 de
104 455 327 497 Dolabella
349 454 654 511 persequendo,
677 465 818 494 tamen
849 466 930 507 ego
955 465 1030 506 pro
1052 449 1223 490 decreto
1247 458 1456 504 putarem,

32 527 130 554 cum
152 523 292 553 essent
316 513 417 554 tales
441 513 612 561 virtute,
635 511 904 559 auctoritate,
926 506 1151 548 nobilitate
1173 506 1327 546 summi
1353 505 1456 546 viri:

34 583 217 624 quorum
239 569 517 625 alteriusjam
541 579 666 609 notus
696 567 818 608 nobis
849 575 914 606 cst
942 564 1171 614 exercitus,
1192 562 1363 603 alterius
1385 576 1459 602 au-

37 626 167 667 ditus.
229 626 328 667 Non
353 627 484 682 igitur
506 626 665 667 Brutus
687 623 955 680 exspectavit
983 621 1153 662 decreta
1180 630 1338 669 nostra,
1361 633 1459 660 cum
1477 619 1540 667 12

39 682 180 723 studia
201 694 357 724 nosset.
380 697 517 738 neque
538 683 650 723 enim
685 691 749 722 est
779 682 822 721 in
856 679 1120 735 provinciam
1145 692 1262 717 suam
1286 675 1462 739 Cretam

42 739 283 796 profectus:
317 741 358 781 in
390 739 692 781 Macedoniam
726 737 904 778 alienam
941 735 1184 776 advolavit:
1216 748 1466 796 omnia-sua

42 796 225 852 putavit,
246 812 342 852 quae
377 811 452 838 vos
487 806 624 837 vestra
656 809 745 836 esse
770 793 956 835 velletis:
991 792 1178 847 legiones
1211 791 1469 845 conscripsit

44 867 191 904 novas,
212 853 386 909 excepit
407 864 592 894 veteres:
625 853 862 907 equitatum
879 850 930 891 ad
954 864 996 889 se
1018 848 1200 889 abduxit
1215 847 1467 898 Dolabellae,

45 918 173 964 atque
191 924 287 951 eum
310 910 498 951 nondum
521 910 694 950 60tauto
725 907 952 964 parricidio
975 906 1173 956 oblitum,
1203 905 1369 945 hostem
1393 919 1469 945 sua

45 966 500 1021 sententiajudicavit.
519 981 616 1007 nam
648 966 691 1006 ni
723 965 783 1006 ita
812 975 936 1015 esset,
960 978 1044 1018 quo
1063 963 1162 1018 jure
1183 962 1421 1016 equitatum
1444 977 1469 1002 a

46 1022 220 1064 consule
253 1024 509 1066 abduceret?
552 1023 693 1070 Quid?
737 1022 788 1063 C.
825 1021 1012 1070 Cassius,
1050 1020 1138 1075 pari
1172 1018 1530 1075 magnitudinem

47 1080 179 1120 animi
201 1089 244 1121 et
262 1080 427 1122 consilii
459 1080 679 1136 praeditus,
711 1093 854 1120 nonne
875 1093 925 1119 eo
944 1092 997 1118 ex
1023 1076 1148 1117 Italia
1171 1076 1350 1117 consilio
1372 1090 1470 1132 pro-

50 1135 188 1177 fectus
209 1147 288 1189 est,
309 1148 357 1178 ut
380 1138 625 1192 prohiberet
647 1138 772 1192 Syria
795 1133 1058 1177 Dolabellam
1077 1137 1089 1175 ?
1120 1148 1204 1188 qua
1226 1133 1349 1189 lege?
1387 1147 1472 1188 quo

42 1193 171 1248 jure?
201 1209 267 1245 eo,
289 1195 404 1249 quod
425 1194 596 1250 Jupiter
617 1194 707 1250 ipse
729 1193 886 1243 sanxit,
915 1202 962 1232 ut
979 1190 1136 1240 omnia,
1157 1205 1253 1245 quae
1274 1189 1476 1246 reipubli-

50 1266 114 1292 cae
137 1250 336 1292 salutaria
354 1262 508 1302 essent,
531 1251 722 1307 legitima
742 1261 785 1292 et
799 1250 920 1305 justa
940 1249 1212 1290 haberentur.
1266 1246 1342 1288 Est
1362 1247 1476 1288 enim
1487 1270 1520 1300 p.
1535 1261 1607 1294 227,

51 1307 122 1348 lex
144 1308 251 1349 nihil
270 1308 400 1359 aliud,
423 1309 502 1349 nisi
522 1318 651 1358 recta,
673 1317 716 1349 et
737 1323 762 1348 a
792 1307 967 1348 numine
989 1306 1164 1346 deorum
1197 1314 1332 1345 tracta
1353 1305 1518 1355 ratio,³·

53 1365 268 1421 imperans
303 1365 497 1416 honesta,
521 1365 751 1422 prohibens
784 1364 1011 1406 contraria.
1072 1361 1190 1403 Huic
1229 1361 1361 1417 igitur
1393 1361 1478 1419 legi

56 1422 198 1478 paruit
223 1421 410 1473 Cassius,
433 1438 530 1463 cum
552 1432 617 1463 est
638 1423 679 1462 in
705 1422 872 1478 Syriam
906 1420 1136 1477 profectuS,
1168 1418 1348 1459 alienam
1384 1433 1480 1474 pro-

56 1478 257 1529 vinciam,
278 1479 366 1520 6lsi
388 1479 582 1520 homines
617 1478 783 1534 legibus
817 1478 986 1533 scriptis
1011 1486 1251 1517 uterentur:
1285 1476 1350 1516 his
1380 1490 1480 1517 vero

59 1536 287 1592 oppressis,
311 1551 444 1588 suam,
477 1538 568 1592 lege
600 1547 779 1577 naturae.
826 1536 866 1566 62
886 1535 967 1576 Sed
1001 1546 1046 1575 ut
1075 1547 1125 1574 ea
1147 1542 1285 1574 vestra
1310 1532 1544 1588 quoque‘29

60 1593 316 1634 auctoritate
354 1593 559 1645 firmetur,
594 1608 770 1634 censeo:
812 1592 922 1633 Cum
964 1591 1013 1632 P.
1054 1590 1292 1641 Dolabella,
1326 1591 1485 1646 quique

62 1648 156 1705 ers
177 1649 455 1691 crudelissimi
480 1662 523 1691 et
546 1650 766 1691 taeterrimi
798 1649 1000 1690 facinoris
1032 1649 1230 1698 ministri,
1262 1648 1382 1698 socii,
1413 1647 1487 1688 ad-

58 1706 226 1761 jutores
262 1706 448 1758 fuerunt,
489 1708 632 1748 hostes
673 1706 817 1762 populi
857 1705 1042 1746 Romani
1079 1721 1104 1746 a
1132 1713 1279 1746 senatu
1302 1704 1490 1759 judicati

71 1764 183 1816 sint3
214 1778 397 1818 cumque
434 1776 604 1805 senatus
637 1763 686 1804 P.
723 1762 992 1805 Dolabellam
1016 1762 1125 1803 bello
1152 1762 1490 1818 persequendum

68 1821 295 1872 censuerit,
317 1831 364 1861 ut
383 1821 432 1872 is,
454 1822 526 1877 qui
550 1821 694 1862 omnia
715 1821 891 1862 deorum
920 1819 1344 1875 hominumquejura
1363 1834 1493 1870 novo,

68 1878 279 1927 inaudito,
302 1878 551 1933 inexpiabili
585 1879 739 1919 scelere
770 1877 983 1934 polluerit,
1006 1876 1254 1931 nefarioque
1276 1877 1426 1931 patriae
1450 1891 1494 1917 se

70 1935 301 1990 parricidio
341 1935 634 1986 obstrinxerit,
676 1949 827 1990 poenas
874 1935 956 1975 diis
997 1934 1328 1988 hominibusque
1369 1933 1497 1975 meri-

71 2003 135 2032 tas
157 1991 408 2047 debitasque
431 1993 641 2048 persolvat
660 2009 668 2033 :
702 1991 877 2032 Senatui
900 1991 1080 2047 placere,
1095 1990 1146 2032 C.
1171 1990 1381 2042 Cassium,
1399 2000 1559 2047 pro-80

73 2048 307 2100 consulem,
329 2050 595 2104 provinciam
619 2049 785 2104 Syriam
809 2048 1018 2099 obtinere,
1040 2048 1102 2088 uti
1124 2048 1197 2103 qui
1219 2062 1312 2088 eam
1331 2049 1497 2104 optimo

70 2106 169 2161 jure
202 2106 466 2161 provinciam
490 2106 751 2148 obtinuerit:
782 2120 965 2161 eumque
988 2121 1011 2146 a
1042 2105 1099 2151 Q.
1136 2104 1306 2145 Marcio
1329 2105 1500 2161 Crispo,

77 2162 345 2218 proconsule,
370 2162 417 2203 L.
437 2162 577 2204 Statio
600 2163 772 2214 Murco,
794 2162 1060 2219 proconsule,
1084 2160 1138 2202 A.
1160 2161 1501 2219 AllienolegatO,

79 2220 293 2261 exercitus
322 2221 530 2275 accipere,
557 2221 596 2250 63
607 2235 763 2274 eosque
785 2220 822 2261 ei
847 2220 1031 2261 tradere:
1063 2233 1248 2274 cumque
1265 2219 1331 2260 his
1350 2219 1502 2275 copiis,

79 2288 123 2318 et
144 2277 179 2318 si
210 2291 314 2332 quas
356 2286 564 2332 praeterea
602 2278 828 2333 paraverit,
860 2277 970 2318 bello
1010 2276 1060 2317 P.
1094 2275 1361 2317 Dolabellam
1392 2287 1504 2318 terra

81 2334 274 2390 marique
296 2334 516 2390 persequi:
548 2333 641 2389 ejus
665 2334 762 2375 belli
784 2334 959 2391 gerendi
985 2349 1126 2385 causa,
1148 2334 1303 2389 quibus
1325 2334 1504 2384 ei-vide-

81 2451 190 2478 terum
214 2448 299 2477 forte
317 2447 545 2487 corrigendum
564 2448 774 2486 perturbata-
859 2447 896 2478 61
921 2448 948 2477 si
963 2447 1104 2477 homines
1120 2448 1140 2476 l.
1156 2457 1219 2477 scr.
1240 2447 1342 2487 uteru]
1389 2447 1507 2478 Homi»

84 2500 162 2520 rum
176 2499 307 2520 rerum:
329 2490 384 2520 scd
401 2499 466 2519 non
480 2490 558 2520 satis
573 2490 691 2530 placet.
817 2499 873 2519 nes
903 2489 1009 2519 intell.
1038 2491 1256 2520 Antonianos.
1280 2490 1308 2519 si
1329 2499 1392 2520 scr.
1417 2491 1505 2528 legg,

130 2534 169 2565 59
191 2541 289 2571 quam
307 2532 460 2571 moribus]
479 2533 664 2562 Secundum
682 2541 775 2570 quos,
818 2536 992 2561 uterentur
1006 2537 1069 2569 est,
1084 2533 1110 2561 si
1132 2532 1172 2561 iis
1192 2538 1356 2571 parerent,
1373 2541 1452 2568 non,
1468 2538 1508 2561 ut

88 2584 186 2604 nemo
202 2574 288 2604 exire
310 2575 477 2614 provincia
492 2576 618 2614 injussu
638 2575 776 2604 Senatus
820 2574 899 2604 alias
921 2574 1053 2610 dicitur,
1081 2574 1108 2603 si
1134 2574 1271 2613 scriptas
1301 2573 1388 2612 leges
1410 2574 1511 2604 habe·

88 2616 198 2647 debet.
819 2620 906 2646 rent.
925 2625 1002 2646 nam
1017 2615 1180 2646 habebant
1195 2616 1319 2654 utique.

133 2658 174 2688 60
209 2661 300 2688 tanto
321 2659 501 2698 parricidio
530 2658 678 2698 oblitum]
716 2657 777 2688 Le-
861 2658 902 2688 62
925 2657 991 2688 Sed
1004 2662 1040 2687 ut
1053 2668 1091 2688 ea
1105 2667 1135 2688 v.
1150 2667 1180 2696 q.
1196 2657 1246 2697 a.]
1271 2658 1323 2688 Sic
1340 2657 1422 2687 bene
1436 2656 1511 2689 Fer-

91 2699 166 2731 nius
182 2699 329 2730 videatur
342 2701 488 2737 oblitum,
504 2711 600 2740 quam
618 2711 676 2740 pro
690 2706 778 2730 atro·
821 2701 938 2736 rarius,
954 2710 1051 2739 quem
1077 2705 1112 2730 et
1125 2699 1271 2730 Graevius
1295 2704 1426 2730 secutus
1449 2704 1511 2730 est.

94 2742 195 2772 citate
222 2741 405 2782 parricidii:
434 2743 489 2773 sed
515 2749 550 2773 et
581 2743 658 2773 alibi
685 2752 780 2772 seusu
822 2742 922 2781 Vuig.
935 2746 973 2772 ut
987 2752 1027 2771 ex
1040 2752 1071 2772 v.

93 2784 235 2823 graviori
261 2784 356 2822 dixit,
383 2795 413 2814 v.
440 2784 531 2816 Clav.
557 2784 635 2815 alias
662 2785 781 2823 corrigi
866 2784 906 2814 63
940 2793 1050 2824 eosque
1084 2785 1113 2814 ei
1142 2783 1203 2823 επ]
1241 2782 1357 2813 Malim
1381 2783 1513 2823 hosque:

93 2830 203 2865 posset
225 2827 426 2863 obstr-ictum,
444 2832 482 2857 ut
503 2830 553 2857 est
574 2826 671 2857 infra.
716 2827 780 2859 Ms.
826 2835 867 2856 ne
896 2825 996 2856 nimis
1026 2825 1145 2857 durum
1172 2827 1228 2864 sit,
1255 2834 1519 2866 eumque—eas-

94 2867 205 2909 Huyd.
220 2867 309 2900 delet
322 2873 434 2914 tanto.-
455 2868 541 2910 quod
555 2868 676 2909 placet.
826 2877 886 2909 que
900 2868 941 2899 ei.
