1785 3185
154 236 204 269 22‘2

221 129 318 163 1200
808 128 842 164 Ο
857 126 941 164 RA
954 126 987 163 T
1002 127 1066 163 10

274 228 334 270 At
355 229 561 270 dioecetes
594 229 677 270 fuit
705 229 861 285 regius.
922 229 978 270 Et
1002 228 1173 284 quidem
1217 228 1259 267 in
1293 225 1488 267 custodia
1516 224 1646 266 etiam

217 285 300 326 fuit
323 286 463 341 regia:
495 289 536 316 3⁰
549 296 592 327 et
622 287 710 327 vita
741 288 831 342 ejus
854 286 995 327 ablata
1018 299 1139 341 paene
1170 294 1247 325 est.
1272 283 1405 324 multa
1426 294 1646 338 praeterea,

215 358 311 398 quae
336 343 469 384 libido
498 344 624 399 regis,
646 358 740 398 quae
764 343 992 384 necessitas
1015 342 1162 397 co'efgit
1186 343 1308 390 ferre,
1332 340 1520 395 pertulit.
1543 353 1646 394 qua-

217 415 308 441 rum
333 400 526 441 omnium
559 414 697 440 rerum
730 415 814 440 una
838 399 1108 454 reprehensio
1140 407 1218 447 est,
1240 398 1354 452 quod
1377 411 1555 451 regumn
1584 395 1647 434 in·-

218 457 354 508 trarit,
378 457 491 512 quod
515 458 714 512 potestati
748 472 790 496 se
822 456 932 511 regis
963 455 1240 496 commiserit.
1264 468 1408 494 verum
1439 453 1470 493 si
1494 451 1649 507 quaeri-

217 527 327 564 mus,
354 514 495 554 stulte.
524 514 626 568 quid
658 514 771 554 enim
803 513 987 561 stultius,
1009 525 1137 565 quam
1168 510 1356 565 equitem
1389 510 1651 557 Romanum,

217 585 271 612 ex
295 571 376 611 hac
398 571 516 621 urbe,
540 570 682 625 hujuS‚
706 570 894 623 inquam,
917 568 1165 623 reipublicae
1187 567 1341 616 civem,
1363 581 1458 622 quae
1480 575 1544 606 est
1565 580 1650 604 una

219 628 421 678 maxime,
451 637 495 667 et
527 626 609 667 fuit
644 640 808 681 semper
841 625 987 675 libera,
1012 625 1154 665 venire
1186 624 1229 663 in
1262 637 1359 662 eum
1392 623 1550 672 locum,
1577 621 1651 662 ubi

173 679 453 740 9parendum
485 683 604 724 alteri
641 693 684 724 et
715 681 983 722 serviendum
1006 681 1088 723 sit?
1120 680 1256 720 3¹Sed
1287 694 1368 735 ego
1400 679 1444 720 in
1474 678 1558 719 hoc
1588 689 1653 718 ta-

158 752 207 784 23
223 755 333 792 men,
366 741 572 781 Postumo
604 755 690 780 non
721 740 958 795 ignoscam,
999 737 1164 779 homini
1206 735 1479 778 mediocriter
1507 736 1654 785 docto,

168 1263 216 1296 ⁴24
232 1266 377 1307 regno,
399 1251 545 1307 aspide
566 1252 618 1293 ad
640 1266 795 1308 corpus
817 1249 1108 1301 admota,vita
1127 1263 1216 1290 esse
1238 1249 1468 1306 privatum.

221 813 307 853 quo
342 798 506 838 videam
549 797 885 852 sapientissnnos
921 795 1118 836 homines
1160 808 1250 834 esse
1293 794 1461 849 lapsos?
1503 791 1654 831 Virum

221 869 352 895 unum
377 855 506 895 totius
531 853 716 895 Graeciae
748 852 873 893 facile
899 851 1210 902 doctissimum,
1236 850 1475 900 Platonem,
1497 847 1657 903 iniqui·

226 921 312 952 tate
336 911 551 966 Dionysii,
566 910 724 950 Siciliae
749 909 934 965 tyranni,
953 909 1022 950 cui
1046 923 1089 949 se
1111 907 1179 948 ille
1200 908 1486 957 commiserat,
1502 906 1546 946 in
1569 919 1659 945 ma-

223 969 353 1008 ximis
388 967 586 1023 periculis
620 967 869 1022 insidiisque
900 979 991 1006 esse
1021 975 1233 1007 versatum
1257 964 1525 1020 accepimus:
1559 961 1659 1002 Cal-

224 1024 467 1074 listhenem,
497 1024 672 1064 doctum
703 1023 940 1073 hominem,
972 1022 1176 1063 comitem
1218 1021 1373 1077 Magni
1406 1018 1659 1068 Alexandri,

224 1083 278 1122 ab
301 1081 547 1122 Alexandro
577 1089 800 1122 necatum:
835 1079 1105 1120 Demetrium
1134 1087 1179 1119 et
1206 1093 1259 1119 ex
1283 1077 1501 1134 republica
1521 1075 1658 1117 Athe-

225 1139 304 1189 nis,
337 1140 516 1192 32’qu'am
556 1138 719 1192 optime
757 1137 1007 1193 digesserat,
1042 1145 1087 1176 et
1125 1150 1180 1176 ex
1221 1135 1418 1176 doctrina
1452 1134 1656 1184 nobilem,

228 1205 271 1235 et
294 1195 553 1249 clarum‚qui
572 1194 801 1235 Phalereus
821 1194 1032 1235 vocitatus
1051 1203 1130 1244 est,
1144 1192 1187 1233 in
1209 1192 1358 1233 eodem
1377 1192 1460 1232 isto
1475 1191 1530 1233 AE
1563 1191 1659 1247 ypti

1549 1249 1661 1289 'lane

230 1309 452 1359 confiteor,
484 1309 574 1349 fieri
618 1309 724 1349 nihil
764 1323 886 1364 posse
929 1307 1184 1357 dementius,
1211 1320 1340 1361 quam
1371 1307 1575 1347 scientem
1616 1306 1661 1346 in

228 1380 324 1406 eum
349 1365 489 1406 locum
521 1366 680 1416 venire,
701 1366 773 1406 ubi
798 1365 1038 1406 libertatem
1069 1364 1125 1405 sis
1156 1363 1413 1419 perditurus,
1435 1362 1508 1403 sed
1529 1363 1570 1394 33
1581 1361 1662 1404 hu-

221 1422 294 1477 jus
317 1423 438 1463 istius
462 1422 563 1463 faeti
583 1423 824 1473 stultitiam,
841 1421 1079 1476 majorjam
1099 1420 1291 1477 superior
1314 1419 1497 1460 stultitia
1516 1418 1663 1460 defen·

184 1492 213 1520 h.
229 1479 315 1521 dit:
339 1494 436 1534 quae
459 1479 577 1527 facit,
600 1488 648 1520 ut
663 1480 746 1520 hoc
765 1479 1064 1519 stultissimum
1080 1477 1260 1527 facinus,
1283 1477 1397 1532 quod
1420 1476 1461 1516 in
1482 1491 1662 1532 regnum

169 1715 203 1747 2.

230 1537 407 1586 venerit,
432 1537 546 1591 quod
579 1537 669 1593 regi
700 1550 742 1577 se
773 1535 1050 1585 commiserit,
1074 1535 1287 1591 sapienter
1308 1533 1470 1575 factum
1493 1547 1583 1574 esse
1602 1533 1666 1574 vi-
1724 1563 1725 1567 ,

230 1592 393 1634 deatur.
417 1594 626 1648 siquidem
651 1607 736 1634 non
761 1601 848 1634 tam
881 1606 1047 1647 semper
1077 1591 1210 1642 stulti,
1232 1606 1359 1645 quam
1383 1604 1475 1631 sero
1498 1591 1665 1647 sapien-

232 1651 286 1690 tis
307 1659 386 1700 est,
407 1665 504 1690 cum
528 1650 711 1691 stultitia
731 1665 807 1690 sua
827 1648 1058 1705 impeditus
1080 1649 1150 1701 sit,
1171 1662 1344 1703 quoquo
1366 1647 1495 1688 modo
1517 1647 1667 1703 possit,

233 1722 275 1747 se
296 1707 514 1762 expedire.
575 1708 869 1754 Quamobrem
902 1705 1004 1746 illud
1030 1714 1200 1746 maneat
1228 1715 1271 1745 et
1299 1704 1433 1745 fixum
1457 1705 1526 1755 sit,
1548 1704 1664 1759 quod

233 1778 368 1819 neque
393 1763 568 1814 moveri,
588 1778 725 1819 neque
758 1762 911 1804 mutari
948 1771 1112 1817 potest:
1145 1762 1187 1803 in
1221 1776 1306 1817 quo
1337 1761 1449 1816 aequi
1477 1774 1665 1817 sperasse

232 1820 487 1861 Postumum
510 1821 672 1871 dicunt,
692 1835 888 1876 peccasse
911 1819 1062 1874 iniqui,
1082 1822 1121 1850 34
1136 1819 1226 1875 ipse
1241 1819 1371 1859 etiam
1395 1818 1600 1859 insanisse
1621 1831 1665 1858 se

231 1877 476 1927 confitetur,
498 1878 612 1932 quod
645 1893 778 1928 suam,
801 1876 915 1932 quod
947 1876 1181 1917 amicorum
1214 1875 1439 1931 pecuniam
1465 1875 1554 1931 regi
1576 1889 1666 1917 cre-

232 1933 389 1975 diderit
423 1949 521 1975 cum
560 1944 678 1975 tanto
710 1934 978 1975 fortunarum
1010 1947 1181 1974 suarum
1213 1932 1427 1989 periculo:
1459 1931 1543 1973 hoc
1573 1931 1667 1987 qui-

275 2067 315 2095 30
337 2069 368 2095 et
382 2066 451 2095 vita
467 2063 538 2104 ejus
551 2066 658 2095 oblata
668 2073 771 2105 poenoe
792 2063 852 2103 ese]
878 2064 930 2094 Sic

234 2105 306 2135 edd.
325 2116 397 2144 quoe
421 2118 438 2137 e
461 2107 721 2138 Waldarfeviana
743 2108 876 2143 fluxere,
891 2110 931 2136 ut

239 2150 328 2178 1480.
374 2149 468 2185 Aliae,
485 2159 557 2187 quae
581 2160 599 2178 e
627 2149 788 2185 Romana,
804 2155 834 2179 et
862 2149 931 2179 vita

235 2188 306 2227 ejus
322 2191 539 2229 ablatapaene
561 2195 618 2221 est.
634 2191 720 2229 quod
742 2196 776 2221 et
798 2192 832 2221 in
854 2191 931 2220 seri-

238 2232 302 2271 ptis
318 2236 482 2272 repertum
498 2238 560 2269 est,
578 2233 786 2272 restituitque
809 2233 931 2263 Groevi·

238 2283 293 2303 us:
319 2283 413 2311 quem
430 2274 580 2304 imitatus
596 2284 681 2305 sum.
698 2285 775 2305 nam
798 2274 860 2304 hoe
881 2278 931 2304 ta-

238 2325 313 2345 men
331 2315 541 2354 intelligitur,
562 2321 596 2346 et
618 2317 657 2346 de
681 2318 759 2346 vitae
784 2316 930 2356 periculo

239 2357 307 2387 sine
324 2357 422 2386 dubio
444 2357 548 2388 voluit
572 2359 685 2389 Cicero
712 2358 830 2395 dicere,
846 2358 931 2397 quod

239 2406 272 2428 et
288 2399 373 2428 infra
387 2406 621 2430 commemorat
641 2411 669 2429 e.
686 2404 715 2430 8.

281 2443 316 2471 31
345 2441 411 2470 Sed
425 2443 476 2479 egi
494 2443 526 2470 in
542 2444 598 2471 hoc
611 2442 757 2481 tandem]
782 2442 931 2472 Scriben-

240 2482 316 2512 dum
332 2487 454 2517 tamen,
477 2492 550 2513 mea
569 2489 684 2523 sponte
708 2485 784 2519 vidi,
799 2489 833 2513 et
858 2484 934 2522 quia

241 2525 273 2553 in
290 2525 425 2563 antiquo
440 2525 643 2554 Hotomanni
659 2526 776 2556 Codice
792 2526 867 2561 fuit,
886 2536 933 2555 re-

242 2567 329 2605 cepi:
356 2566 410 2596 ille
436 2567 544 2598 Codex
568 2567 720 2603 habebat,
744 2568 800 2597 sed
820 2568 852 2597 ¹in
878 2564 933 2596 lim}

242 2613 352 2638 {amen
380 2608 536 2639 Postumo
559 2611 737 2646 ignoscam,
760 2615 791 2638 et
820 2609 935 2640 deinde

243 2652 297 2688 qui
314 2651 451 2681 videam.
497 2651 558 2680 Sed
574 2651 604 2680 id
618 2651 726 2680 locum
745 2660 807 2681 non
826 2651 935 2682 habet.

242 2689 382 2722 Videtur
395 2698 504 2722 autem
519 2692 672 2723 excidisse·
685 2694 720 2722 in
733 2699 809 2723 ante
822 2704 892 2732 quo.

286 2736 326 2764 ‚²32
348 2735 578 2773 quamoptime
596 2735 787 2773 digesserat]
814 2736 876 2764 Alii
901 2736 937 2765 li-

245 2774 292 2804 bri
308 2780 465 2813 gesserat,
480 2776 565 2814 quod
586 2781 619 2806 et
640 2777 759 2816 recepit
783 2778 937 2807 Gra-vius

248 2818 325 2846 mihi
352 2818 480 2846 videtur
502 2818 563 2847 hoc
591 2823 699 2848 totum
724 2829 791 2847 ‹assi-
815 2818 937 2849 addita—

248 2866 396 2889 mentum
417 2860 616 2898 glossatoris,
634 2866 729 2899 atque
753 2860 937 2892 delendum.

974 2072 1049 2094 nam
1064 2062 1155 2093 tollit
1179 2062 1402 2102 :equalitatem
1430 2061 1665 2096 membrorum,

973 2107 1065 2145 cujus
1075 2106 1188 2136 Cicero
1203 2110 1252 2135 est
1266 2105 1536 2135 servantissimus,
1547 2103 1664 2142 quippe

973 2158 1014 2177 az·
1027 2148 1174 2177 doctrina
1188 2147 1271 2177 nihil
1282 2147 1386 2177 simile
1401 2146 1594 2185 adjunctum
1609 2144 1666 2174 ha-

975 2190 1043 2220 bet.
1061 2199 1155 2220 aures
1169 2199 1257 2219 meas
1271 2188 1400 2228 quidem
1420 2187 1489 2217 haec
1504 2186 1666 2226 particula

973 2232 1130 2262 orationis
1145 2240 1272 2271 semper
1284 2230 1429 2260 offendit.
1474 2227 1667 2267 Digesserac

973 2278 1023 2304 est
1038 2273 1256 2308 ordinaverat,
1272 2272 1500 2302 constituerat.

1015 2318 1056 2346 33
1078 2314 1177 2355 hujus
1190 2314 1337 2355 istius-f]
1364 2314 1494 2343 Durum
1516 2312 1587 2342 hoc.
1612 2323 1666 2342 ve-

975 2366 1048 2387 reor
1063 2367 1103 2387 ne
1117 2357 1313 2387 alterutrum
1336 2356 1378 2385 sit
1394 2355 1582 2385 insititinm.
1628 2354 1667 2384 ln

973 2399 1022 2429 ed.
1037 2399 1090 2429 w.
1107 2408 1173 2429 non
1190 2403 1239 2428 est
1254 2396 1363 2437 hujus.
1379 2407 1454 2427 mox
1469 2396 1582 2426 malim
1597 2406 1669 2426 ma·

965 2440 1025 2481 jor
1037 2442 1137 2471 etiam
1152 2450 1178 2470 s.
1195 2445 1237 2470 st.
1279 2440 1366 2469 Tum
1382 2438 1602 2479 moxsacinus
1617 2448 1670 2468 sa-

970 2481 1239 2522 pienter-sizonem
1252 2482 1322 2520 quis
1342 2482 1425 2512 serat
1437 2482 1449 2510 ?
1462 2480 1603 2520 ⁸facinus
1619 2486 1669 2510 est

976 2535 995 2554 a
1010 2524 1126 2564 glossa.
1170 2524 1254 2554 Item
1273 2524 1385 2553 statim
1412 2533 1485 2552 cum
1509 2521 1670 2552 Lambino

975 2573 1009 2596 et
1022 2566 1149 2596 Graevio
1165 2566 1246 2596 addo
1258 2575 1320 2594 non
1331 2579 1339 2593 :
1355 2565 1510 2604 siquidem
1522 2574 1586 2594 non
1600 2569 1670 2594 tam

977 2618 1101 2648 semper
1114 2609 1218 2638 stulti.
1235 2607 1321 2646 quod
1343 2613 1375 2636 et
1398 2607 1515 2646 recepi.
1531 2616 1606 2636 nam
1623 2607 1672 2636 ni-

980 2651 1040 2680 mis
1053 2649 1219 2680 evidenter
1234 2650 1398 2679 sententia
1414 2648 1569 2688 postulat.

1022 2695 1061 2722 :3⁴
1077 2693 1141 2731 ipse
1155 2693 1255 2722 eliam
1270 2692 1424 2720 insanisse
1437 2701 1469 2720 se
1483 2690 1668 2731 confltetur]

982 2734 1096 2764 Addidi
1111 2744 1155 2770 se,
1170 2739 1207 2763 ut
1222 2733 1368 2764 Graevius
1383 2744 1399 2762 e
1417 2732 1495 2762 cod.
1514 2732 1563 2762 Fr.
1573 2733 1672 2771 quod,

982 2782 1019 2806 ut
1046 2786 1130 2816 saepe
1155 2776 1292 2811 sactum,
1319 2775 1425 2805 finalis
1456 2775 1488 2804 in
1519 2775 1673 2804 insanisse

981 2819 1152 2858 absorpsit.
1198 2818 1328 2848 Habent
1365 2816 1436 2847 odd.
1467 2817 1507 2847 R.
1541 2816 1596 2846 W.
1626 2815 1674 2846 M.

983 2863 1041 2890 ἄν.
