<?xml version="1.0" encoding="UTF-8"?>
<!DOCTYPE html PUBLIC "-//W3C//DTD XHTML 1.0 Transitional//EN"
    "http://www.w3.org/TR/xhtml1/DTD/xhtml1-transitional.dtd">
<html xmlns="http://www.w3.org/1999/xhtml" xml:lang="en" lang="en">
 <head>
  <title>
</title>
<meta http-equiv="Content-Type" content="text/html;charset=utf-8" />
  <meta name='ocr-system' content='tesseract 3.04.00' />
  <meta name='ocr-capabilities' content='ocr_page ocr_carea ocr_par ocr_line ocrx_word'/>
</head>
<body>
  <div class='ocr_page' id='page_1' title='image "./p2operaomnia02ciceuoft_0645.png"; bbox 0 0 1785 3185; ppageno 0'>
   <div class='ocr_carea' id='block_1_1' title="bbox 522 108 1557 157">
    <p class='ocr_par' dir='ltr' id='par_1_1' title="bbox 522 108 1557 157">
     <span class='ocr_line' id='line_1_1' title="bbox 522 108 1557 157; baseline 0.001 -8"><span class='ocrx_word' id='word_1_1' title='bbox 522 108 876 150; x_wconf 77' lang='lat' dir='ltr'>PHILIPPICA</span> <span class='ocrx_word' id='word_1_2' title='bbox 903 109 1149 156; x_wconf 73' lang='lat' dir='ltr'>OCTAVA.</span> <span class='ocrx_word' id='word_1_3' title='bbox 1455 113 1557 157; x_wconf 71' lang='grc'>1359</span> 
     </span>
    </p>
   </div>
   <div class='ocr_carea' id='block_1_2' title="bbox 98 211 1675 2332">
    <p class='ocr_par' dir='ltr' id='par_1_2' title="bbox 108 211 1581 1069">
     <span class='ocr_line' id='line_1_2' title="bbox 115 211 1557 268; baseline -0.001 -12"><span class='ocrx_word' id='word_1_4' title='bbox 115 219 247 256; x_wconf 73' lang='lat' dir='ltr'>natus</span> <span class='ocrx_word' id='word_1_5' title='bbox 266 228 320 256; x_wconf 83' lang='lat' dir='ltr'>ea</span> <span class='ocrx_word' id='word_1_6' title='bbox 340 214 475 256; x_wconf 81' lang='lat' dir='ltr'>virtus</span> <span class='ocrx_word' id='word_1_7' title='bbox 509 213 675 264; x_wconf 87' lang='lat' dir='ltr'>fuisset,</span> <span class='ocrx_word' id='word_1_8' title='bbox 695 226 793 268; x_wconf 85' lang='lat' dir='ltr'>quae</span> <span class='ocrx_word' id='word_1_9' title='bbox 824 213 958 265; x_wconf 88' lang='lat' dir='ltr'>solet;</span> <span class='ocrx_word' id='word_1_10' title='bbox 988 223 1031 255; x_wconf 88' lang='lat' dir='ltr'>et</span> <span class='ocrx_word' id='word_1_11' title='bbox 1053 229 1150 255; x_wconf 91' lang='lat' dir='ltr'>eum</span> <span class='ocrx_word' id='word_1_12' title='bbox 1174 228 1218 256; x_wconf 89' lang='lat' dir='ltr'>re</span> <span class='ocrx_word' id='word_1_13' title='bbox 1240 211 1435 256; x_wconf 87' lang='lat' dir='ltr'>viderent</span> <span class='ocrx_word' id='word_1_14' title='bbox 1462 229 1557 256; x_wconf 83' lang='lat' dir='ltr'>orn-</span> 
     </span>
     <span class='ocr_line' id='line_1_3' title="bbox 121 270 1556 326; baseline 0.001 -14"><span class='ocrx_word' id='word_1_15' title='bbox 121 285 196 312; x_wconf 85' lang='lat' dir='ltr'>nes</span> <span class='ocrx_word' id='word_1_16' title='bbox 217 285 308 312; x_wconf 83' lang='lat' dir='ltr'>esse</span> <span class='ocrx_word' id='word_1_17' title='bbox 341 271 513 322; x_wconf 89' lang='lat' dir='ltr'>bellum,</span> <span class='ocrx_word' id='word_1_18' title='bbox 534 271 797 326; x_wconf 85' lang='lat' dir='ltr'>quidamque</span> <span class='ocrx_word' id='word_1_19' title='bbox 830 270 873 312; x_wconf 90' lang='lat' dir='ltr'>id</span> <span class='ocrx_word' id='word_1_20' title='bbox 898 271 1076 311; x_wconf 88' lang='lat' dir='ltr'>verbum</span> <span class='ocrx_word' id='word_1_21' title='bbox 1108 271 1413 312; x_wconf 90' lang='lat' dir='ltr'>removendum</span> <span class='ocrx_word' id='word_1_22' title='bbox 1441 272 1556 313; x_wconf 87' lang='lat' dir='ltr'>arbi-</span> 
     </span>
     <span class='ocr_line' id='line_1_4' title="bbox 116 326 1553 385; baseline 0.001 -17"><span class='ocrx_word' id='word_1_23' title='bbox 116 336 355 370; x_wconf 78' lang='lat' dir='ltr'>trarentur:</span> <span class='ocrx_word' id='word_1_24' title='bbox 379 337 452 369; x_wconf 84' lang='lat' dir='ltr'>tua</span> <span class='ocrx_word' id='word_1_25' title='bbox 470 327 666 369; x_wconf 90' lang='lat' dir='ltr'>voluntas</span> <span class='ocrx_word' id='word_1_26' title='bbox 688 326 732 368; x_wconf 87' lang='lat' dir='ltr'>in</span> <span class='ocrx_word' id='word_1_27' title='bbox 754 326 1015 368; x_wconf 86' lang='lat' dir='ltr'>discessione</span> <span class='ocrx_word' id='word_1_28' title='bbox 1036 327 1120 368; x_wconf 87' lang='lat' dir='ltr'>fuit</span> <span class='ocrx_word' id='word_1_29' title='bbox 1140 328 1192 368; x_wconf 84' lang='lat' dir='ltr'>ad</span> <span class='ocrx_word' id='word_1_30' title='bbox 1210 327 1430 369; x_wconf 85' lang='lat' dir='ltr'>lenitatem</span> <span class='ocrx_word' id='word_1_31' title='bbox 1454 344 1553 385; x_wconf 89' lang='lat' dir='ltr'>pro-</span> 
     </span>
     <span class='ocr_line' id='line_1_5' title="bbox 118 384 1553 442; baseline 0 -16"><span class='ocrx_word' id='word_1_32' title='bbox 118 385 306 440; x_wconf 81' lang='lat' dir='ltr'>pensior.</span> <span class='ocrx_word' id='word_1_33' title='bbox 366 384 494 426; x_wconf 84' lang='lat' dir='ltr'>Victa</span> <span class='ocrx_word' id='word_1_34' title='bbox 513 394 580 426; x_wconf 91' lang='lat' dir='ltr'>est</span> <span class='ocrx_word' id='word_1_35' title='bbox 600 384 734 442; x_wconf 83' lang='lat' dir='ltr'>igitur</span> <span class='ocrx_word' id='word_1_36' title='bbox 761 393 937 440; x_wconf 85' lang='lat' dir='ltr'>propter</span> <span class='ocrx_word' id='word_1_37' title='bbox 959 384 1076 425; x_wconf 91' lang='lat' dir='ltr'>verbi</span> <span class='ocrx_word' id='word_1_38' title='bbox 1101 385 1393 440; x_wconf 80' lang='lat' dir='ltr'>asperitatem,</span> <span class='ocrx_word' id='word_1_39' title='bbox 1415 395 1455 426; x_wconf 92' lang='lat' dir='ltr'>te</span> <span class='ocrx_word' id='word_1_40' title='bbox 1476 401 1553 426; x_wconf 87' lang='lat' dir='ltr'>au-</span> 
     </span>
     <span class='ocr_line' id='line_1_6' title="bbox 115 440 1550 496; baseline 0.001 -13"><span class='ocrx_word' id='word_1_41' title='bbox 115 450 250 493; x_wconf 89' lang='lat' dir='ltr'>ctore,</span> <span class='ocrx_word' id='word_1_42' title='bbox 292 452 439 483; x_wconf 88' lang='lat' dir='ltr'>nostra</span> <span class='ocrx_word' id='word_1_43' title='bbox 485 442 712 484; x_wconf 87' lang='lat' dir='ltr'>sententia.</span> <span class='ocrx_word' id='word_1_44' title='bbox 774 441 890 484; x_wconf 86' lang='lat' dir='ltr'>Vicit</span> <span class='ocrx_word' id='word_1_45' title='bbox 928 444 939 471; x_wconf 84' lang='lat'>1</span> <span class='ocrx_word' id='word_1_46' title='bbox 964 441 1012 482; x_wconf 91' lang='lat' dir='ltr'>L.</span> <span class='ocrx_word' id='word_1_47' title='bbox 1057 440 1255 492; x_wconf 73' lang='lat' dir='ltr'>Caesaris,</span> <span class='ocrx_word' id='word_1_48' title='bbox 1296 442 1550 496; x_wconf 85' lang='lat' dir='ltr'>amplissimi</span> 
     </span>
     <span class='ocr_line' id='line_1_7' title="bbox 118 497 1551 554; baseline -0.001 -15"><span class='ocrx_word' id='word_1_49' title='bbox 118 499 214 549; x_wconf 87' lang='lat' dir='ltr'>viri,</span> <span class='ocrx_word' id='word_1_50' title='bbox 235 500 309 554; x_wconf 91' lang='lat' dir='ltr'>qui</span> <span class='ocrx_word' id='word_1_51' title='bbox 344 499 462 541; x_wconf 86' lang='lat' dir='ltr'>verbi</span> <span class='ocrx_word' id='word_1_52' title='bbox 496 499 724 541; x_wconf 83' lang='lat' dir='ltr'>atrocitate</span> <span class='ocrx_word' id='word_1_53' title='bbox 755 498 915 550; x_wconf 85' lang='lat' dir='ltr'>demta,</span> <span class='ocrx_word' id='word_1_54' title='bbox 938 498 1133 540; x_wconf 85' lang='lat' dir='ltr'>oratione</span> <span class='ocrx_word' id='word_1_55' title='bbox 1165 497 1264 550; x_wconf 87' lang='lat' dir='ltr'>fuit,</span> <span class='ocrx_word' id='word_1_56' title='bbox 1293 512 1422 553; x_wconf 88' lang='lat' dir='ltr'>quam</span> <span class='ocrx_word' id='word_1_57' title='bbox 1457 513 1551 539; x_wconf 91' lang='lat' dir='ltr'>sen-</span> 
     </span>
     <span class='ocr_line' id='line_1_8' title="bbox 116 555 1549 612; baseline 0 -17"><span class='ocrx_word' id='word_1_58' title='bbox 116 556 265 607; x_wconf 81' lang='lat' dir='ltr'>tentia,</span> <span class='ocrx_word' id='word_1_59' title='bbox 286 556 436 598; x_wconf 89' lang='lat' dir='ltr'>lenior.</span> <span class='ocrx_word' id='word_1_60' title='bbox 470 557 746 612; x_wconf 82' lang='lat' dir='ltr'><strong>Quamquam</strong></span> <span class='ocrx_word' id='word_1_61' title='bbox 767 557 803 598; x_wconf 91' lang='lat' dir='ltr'>is</span> <span class='ocrx_word' id='word_1_62' title='bbox 825 555 1014 612; x_wconf 89' lang='lat' dir='ltr'>quidem,</span> <span class='ocrx_word' id='word_1_63' title='bbox 1037 566 1266 611; x_wconf 84' lang='lat' dir='ltr'>antequam</span> <span class='ocrx_word' id='word_1_64' title='bbox 1290 556 1549 601; x_wconf 85' lang='lat' dir='ltr'>sententiam</span> 
     </span>
     <span class='ocr_line' id='line_1_9' title="bbox 113 610 1549 670; baseline 0 -18"><span class='ocrx_word' id='word_1_65' title='bbox 113 610 292 665; x_wconf 87' lang='lat' dir='ltr'>diceret,</span> <span class='ocrx_word' id='word_1_66' title='bbox 316 614 681 670; x_wconf 82' lang='lat' dir='ltr'>propinquitatem</span> <span class='ocrx_word' id='word_1_67' title='bbox 704 614 943 655; x_wconf 76' lang='lat' dir='ltr'>excusavit.</span> <span class='ocrx_word' id='word_1_68' title='bbox 1005 611 1126 654; x_wconf 85' lang='lat' dir='ltr'>Idem</span> <span class='ocrx_word' id='word_1_69' title='bbox 1153 612 1326 663; x_wconf 87' lang='lat' dir='ltr'>fecerat,</span> <span class='ocrx_word' id='word_1_70' title='bbox 1350 627 1417 653; x_wconf 87' lang='lat' dir='ltr'>me</span> <span class='ocrx_word' id='word_1_71' title='bbox 1444 627 1549 653; x_wconf 79' lang='lat' dir='ltr'>con·</span> 
     </span>
     <span class='ocr_line' id='line_1_10' title="bbox 112 669 1551 727; baseline 0 -17"><span class='ocrx_word' id='word_1_72' title='bbox 112 669 279 720; x_wconf 86' lang='lat' dir='ltr'>sule,.in</span> <span class='ocrx_word' id='word_1_73' title='bbox 303 673 458 712; x_wconf 86' lang='lat' dir='ltr'>sororis</span> <span class='ocrx_word' id='word_1_74' title='bbox 483 672 589 723; x_wconf 91' lang='lat' dir='ltr'>viro,</span> <span class='ocrx_word' id='word_1_75' title='bbox 621 670 736 727; x_wconf 90' lang='lat' dir='ltr'>quod</span> <span class='ocrx_word' id='word_1_76' title='bbox 771 670 854 711; x_wconf 87' lang='lat' dir='ltr'>hoc</span> <span class='ocrx_word' id='word_1_77' title='bbox 887 679 1082 726; x_wconf 86' lang='lat' dir='ltr'>tempore</span> <span class='ocrx_word' id='word_1_78' title='bbox 1115 670 1156 711; x_wconf 90' lang='lat' dir='ltr'>in</span> <span class='ocrx_word' id='word_1_79' title='bbox 1193 670 1348 710; x_wconf 82' lang='lat' dir='ltr'>sororis</span> <span class='ocrx_word' id='word_1_80' title='bbox 1372 669 1476 720; x_wconf 82' lang='lat' dir='ltr'>filio,</span> <span class='ocrx_word' id='word_1_81' title='bbox 1500 679 1551 710; x_wconf 68' lang='lat' dir='ltr'>uu</span> 
     </span>
     <span class='ocr_line' id='line_1_11' title="bbox 108 726 1544 783; baseline 0.001 -17"><span class='ocrx_word' id='word_1_82' title='bbox 108 735 155 767; x_wconf 78' lang='lat' dir='ltr'>et</span> <span class='ocrx_word' id='word_1_83' title='bbox 176 727 294 769; x_wconf 86' lang='lat' dir='ltr'>luctu</span> <span class='ocrx_word' id='word_1_84' title='bbox 316 729 472 770; x_wconf 84' lang='lat' dir='ltr'>sororis</span> <span class='ocrx_word' id='word_1_85' title='bbox 505 737 763 779; x_wconf 85' lang='lat' dir='ltr'>moveretur,</span> <span class='ocrx_word' id='word_1_86' title='bbox 785 736 829 768; x_wconf 88' lang='lat' dir='ltr'>et</span> <span class='ocrx_word' id='word_1_87' title='bbox 851 726 1250 783; x_wconf 75' lang='lat' dir='ltr'>salutireipublieae</span> <span class='ocrx_word' id='word_1_88' title='bbox 1284 727 1544 782; x_wconf 86' lang='lat' dir='ltr'>provideret.</span> 
     </span>
     <span class='ocr_line' id='line_1_12' title="bbox 110 783 1581 841; baseline 0 -17"><span class='ocrx_word' id='word_1_89' title='bbox 110 783 256 839; x_wconf 81' lang='lat' dir='ltr'>Atque</span> <span class='ocrx_word' id='word_1_90' title='bbox 279 785 370 841; x_wconf 79' lang='lat' dir='ltr'>ipse</span> <span class='ocrx_word' id='word_1_91' title='bbox 393 796 534 827; x_wconf 81' lang='lat' dir='ltr'>tamen</span> <span class='ocrx_word' id='word_1_92' title='bbox 559 785 706 827; x_wconf 81' lang='lat' dir='ltr'>Caesar</span> <span class='ocrx_word' id='word_1_93' title='bbox 736 784 944 841; x_wconf 84' lang='lat' dir='ltr'>praecepit</span> <span class='ocrx_word' id='word_1_94' title='bbox 968 785 1089 825; x_wconf 79' lang='lat' dir='ltr'>vobis</span> <span class='ocrx_word' id='word_1_95' title='bbox 1111 784 1447 840; x_wconf 86' lang='lat' dir='ltr'>quodammodo,</span> <span class='ocrx_word' id='word_1_96' title='bbox 1469 789 1581 839; x_wconf 59' lang='lat' dir='ltr'>pil-2</span> 
     </span>
     <span class='ocr_line' id='line_1_13' title="bbox 112 841 1547 898; baseline 0.001 -18"><span class='ocrx_word' id='word_1_97' title='bbox 112 850 195 882; x_wconf 82' lang='lat' dir='ltr'>tres</span> <span class='ocrx_word' id='word_1_98' title='bbox 220 843 469 898; x_wconf 77' lang='lat' dir='ltr'>conscripti,</span> <span class='ocrx_word' id='word_1_99' title='bbox 493 857 545 884; x_wconf 91' lang='lat' dir='ltr'>ne</span> <span class='ocrx_word' id='word_1_100' title='bbox 572 842 652 883; x_wconf 92' lang='lat' dir='ltr'>sibi</span> <span class='ocrx_word' id='word_1_101' title='bbox 683 841 1012 894; x_wconf 80' lang='lat' dir='ltr'>assentiremini,</span> <span class='ocrx_word' id='word_1_102' title='bbox 1035 856 1134 883; x_wconf 88' lang='lat' dir='ltr'>eum</span> <span class='ocrx_word' id='word_1_103' title='bbox 1169 842 1230 882; x_wconf 82' lang='lat' dir='ltr'>ita</span> <span class='ocrx_word' id='word_1_104' title='bbox 1261 841 1390 892; x_wconf 80' lang='lat' dir='ltr'>dixit,</span> <span class='ocrx_word' id='word_1_105' title='bbox 1417 841 1547 882; x_wconf 87' lang='lat' dir='ltr'>aliam</span> 
     </span>
     <span class='ocr_line' id='line_1_14' title="bbox 109 897 1547 954; baseline 0 -16"><span class='ocrx_word' id='word_1_106' title='bbox 109 900 366 940; x_wconf 80' lang='lat' dir='ltr'>sententiam</span> <span class='ocrx_word' id='word_1_107' title='bbox 387 914 430 941; x_wconf 86' lang='lat' dir='ltr'>se</span> <span class='ocrx_word' id='word_1_108' title='bbox 451 901 666 941; x_wconf 88' lang='lat' dir='ltr'>dicturum</span> <span class='ocrx_word' id='word_1_109' title='bbox 691 899 836 950; x_wconf 81' lang='lat' dir='ltr'>fuisse,</span> <span class='ocrx_word' id='word_1_110' title='bbox 859 913 1040 954; x_wconf 89' lang='lat' dir='ltr'>eamque</span> <span class='ocrx_word' id='word_1_111' title='bbox 1072 913 1116 940; x_wconf 87' lang='lat' dir='ltr'>se</span> <span class='ocrx_word' id='word_1_112' title='bbox 1147 914 1197 940; x_wconf 89' lang='lat' dir='ltr'>ac</span> <span class='ocrx_word' id='word_1_113' title='bbox 1231 898 1453 954; x_wconf 78' lang='lat' dir='ltr'>republica</span> <span class='ocrx_word' id='word_1_114' title='bbox 1482 897 1547 938; x_wconf 89' lang='lat' dir='ltr'>di-</span> 
     </span>
     <span class='ocr_line' id='line_1_15' title="bbox 108 955 1548 1014; baseline 0.001 -19"><span class='ocrx_word' id='word_1_115' title='bbox 108 969 256 1010; x_wconf 82' lang='lat' dir='ltr'>gnam,</span> <span class='ocrx_word' id='word_1_116' title='bbox 277 956 359 997; x_wconf 86' lang='lat' dir='ltr'>nisi</span> <span class='ocrx_word' id='word_1_117' title='bbox 392 957 714 1014; x_wconf 82' lang='lat' dir='ltr'>propinquitate</span> <span class='ocrx_word' id='word_1_118' title='bbox 744 956 1037 1012; x_wconf 83' lang='lat' dir='ltr'>impediretur.</span> <span class='ocrx_word' id='word_1_119' title='bbox 1089 958 1109 988; x_wconf 73' lang='lat'><strong>2</strong></span> <span class='ocrx_word' id='word_1_120' title='bbox 1124 955 1242 1012; x_wconf 86' lang='lat' dir='ltr'>Ergo</span> <span class='ocrx_word' id='word_1_121' title='bbox 1264 955 1334 996; x_wconf 90' lang='lat' dir='ltr'>ille</span> <span class='ocrx_word' id='word_1_122' title='bbox 1356 970 1548 997; x_wconf 79' lang='lat' dir='ltr'>avuncu-</span> 
     </span>
     <span class='ocr_line' id='line_1_16' title="bbox 109 1012 1321 1069; baseline 0.002 -16"><span class='ocrx_word' id='word_1_123' title='bbox 109 1012 189 1054; x_wconf 73' lang='lat' dir='ltr'>lus.</span> <span class='ocrx_word' id='word_1_124' title='bbox 213 1027 315 1054; x_wconf 88' lang='lat' dir='ltr'>num</span> <span class='ocrx_word' id='word_1_125' title='bbox 335 1016 468 1056; x_wconf 80' lang='lat' dir='ltr'>etiam</span> <span class='ocrx_word' id='word_1_126' title='bbox 493 1029 568 1056; x_wconf 89' lang='lat' dir='ltr'>vos</span> <span class='ocrx_word' id='word_1_127' title='bbox 591 1013 806 1064; x_wconf 86' lang='lat' dir='ltr'>avunculi,</span> <span class='ocrx_word' id='word_1_128' title='bbox 829 1014 900 1069; x_wconf 89' lang='lat' dir='ltr'>qui</span> <span class='ocrx_word' id='word_1_129' title='bbox 926 1013 983 1054; x_wconf 91' lang='lat' dir='ltr'>illi</span> <span class='ocrx_word' id='word_1_130' title='bbox 1007 1014 1109 1054; x_wconf 84' lang='lat' dir='ltr'>estis</span> <span class='ocrx_word' id='word_1_131' title='bbox 1130 1013 1321 1055; x_wconf 76' lang='lat' dir='ltr'>assensi?</span> 
     </span>
    </p>

    <p class='ocr_par' dir='ltr' id='par_1_3' title="bbox 98 1068 1675 2332">
     <span class='ocr_line' id='line_1_17' title="bbox 166 1068 1548 1126; baseline 0.001 -17"><span class='ocrx_word' id='word_1_132' title='bbox 166 1069 226 1110; x_wconf 82' lang='lat' dir='ltr'>At</span> <span class='ocrx_word' id='word_1_133' title='bbox 249 1070 292 1111; x_wconf 91' lang='lat' dir='ltr'>in</span> <span class='ocrx_word' id='word_1_134' title='bbox 312 1086 399 1126; x_wconf 88' lang='lat' dir='ltr'>quo</span> <span class='ocrx_word' id='word_1_135' title='bbox 422 1071 503 1113; x_wconf 82' lang='lat' dir='ltr'>fuit</span> <span class='ocrx_word' id='word_1_136' title='bbox 526 1072 848 1114; x_wconf 80' lang='lat' dir='ltr'>controversia?</span> <span class='ocrx_word' id='word_1_137' title='bbox 899 1070 1007 1112; x_wconf 85' lang='lat' dir='ltr'>Belli</span> <span class='ocrx_word' id='word_1_138' title='bbox 1041 1085 1198 1112; x_wconf 88' lang='lat' dir='ltr'>nomen</span> <span class='ocrx_word' id='word_1_139' title='bbox 1226 1069 1473 1126; x_wconf 89' lang='lat' dir='ltr'>ponendum</span> <span class='ocrx_word' id='word_1_140' title='bbox 1502 1068 1548 1112; x_wconf 71' lang='lat' dir='ltr'>in</span> 
     </span>
     <span class='ocr_line' id='line_1_18' title="bbox 109 1126 1545 1185; baseline 0.001 -20"><span class='ocrx_word' id='word_1_141' title='bbox 109 1128 324 1168; x_wconf 74' lang='lat' dir='ltr'>sententia</span> <span class='ocrx_word' id='word_1_142' title='bbox 343 1129 520 1184; x_wconf 83' lang='lat' dir='ltr'>quidam</span> <span class='ocrx_word' id='word_1_143' title='bbox 542 1144 628 1170; x_wconf 89' lang='lat' dir='ltr'>non</span> <span class='ocrx_word' id='word_1_144' title='bbox 654 1129 889 1185; x_wconf 82' lang='lat' dir='ltr'>putabant:</span> <span class='ocrx_word' id='word_1_145' title='bbox 923 1127 1155 1169; x_wconf 88' lang='lat' dir='ltr'>tumultum</span> <span class='ocrx_word' id='word_1_146' title='bbox 1179 1127 1393 1184; x_wconf 85' lang='lat' dir='ltr'>appellare</span> <span class='ocrx_word' id='word_1_147' title='bbox 1414 1126 1545 1168; x_wconf 85' lang='lat' dir='ltr'>male-</span> 
     </span>
     <span class='ocr_line' id='line_1_19' title="bbox 108 1183 1544 1241; baseline 0.001 -19"><span class='ocrx_word' id='word_1_148' title='bbox 108 1183 228 1235; x_wconf 84' lang='lat' dir='ltr'>bant,</span> <span class='ocrx_word' id='word_1_149' title='bbox 251 1184 387 1240; x_wconf 82' lang='lat' dir='ltr'>ignari</span> <span class='ocrx_word' id='word_1_150' title='bbox 412 1201 498 1228; x_wconf 84' lang='lat' dir='ltr'>non</span> <span class='ocrx_word' id='word_1_151' title='bbox 532 1187 662 1229; x_wconf 85' lang='lat' dir='ltr'>modo</span> <span class='ocrx_word' id='word_1_152' title='bbox 686 1201 838 1235; x_wconf 80' lang='lat' dir='ltr'>rerum,</span> <span class='ocrx_word' id='word_1_153' title='bbox 862 1185 933 1226; x_wconf 81' lang='lat' dir='ltr'>sed</span> <span class='ocrx_word' id='word_1_154' title='bbox 967 1186 1097 1226; x_wconf 89' lang='lat' dir='ltr'>etiam</span> <span class='ocrx_word' id='word_1_155' title='bbox 1121 1186 1367 1226; x_wconf 87' lang='lat' dir='ltr'>verborum.</span> <span class='ocrx_word' id='word_1_156' title='bbox 1400 1194 1544 1241; x_wconf 85' lang='lat' dir='ltr'>potest</span> 
     </span>
     <span class='ocr_line' id='line_1_20' title="bbox 105 1241 1546 1285; baseline 0.001 -5"><span class='ocrx_word' id='word_1_157' title='bbox 105 1241 221 1282; x_wconf 84' lang='lat' dir='ltr'>enim</span> <span class='ocrx_word' id='word_1_158' title='bbox 253 1257 345 1283; x_wconf 84' lang='lat' dir='ltr'>esse</span> <span class='ocrx_word' id='word_1_159' title='bbox 379 1244 534 1285; x_wconf 84' lang='lat' dir='ltr'>bellum</span> <span class='ocrx_word' id='word_1_160' title='bbox 571 1245 662 1285; x_wconf 89' lang='lat' dir='ltr'>sine</span> <span class='ocrx_word' id='word_1_161' title='bbox 694 1243 908 1284; x_wconf 85' lang='lat' dir='ltr'>tumultu:</span> <span class='ocrx_word' id='word_1_162' title='bbox 942 1242 1150 1284; x_wconf 83' lang='lat' dir='ltr'>tumultus</span> <span class='ocrx_word' id='word_1_163' title='bbox 1182 1256 1274 1283; x_wconf 82' lang='lat' dir='ltr'>esse</span> <span class='ocrx_word' id='word_1_164' title='bbox 1309 1243 1400 1282; x_wconf 91' lang='lat' dir='ltr'>sine</span> <span class='ocrx_word' id='word_1_165' title='bbox 1429 1241 1546 1283; x_wconf 88' lang='lat' dir='ltr'>bello.</span> 
     </span>
     <span class='ocr_line' id='line_1_21' title="bbox 107 1299 1580 1355; baseline 0.001 -18"><span class='ocrx_word' id='word_1_166' title='bbox 107 1311 193 1338; x_wconf 83' lang='lat' dir='ltr'>non</span> <span class='ocrx_word' id='word_1_167' title='bbox 229 1310 386 1355; x_wconf 82' lang='lat' dir='ltr'>potest.</span> <span class='ocrx_word' id='word_1_168' title='bbox 439 1304 457 1331; x_wconf 90' lang='grc'><strong>3</strong></span> <span class='ocrx_word' id='word_1_169' title='bbox 475 1302 594 1349; x_wconf 79' lang='lat' dir='ltr'>Quid</span> <span class='ocrx_word' id='word_1_170' title='bbox 630 1310 696 1343; x_wconf 82' lang='lat' dir='ltr'>est</span> <span class='ocrx_word' id='word_1_171' title='bbox 739 1300 852 1341; x_wconf 76' lang='lat' dir='ltr'>enirn</span> <span class='ocrx_word' id='word_1_172' title='bbox 890 1299 1113 1350; x_wconf 85' lang='lat' dir='ltr'>tumultus,</span> <span class='ocrx_word' id='word_1_173' title='bbox 1153 1300 1233 1340; x_wconf 89' lang='lat' dir='ltr'>nisi</span> <span class='ocrx_word' id='word_1_174' title='bbox 1273 1299 1580 1355; x_wconf 75' lang='lat' dir='ltr'>perturbati03</span> 
     </span>
     <span class='ocr_line' id='line_1_22' title="bbox 110 1356 1548 1414; baseline 0.001 -19"><span class='ocrx_word' id='word_1_175' title='bbox 110 1365 244 1407; x_wconf 74' lang='lat' dir='ltr'>tanta,</span> <span class='ocrx_word' id='word_1_176' title='bbox 264 1367 312 1398; x_wconf 87' lang='lat' dir='ltr'>ut</span> <span class='ocrx_word' id='word_1_177' title='bbox 334 1359 472 1414; x_wconf 87' lang='lat' dir='ltr'>major</span> <span class='ocrx_word' id='word_1_178' title='bbox 494 1360 624 1400; x_wconf 89' lang='lat' dir='ltr'>timor</span> <span class='ocrx_word' id='word_1_179' title='bbox 654 1358 844 1400; x_wconf 81' lang='lat' dir='ltr'>oriatur?</span> <span class='ocrx_word' id='word_1_180' title='bbox 876 1358 989 1399; x_wconf 87' lang='lat' dir='ltr'>unde</span> <span class='ocrx_word' id='word_1_181' title='bbox 1017 1357 1147 1398; x_wconf 84' lang='lat' dir='ltr'>etiarn</span> <span class='ocrx_word' id='word_1_182' title='bbox 1183 1371 1338 1398; x_wconf 88' lang='lat' dir='ltr'>nomen</span> <span class='ocrx_word' id='word_1_183' title='bbox 1363 1356 1548 1398; x_wconf 82' lang='lat' dir='ltr'>ductum</span> 
     </span>
     <span class='ocr_line' id='line_1_23' title="bbox 107 1412 1543 1472; baseline 0.002 -21"><span class='ocrx_word' id='word_1_184' title='bbox 107 1424 172 1453; x_wconf 80' lang='lat' dir='ltr'>est</span> <span class='ocrx_word' id='word_1_185' title='bbox 197 1414 418 1457; x_wconf 75' lang='lat' dir='ltr'>tumultus,</span> <span class='ocrx_word' id='word_1_186' title='bbox 482 1416 634 1472; x_wconf 85' lang='lat' dir='ltr'>Itaque</span> <span class='ocrx_word' id='word_1_187' title='bbox 666 1415 850 1471; x_wconf 83' lang='lat' dir='ltr'>majores</span> <span class='ocrx_word' id='word_1_188' title='bbox 884 1414 1035 1465; x_wconf 84' lang='lat' dir='ltr'>nostri,</span> <span class='ocrx_word' id='word_1_189' title='bbox 1058 1414 1290 1455; x_wconf 79' lang='lat' dir='ltr'>tumultum</span> <span class='ocrx_word' id='word_1_190' title='bbox 1325 1412 1543 1465; x_wconf 80' lang='lat' dir='ltr'>Italicum,</span> 
     </span>
     <span class='ocr_line' id='line_1_24' title="bbox 107 1470 1545 1526; baseline 0.001 -17"><span class='ocrx_word' id='word_1_191' title='bbox 107 1471 221 1523; x_wconf 85' lang='lat' dir='ltr'>quod</span> <span class='ocrx_word' id='word_1_192' title='bbox 245 1484 335 1513; x_wconf 75' lang='lat' dir='ltr'>erat</span> <span class='ocrx_word' id='word_1_193' title='bbox 356 1473 639 1526; x_wconf 81' lang='lat' dir='ltr'>domesticus3</span> <span class='ocrx_word' id='word_1_194' title='bbox 673 1472 904 1513; x_wconf 75' lang='lat' dir='ltr'>tuinultum</span> <span class='ocrx_word' id='word_1_195' title='bbox 938 1472 1172 1522; x_wconf 89' lang='lat' dir='ltr'>Gallicum,</span> <span class='ocrx_word' id='word_1_196' title='bbox 1194 1470 1309 1526; x_wconf 91' lang='lat' dir='ltr'>quod</span> <span class='ocrx_word' id='word_1_197' title='bbox 1340 1481 1431 1512; x_wconf 86' lang='lat' dir='ltr'>erat</span> <span class='ocrx_word' id='word_1_198' title='bbox 1454 1470 1545 1512; x_wconf 87' lang='lat' dir='ltr'>Ita-</span> 
     </span>
     <span class='ocr_line' id='line_1_25' title="bbox 104 1519 1675 1592; baseline 0.001 -26"><span class='ocrx_word' id='word_1_199' title='bbox 104 1526 174 1568; x_wconf 84' lang='lat' dir='ltr'>liae</span> <span class='ocrx_word' id='word_1_200' title='bbox 200 1527 422 1582; x_wconf 82' lang='lat' dir='ltr'>finitimus,</span> <span class='ocrx_word' id='word_1_201' title='bbox 445 1540 653 1587; x_wconf 83' lang='lat' dir='ltr'>praeterea</span> <span class='ocrx_word' id='word_1_202' title='bbox 675 1530 871 1571; x_wconf 81' lang='lat' dir='ltr'>4nullum</span> <span class='ocrx_word' id='word_1_203' title='bbox 900 1529 1196 1570; x_wconf 85' lang='lat' dir='ltr'>nominabant.</span> <span class='ocrx_word' id='word_1_204' title='bbox 1257 1528 1444 1569; x_wconf 86' lang='lat' dir='ltr'>Gravius</span> <span class='ocrx_word' id='word_1_205' title='bbox 1467 1542 1542 1569; x_wconf 88' lang='lat' dir='ltr'>au·</span> <span class='ocrx_word' id='word_1_206' title='bbox 1555 1519 1675 1592; x_wconf 55' lang='lat'>{²¹⁵⁶</span> 
     </span>
     <span class='ocr_line' id='line_1_26' title="bbox 105 1584 1586 1645; baseline 0.002 -22"><span class='ocrx_word' id='word_1_207' title='bbox 105 1593 190 1625; x_wconf 83' lang='lat' dir='ltr'>tem</span> <span class='ocrx_word' id='word_1_208' title='bbox 216 1587 447 1628; x_wconf 87' lang='lat' dir='ltr'>tumultum</span> <span class='ocrx_word' id='word_1_209' title='bbox 470 1603 575 1639; x_wconf 82' lang='lat' dir='ltr'>esse,</span> <span class='ocrx_word' id='word_1_210' title='bbox 598 1603 726 1645; x_wconf 83' lang='lat' dir='ltr'>quam</span> <span class='ocrx_word' id='word_1_211' title='bbox 751 1587 923 1637; x_wconf 86' lang='lat' dir='ltr'>bellum,</span> <span class='ocrx_word' id='word_1_212' title='bbox 945 1586 1048 1627; x_wconf 87' lang='lat' dir='ltr'>hine</span> <span class='ocrx_word' id='word_1_213' title='bbox 1070 1585 1252 1642; x_wconf 86' lang='lat' dir='ltr'>intelligi</span> <span class='ocrx_word' id='word_1_214' title='bbox 1285 1585 1402 1636; x_wconf 88' lang='lat' dir='ltr'>licet,</span> <span class='ocrx_word' id='word_1_215' title='bbox 1423 1586 1541 1641; x_wconf 89' lang='lat' dir='ltr'>quod</span> <span class='ocrx_word' id='word_1_216' title='bbox 1579 1584 1586 1592; x_wconf 84' lang='grc'><em>“</em></span> 
     </span>
     <span class='ocr_line' id='line_1_27' title="bbox 106 1642 1543 1697; baseline -0.001 -14"><span class='ocrx_word' id='word_1_217' title='bbox 106 1642 217 1684; x_wconf 85' lang='lat' dir='ltr'>bello</span> <span class='ocrx_word' id='word_1_218' title='bbox 241 1646 485 1686; x_wconf 75' lang='lat' dir='ltr'>vacationes</span> <span class='ocrx_word' id='word_1_219' title='bbox 506 1647 664 1696; x_wconf 82' lang='lat' dir='ltr'>valent,</span> <span class='ocrx_word' id='word_1_220' title='bbox 696 1643 883 1686; x_wconf 88' lang='lat' dir='ltr'>tumultu</span> <span class='ocrx_word' id='word_1_221' title='bbox 903 1658 992 1686; x_wconf 83' lang='lat' dir='ltr'>non</span> <span class='ocrx_word' id='word_1_222' title='bbox 1016 1643 1173 1685; x_wconf 87' lang='lat' dir='ltr'>valent.</span> <span class='ocrx_word' id='word_1_223' title='bbox 1206 1644 1266 1684; x_wconf 72' lang='lat' dir='ltr'>ita</span> <span class='ocrx_word' id='word_1_224' title='bbox 1296 1643 1362 1694; x_wconf 86' lang='lat' dir='ltr'>fit,</span> <span class='ocrx_word' id='word_1_225' title='bbox 1391 1656 1543 1697; x_wconf 54' lang='lat' dir='ltr'>quemq</span> 
     </span>
     <span class='ocr_line' id='line_1_28' title="bbox 102 1699 1542 1757; baseline -0.001 -15"><span class='ocrx_word' id='word_1_226' title='bbox 102 1702 338 1744; x_wconf 83' lang='lat' dir='ltr'>admodum</span> <span class='ocrx_word' id='word_1_227' title='bbox 374 1704 482 1754; x_wconf 77' lang='lat' dir='ltr'>dixi,</span> <span class='ocrx_word' id='word_1_228' title='bbox 516 1713 563 1744; x_wconf 90' lang='lat' dir='ltr'>ut</span> <span class='ocrx_word' id='word_1_229' title='bbox 606 1702 760 1745; x_wconf 86' lang='lat' dir='ltr'>bellum</span> <span class='ocrx_word' id='word_1_230' title='bbox 805 1703 897 1743; x_wconf 89' lang='lat' dir='ltr'>sine</span> <span class='ocrx_word' id='word_1_231' title='bbox 930 1701 1118 1742; x_wconf 82' lang='lat' dir='ltr'>tumultu</span> <span class='ocrx_word' id='word_1_232' title='bbox 1151 1700 1302 1757; x_wconf 83' lang='lat' dir='ltr'>possit,</span> <span class='ocrx_word' id='word_1_233' title='bbox 1332 1699 1542 1741; x_wconf 83' lang='lat' dir='ltr'>tumultus</span> 
     </span>
     <span class='ocr_line' id='line_1_29' title="bbox 103 1757 1579 1818; baseline -0.001 -19"><span class='ocrx_word' id='word_1_234' title='bbox 103 1759 194 1800; x_wconf 65' lang='lat' dir='ltr'>¹«sine</span> <span class='ocrx_word' id='word_1_235' title='bbox 218 1759 327 1802; x_wconf 86' lang='lat' dir='ltr'>bello</span> <span class='ocrx_word' id='word_1_236' title='bbox 348 1773 440 1802; x_wconf 79' lang='lat' dir='ltr'>esse</span> <span class='ocrx_word' id='word_1_237' title='bbox 462 1776 550 1802; x_wconf 90' lang='lat' dir='ltr'>non</span> <span class='ocrx_word' id='word_1_238' title='bbox 575 1761 724 1818; x_wconf 85' lang='lat' dir='ltr'>possit.</span> <span class='ocrx_word' id='word_1_239' title='bbox 772 1758 945 1800; x_wconf 88' lang='lat' dir='ltr'>Etenim</span> <span class='ocrx_word' id='word_1_240' title='bbox 967 1773 1066 1800; x_wconf 87' lang='lat' dir='ltr'>eum</span> <span class='ocrx_word' id='word_1_241' title='bbox 1087 1759 1201 1799; x_wconf 83' lang='lat' dir='ltr'>inter</span> <span class='ocrx_word' id='word_1_242' title='bbox 1225 1757 1381 1798; x_wconf 89' lang='lat' dir='ltr'>bellum</span> <span class='ocrx_word' id='word_1_243' title='bbox 1404 1767 1448 1798; x_wconf 89' lang='lat' dir='ltr'>et</span> <span class='ocrx_word' id='word_1_244' title='bbox 1468 1764 1579 1813; x_wconf 82' lang='lat' dir='ltr'>pa-4</span> 
     </span>
     <span class='ocr_line' id='line_1_30' title="bbox 102 1814 1546 1867; baseline 0 -9"><span class='ocrx_word' id='word_1_245' title='bbox 102 1831 194 1858; x_wconf 84' lang='lat' dir='ltr'>cem</span> <span class='ocrx_word' id='word_1_246' title='bbox 219 1818 409 1860; x_wconf 88' lang='lat' dir='ltr'>medium</span> <span class='ocrx_word' id='word_1_247' title='bbox 443 1819 551 1860; x_wconf 86' lang='lat' dir='ltr'>nihil</span> <span class='ocrx_word' id='word_1_248' title='bbox 580 1819 656 1860; x_wconf 88' lang='lat' dir='ltr'>sit:</span> <span class='ocrx_word' id='word_1_249' title='bbox 690 1831 862 1859; x_wconf 86' lang='lat' dir='ltr'>neeesse</span> <span class='ocrx_word' id='word_1_250' title='bbox 889 1824 972 1867; x_wconf 87' lang='lat' dir='ltr'>est,</span> <span class='ocrx_word' id='word_1_251' title='bbox 995 1815 1244 1866; x_wconf 88' lang='lat' dir='ltr'>tumultum,</span> <span class='ocrx_word' id='word_1_252' title='bbox 1267 1814 1300 1855; x_wconf 83' lang='lat' dir='ltr'>si</span> <span class='ocrx_word' id='word_1_253' title='bbox 1324 1814 1423 1856; x_wconf 88' lang='lat' dir='ltr'>belli</span> <span class='ocrx_word' id='word_1_254' title='bbox 1454 1829 1546 1858; x_wconf 78' lang='lat' dir='ltr'>non</span> 
     </span>
     <span class='ocr_line' id='line_1_31' title="bbox 104 1871 1546 1933; baseline -0.002 -18"><span class='ocrx_word' id='word_1_255' title='bbox 104 1874 173 1925; x_wconf 79' lang='lat' dir='ltr'>sit,</span> <span class='ocrx_word' id='word_1_256' title='bbox 198 1876 314 1931; x_wconf 83' lang='lat' dir='ltr'>pacis</span> <span class='ocrx_word' id='word_1_257' title='bbox 346 1890 453 1917; x_wconf 86' lang='lat' dir='ltr'>esse.</span> <span class='ocrx_word' id='word_1_258' title='bbox 479 1891 566 1933; x_wconf 89' lang='lat' dir='ltr'>quo</span> <span class='ocrx_word' id='word_1_259' title='bbox 593 1876 698 1933; x_wconf 89' lang='lat' dir='ltr'>quid</span> <span class='ocrx_word' id='word_1_260' title='bbox 721 1873 948 1917; x_wconf 86' lang='lat' dir='ltr'>absurdius</span> <span class='ocrx_word' id='word_1_261' title='bbox 969 1873 1057 1914; x_wconf 89' lang='lat' dir='ltr'>diei</span> <span class='ocrx_word' id='word_1_262' title='bbox 1079 1883 1155 1914; x_wconf 82' lang='lat' dir='ltr'>aut</span> <span class='ocrx_word' id='word_1_263' title='bbox 1184 1871 1424 1914; x_wconf 80' lang='lat' dir='ltr'>existimari</span> <span class='ocrx_word' id='word_1_264' title='bbox 1447 1880 1546 1928; x_wconf 84' lang='lat' dir='ltr'>pot·</span> 
     </span>
     <span class='ocr_line' id='line_1_32' title="bbox 101 1929 1544 1988; baseline -0.002 -16"><span class='ocrx_word' id='word_1_265' title='bbox 101 1934 194 1973; x_wconf 83' lang='lat' dir='ltr'>est?</span> <span class='ocrx_word' id='word_1_266' title='bbox 226 1933 308 1979; x_wconf 88' lang='lat' dir='ltr'>Sed</span> <span class='ocrx_word' id='word_1_267' title='bbox 328 1933 456 1974; x_wconf 88' lang='lat' dir='ltr'>nimis</span> <span class='ocrx_word' id='word_1_268' title='bbox 477 1934 615 1976; x_wconf 81' lang='lat' dir='ltr'>multa</span> <span class='ocrx_word' id='word_1_269' title='bbox 648 1933 701 1974; x_wconf 88' lang='lat' dir='ltr'>de</span> <span class='ocrx_word' id='word_1_270' title='bbox 735 1933 895 1974; x_wconf 83' lang='lat' dir='ltr'>verbo:</span> <span class='ocrx_word' id='word_1_271' title='bbox 927 1945 1017 1973; x_wconf 89' lang='lat' dir='ltr'>rem</span> <span class='ocrx_word' id='word_1_272' title='bbox 1046 1930 1191 1988; x_wconf 89' lang='lat' dir='ltr'>potius</span> <span class='ocrx_word' id='word_1_273' title='bbox 1214 1929 1448 1980; x_wconf 87' lang='lat' dir='ltr'>videamus,</span> <span class='ocrx_word' id='word_1_274' title='bbox 1469 1944 1544 1985; x_wconf 72' lang='lat' dir='ltr'>pa-</span> 
     </span>
     <span class='ocr_line' id='line_1_33' title="bbox 101 1986 1539 2047; baseline -0.001 -18"><span class='ocrx_word' id='word_1_275' title='bbox 101 1999 187 2030; x_wconf 79' lang='lat' dir='ltr'>tres</span> <span class='ocrx_word' id='word_1_276' title='bbox 206 1990 456 2047; x_wconf 86' lang='lat' dir='ltr'>conscripti,</span> <span class='ocrx_word' id='word_1_277' title='bbox 479 2006 609 2047; x_wconf 88' lang='lat' dir='ltr'>quam</span> <span class='ocrx_word' id='word_1_278' title='bbox 627 1989 802 2046; x_wconf 89' lang='lat' dir='ltr'>quidem</span> <span class='ocrx_word' id='word_1_279' title='bbox 823 1987 1020 2045; x_wconf 86' lang='lat' dir='ltr'>intelligo</span> <span class='ocrx_word' id='word_1_280' title='bbox 1041 1989 1174 2030; x_wconf 82' lang='lat' dir='ltr'>verbo</span> <span class='ocrx_word' id='word_1_281' title='bbox 1203 1986 1296 2029; x_wconf 87' lang='lat' dir='ltr'>fieri</span> <span class='ocrx_word' id='word_1_282' title='bbox 1325 1986 1539 2028; x_wconf 85' lang='lat' dir='ltr'>interdum</span> 
     </span>
     <span class='ocr_line' id='line_1_34' title="bbox 98 2038 1593 2090; baseline -0.001 -3"><span class='ocrx_word' id='word_1_283' title='bbox 98 2046 359 2088; x_wconf 84' lang='lat' dir='ltr'>deteriorem</span> <span class='ocrx_word' id='word_1_284' title='bbox 397 2048 547 2090; x_wconf 84' lang='lat' dir='ltr'>solere.</span> <span class='ocrx_word' id='word_1_285' title='bbox 587 2050 618 2079; x_wconf 82' lang='grc'>-5</span> <span class='ocrx_word' id='word_1_286' title='bbox 634 2046 847 2090; x_wconf 90' lang='lat' dir='ltr'>Nolumus</span> <span class='ocrx_word' id='word_1_287' title='bbox 880 2046 965 2087; x_wconf 91' lang='lat' dir='ltr'>hoc</span> <span class='ocrx_word' id='word_1_288' title='bbox 998 2045 1157 2087; x_wconf 88' lang='lat' dir='ltr'>bellum</span> <span class='ocrx_word' id='word_1_289' title='bbox 1181 2043 1333 2086; x_wconf 86' lang='lat' dir='ltr'>videri.</span> <span class='ocrx_word' id='word_1_290' title='bbox 1395 2044 1540 2090; x_wconf 79' lang='lat' dir='ltr'>Quam</span> <span class='ocrx_word' id='word_1_291' title='bbox 1554 2038 1593 2089; x_wconf 66' lang='lat'>2,</span> 
     </span>
     <span class='ocr_line' id='line_1_35' title="bbox 100 2100 1542 2162; baseline -0.002 -18"><span class='ocrx_word' id='word_1_292' title='bbox 100 2103 238 2159; x_wconf 78' lang='lat' dir='ltr'>igitur</span> <span class='ocrx_word' id='word_1_293' title='bbox 258 2105 507 2162; x_wconf 88' lang='lat' dir='ltr'>municipiis</span> <span class='ocrx_word' id='word_1_294' title='bbox 527 2114 572 2147; x_wconf 89' lang='lat' dir='ltr'>et</span> <span class='ocrx_word' id='word_1_295' title='bbox 592 2104 774 2147; x_wconf 84' lang='lat' dir='ltr'>coloniis</span> <span class='ocrx_word' id='word_1_296' title='bbox 796 2104 849 2145; x_wconf 87' lang='lat' dir='ltr'>ad</span> <span class='ocrx_word' id='word_1_297' title='bbox 868 2102 1186 2144; x_wconf 84' lang='lat' dir='ltr'>excludendum</span> <span class='ocrx_word' id='word_1_298' title='bbox 1203 2100 1446 2142; x_wconf 88' lang='lat' dir='ltr'>Antonium</span> <span class='ocrx_word' id='word_1_299' title='bbox 1465 2115 1542 2142; x_wconf 90' lang='lat' dir='ltr'>au-</span> 
     </span>
     <span class='ocr_line' id='line_1_36' title="bbox 99 2157 1541 2218; baseline -0.003 -16"><span class='ocrx_word' id='word_1_300' title='bbox 99 2161 348 2210; x_wconf 74' lang='lat' dir='ltr'>ctoritatem</span> <span class='ocrx_word' id='word_1_301' title='bbox 371 2163 549 2205; x_wconf 80' lang='lat' dir='ltr'>damus?</span> <span class='ocrx_word' id='word_1_302' title='bbox 578 2177 723 2218; x_wconf 85' lang='lat' dir='ltr'>quam,</span> <span class='ocrx_word' id='word_1_303' title='bbox 748 2170 794 2202; x_wconf 87' lang='lat' dir='ltr'>ut</span> <span class='ocrx_word' id='word_1_304' title='bbox 816 2159 972 2201; x_wconf 89' lang='lat' dir='ltr'>milites</span> <span class='ocrx_word' id='word_1_305' title='bbox 994 2159 1101 2200; x_wconf 83' lang='lat' dir='ltr'>fiant</span> <span class='ocrx_word' id='word_1_306' title='bbox 1120 2159 1211 2200; x_wconf 88' lang='lat' dir='ltr'>sine</span> <span class='ocrx_word' id='word_1_307' title='bbox 1236 2157 1295 2211; x_wconf 84' lang='lat' dir='ltr'>vi,</span> <span class='ocrx_word' id='word_1_308' title='bbox 1318 2158 1409 2200; x_wconf 88' lang='lat' dir='ltr'>sine</span> <span class='ocrx_word' id='word_1_309' title='bbox 1430 2158 1541 2199; x_wconf 86' lang='lat' dir='ltr'>mul-</span> 
     </span>
     <span class='ocr_line' id='line_1_37' title="bbox 100 2214 1543 2274; baseline -0.002 -15"><span class='ocrx_word' id='word_1_310' title='bbox 100 2227 188 2271; x_wconf 83' lang='lat' dir='ltr'>cta,</span> <span class='ocrx_word' id='word_1_311' title='bbox 211 2219 354 2260; x_wconf 88' lang='lat' dir='ltr'>studio</span> <span class='ocrx_word' id='word_1_312' title='bbox 387 2230 431 2261; x_wconf 88' lang='lat' dir='ltr'>et</span> <span class='ocrx_word' id='word_1_313' title='bbox 463 2219 713 2262; x_wconf 84' lang='lat' dir='ltr'>voluntate?</span> <span class='ocrx_word' id='word_1_314' title='bbox 743 2233 888 2274; x_wconf 79' lang='lat' dir='ltr'>quain,</span> <span class='ocrx_word' id='word_1_315' title='bbox 920 2227 968 2260; x_wconf 92' lang='lat' dir='ltr'>ut</span> <span class='ocrx_word' id='word_1_316' title='bbox 1000 2217 1204 2274; x_wconf 89' lang='lat' dir='ltr'>pecunias</span> <span class='ocrx_word' id='word_1_317' title='bbox 1238 2214 1281 2257; x_wconf 88' lang='lat' dir='ltr'>in</span> <span class='ocrx_word' id='word_1_318' title='bbox 1305 2214 1543 2271; x_wconf 82' lang='lat' dir='ltr'>rempubli-</span> 
     </span>
     <span class='ocr_line' id='line_1_38' title="bbox 100 2272 1542 2332; baseline -0.004 -13"><span class='ocrx_word' id='word_1_319' title='bbox 100 2289 197 2319; x_wconf 81' lang='lat' dir='ltr'>cam</span> <span class='ocrx_word' id='word_1_320' title='bbox 229 2275 542 2332; x_wconf 87' lang='lat' dir='ltr'>polliceantur?</span> <span class='ocrx_word' id='word_1_321' title='bbox 573 2278 620 2320; x_wconf 88' lang='lat' dir='ltr'>Si</span> <span class='ocrx_word' id='word_1_322' title='bbox 652 2277 766 2318; x_wconf 89' lang='lat' dir='ltr'>enim</span> <span class='ocrx_word' id='word_1_323' title='bbox 791 2275 889 2318; x_wconf 88' lang='lat' dir='ltr'>belli</span> <span class='ocrx_word' id='word_1_324' title='bbox 923 2275 1115 2316; x_wconf 82' lang='lat' dir='ltr'>6nomen</span> <span class='ocrx_word' id='word_1_325' title='bbox 1149 2272 1327 2326; x_wconf 86' lang='lat' dir='ltr'>tollitur,</span> <span class='ocrx_word' id='word_1_326' title='bbox 1356 2272 1542 2316; x_wconf 89' lang='lat' dir='ltr'>munici-</span> 
     </span>
    </p>
   </div>
   <div class='ocr_carea' id='block_1_3' title="bbox 98 2388 1544 2894">
    <p class='ocr_par' dir='ltr' id='par_1_4' title="bbox 98 2388 1544 2894">
     <span class='ocr_line' id='line_1_39' title="bbox 147 2388 1118 2433; baseline 0.001 -13"><span class='ocrx_word' id='word_1_327' title='bbox 147 2393 158 2420; x_wconf 94' lang='lat' dir='ltr'>l</span> <span class='ocrx_word' id='word_1_328' title='bbox 187 2390 231 2422; x_wconf 88' lang='lat' dir='ltr'>L.</span> <span class='ocrx_word' id='word_1_329' title='bbox 259 2391 407 2430; x_wconf 71' lang='lat' dir='ltr'>Caemn‘s,</span> <span class='ocrx_word' id='word_1_330' title='bbox 432 2402 521 2433; x_wconf 65' lang='lat' dir='ltr'>avnp.</span> <span class='ocrx_word' id='word_1_331' title='bbox 545 2391 625 2431; x_wconf 64' lang='lat' dir='ltr'>viv-2]</span> <span class='ocrx_word' id='word_1_332' title='bbox 651 2391 704 2422; x_wconf 84' lang='lat' dir='ltr'>Sic</span> <span class='ocrx_word' id='word_1_333' title='bbox 719 2390 800 2421; x_wconf 63' lang='lat' dir='ltr'>Mas.</span> <span class='ocrx_word' id='word_1_334' title='bbox 843 2390 938 2421; x_wconf 81' lang='lat' dir='ltr'>abest</span> <span class='ocrx_word' id='word_1_335' title='bbox 950 2389 992 2421; x_wconf 90' lang='lat' dir='ltr'>ab</span> <span class='ocrx_word' id='word_1_336' title='bbox 1009 2388 1118 2429; x_wconf 83' lang='lat' dir='ltr'>Huyd,</span> 
     </span>
     <span class='ocr_line' id='line_1_40' title="bbox 102 2430 1542 2471; baseline -0.005 -5"><span class='ocrx_word' id='word_1_337' title='bbox 102 2432 266 2471; x_wconf 76' lang='lat' dir='ltr'>meliores,</span> <span class='ocrx_word' id='word_1_338' title='bbox 286 2439 321 2464; x_wconf 87' lang='lat' dir='ltr'>et</span> <span class='ocrx_word' id='word_1_339' title='bbox 343 2436 415 2466; x_wconf 85' lang='lat' dir='ltr'>edd.</span> <span class='ocrx_word' id='word_1_340' title='bbox 441 2441 522 2466; x_wconf 87' lang='lat' dir='ltr'>vett.</span> <span class='ocrx_word' id='word_1_341' title='bbox 557 2435 671 2467; x_wconf 79' lang='lat' dir='ltr'>Altera</span> <span class='ocrx_word' id='word_1_342' title='bbox 688 2433 800 2471; x_wconf 82' lang='lat' dir='ltr'>lectio,</span> <span class='ocrx_word' id='word_1_343' title='bbox 884 2436 906 2463; x_wconf 85' lang='lat'>4</span> <span class='ocrx_word' id='word_1_344' title='bbox 927 2433 1059 2462; x_wconf 78' lang='lat' dir='ltr'>nullum</span> <span class='ocrx_word' id='word_1_345' title='bbox 1082 2430 1280 2471; x_wconf 70' lang='lat' dir='ltr'>tumultum]</span> <span class='ocrx_word' id='word_1_346' title='bbox 1306 2430 1399 2463; x_wconf 74' lang='lat' dir='ltr'>Bene</span> <span class='ocrx_word' id='word_1_347' title='bbox 1415 2430 1542 2462; x_wconf 71' lang='lat' dir='ltr'>tumul,</span> 
     </span>
     <span class='ocr_line' id='line_1_41' title="bbox 100 2473 1542 2523; baseline -0.002 -18"><span class='ocrx_word' id='word_1_348' title='bbox 100 2479 216 2523; x_wconf 75' lang='lat' dir='ltr'>postea</span> <span class='ocrx_word' id='word_1_349' title='bbox 243 2476 378 2517; x_wconf 85' lang='lat' dir='ltr'>vulgata</span> <span class='ocrx_word' id='word_1_350' title='bbox 406 2477 448 2509; x_wconf 87' lang='lat' dir='ltr'>L.</span> <span class='ocrx_word' id='word_1_351' title='bbox 483 2478 591 2509; x_wconf 78' lang='lat' dir='ltr'>Caesar</span> <span class='ocrx_word' id='word_1_352' title='bbox 613 2486 647 2508; x_wconf 77' lang='grc' dir='ltr'>α..</span> <span class='ocrx_word' id='word_1_353' title='bbox 674 2477 740 2512; x_wconf 84' lang='lat' dir='ltr'>vir,</span> <span class='ocrx_word' id='word_1_354' title='bbox 766 2480 802 2506; x_wconf 87' lang='lat' dir='ltr'>et</span> <span class='ocrx_word' id='word_1_355' title='bbox 844 2479 917 2505; x_wconf 80' lang='lat' dir='ltr'>tam</span> <span class='ocrx_word' id='word_1_356' title='bbox 932 2474 1062 2505; x_wconf 86' lang='lat' dir='ltr'>omittit</span> <span class='ocrx_word' id='word_1_357' title='bbox 1075 2473 1151 2505; x_wconf 77' lang='lat' dir='ltr'>Vnt.</span> <span class='ocrx_word' id='word_1_358' title='bbox 1165 2478 1200 2504; x_wconf 85' lang='lat' dir='ltr'>et</span> <span class='ocrx_word' id='word_1_359' title='bbox 1214 2482 1291 2506; x_wconf 86' lang='lat' dir='ltr'>eum</span> <span class='ocrx_word' id='word_1_360' title='bbox 1306 2477 1477 2505; x_wconf 83' lang='lat' dir='ltr'>auctorem</span> <span class='ocrx_word' id='word_1_361' title='bbox 1491 2481 1542 2502; x_wconf 78' lang='lat' dir='ltr'>se-</span> 
     </span>
     <span class='ocr_line' id='line_1_42' title="bbox 99 2515 1529 2557; baseline -0.002 -10"><span class='ocrx_word' id='word_1_362' title='bbox 99 2525 172 2557; x_wconf 62' lang='lat' dir='ltr'>sta</span> <span class='ocrx_word' id='word_1_363' title='bbox 185 2521 299 2549; x_wconf 88' lang='lat' dir='ltr'>tamen</span> <span class='ocrx_word' id='word_1_364' title='bbox 315 2520 348 2549; x_wconf 90' lang='lat' dir='ltr'>in</span> <span class='ocrx_word' id='word_1_365' title='bbox 364 2520 443 2551; x_wconf 83' lang='lat' dir='ltr'>Mss.</span> <span class='ocrx_word' id='word_1_366' title='bbox 459 2526 524 2557; x_wconf 88' lang='lat' dir='ltr'>est,</span> <span class='ocrx_word' id='word_1_367' title='bbox 541 2525 579 2550; x_wconf 86' lang='lat' dir='ltr'>ut</span> <span class='ocrx_word' id='word_1_368' title='bbox 592 2519 701 2550; x_wconf 80' lang='lat' dir='ltr'>Guelf.</span> <span class='ocrx_word' id='word_1_369' title='bbox 843 2517 915 2549; x_wconf 76' lang='lat' dir='ltr'>cuti</span> <span class='ocrx_word' id='word_1_370' title='bbox 934 2517 1078 2548; x_wconf 59' lang='lat' dir='ltr'>Faernus</span> <span class='ocrx_word' id='word_1_371' title='bbox 1093 2521 1129 2548; x_wconf 77' lang='lat' dir='ltr'>et</span> <span class='ocrx_word' id='word_1_372' title='bbox 1143 2515 1212 2547; x_wconf 79' lang='lat' dir='ltr'>alii.</span> <span class='ocrx_word' id='word_1_373' title='bbox 1324 2549 1326 2551; x_wconf 18' lang='lat' dir='ltr'>v</span> <span class='ocrx_word' id='word_1_374' title='bbox 1525 2541 1529 2544; x_wconf 86' lang='lat'><strong>.</strong></span> 
     </span>
     <span class='ocr_line' id='line_1_43' title="bbox 141 2555 1543 2601; baseline -0.003 -11"><span class='ocrx_word' id='word_1_375' title='bbox 141 2562 162 2590; x_wconf 66' lang='grc' dir='ltr'><em>Ξ</em></span> <span class='ocrx_word' id='word_1_376' title='bbox 191 2560 288 2599; x_wconf 79' lang='lat' dir='ltr'>Ergo</span> <span class='ocrx_word' id='word_1_377' title='bbox 314 2562 370 2592; x_wconf 84' lang='lat' dir='ltr'>ille</span> <span class='ocrx_word' id='word_1_378' title='bbox 394 2562 594 2601; x_wconf 81' lang='lat' dir='ltr'>avunculus]</span> <span class='ocrx_word' id='word_1_379' title='bbox 629 2562 702 2592; x_wconf 84' lang='lat' dir='ltr'>Hoc</span> <span class='ocrx_word' id='word_1_380' title='bbox 727 2569 794 2590; x_wconf 88' lang='lat' dir='ltr'>non</span> <span class='ocrx_word' id='word_1_381' title='bbox 880 2562 899 2591; x_wconf 89' lang='grc'><strong>5</strong></span> <span class='ocrx_word' id='word_1_382' title='bbox 925 2560 1092 2591; x_wconf 75' lang='lat' dir='ltr'>Nolumus</span> <span class='ocrx_word' id='word_1_383' title='bbox 1113 2561 1146 2590; x_wconf 81' lang='grc' dir='ltr'>Ιι.</span> <span class='ocrx_word' id='word_1_384' title='bbox 1165 2559 1194 2590; x_wconf 81' lang='lat' dir='ltr'>b.</span> <span class='ocrx_word' id='word_1_385' title='bbox 1217 2556 1265 2596; x_wconf 83' lang='lat' dir='ltr'>v.]</span> <span class='ocrx_word' id='word_1_386' title='bbox 1301 2556 1330 2587; x_wconf 92' lang='lat' dir='ltr'>E</span> <span class='ocrx_word' id='word_1_387' title='bbox 1351 2555 1428 2586; x_wconf 80' lang='lat' dir='ltr'>vat.</span> <span class='ocrx_word' id='word_1_388' title='bbox 1451 2555 1543 2587; x_wconf 65' lang='lat' dir='ltr'>Gra·-</span> 
     </span>
     <span class='ocr_line' id='line_1_44' title="bbox 98 2597 1544 2645; baseline -0.004 -12"><span class='ocrx_word' id='word_1_389' title='bbox 98 2603 179 2637; x_wconf 70' lang='lat' dir='ltr'>satis</span> <span class='ocrx_word' id='word_1_390' title='bbox 207 2603 327 2644; x_wconf 83' lang='lat' dir='ltr'>placet.</span> <span class='ocrx_word' id='word_1_391' title='bbox 373 2604 540 2645; x_wconf 78' lang='lat' dir='ltr'>Intellige,</span> <span class='ocrx_word' id='word_1_392' title='bbox 569 2606 615 2635; x_wconf 79' lang='lat' dir='ltr'>sic</span> <span class='ocrx_word' id='word_1_393' title='bbox 643 2602 794 2634; x_wconf 79' lang='lat' dir='ltr'>censuit:</span> <span class='ocrx_word' id='word_1_394' title='bbox 841 2602 911 2632; x_wconf 89' lang='lat' dir='ltr'>vius</span> <span class='ocrx_word' id='word_1_395' title='bbox 929 2602 1097 2637; x_wconf 62' lang='lat' dir='ltr'>Nostmus,</span> <span class='ocrx_word' id='word_1_396' title='bbox 1112 2601 1135 2632; x_wconf 86' lang='lat' dir='ltr'>i.</span> <span class='ocrx_word' id='word_1_397' title='bbox 1158 2600 1224 2638; x_wconf 82' lang='lat' dir='ltr'>fac,</span> <span class='ocrx_word' id='word_1_398' title='bbox 1240 2608 1300 2631; x_wconf 90' lang='lat' dir='ltr'>nos</span> <span class='ocrx_word' id='word_1_399' title='bbox 1315 2598 1416 2630; x_wconf 84' lang='lat' dir='ltr'>nolle.</span> <span class='ocrx_word' id='word_1_400' title='bbox 1461 2597 1544 2629; x_wconf 77' lang='lat' dir='ltr'>Vul-</span> 
     </span>
     <span class='ocr_line' id='line_1_45' title="bbox 100 2643 1468 2688; baseline -0.001 -14"><span class='ocrx_word' id='word_1_401' title='bbox 100 2643 165 2678; x_wconf 79' lang='lat' dir='ltr'>erit</span> <span class='ocrx_word' id='word_1_402' title='bbox 179 2645 303 2680; x_wconf 76' lang='lat' dir='ltr'>durius·</span> <span class='ocrx_word' id='word_1_403' title='bbox 347 2646 467 2677; x_wconf 86' lang='lat' dir='ltr'>Sensus</span> <span class='ocrx_word' id='word_1_404' title='bbox 481 2652 531 2677; x_wconf 84' lang='lat' dir='ltr'>est</span> <span class='ocrx_word' id='word_1_405' title='bbox 546 2659 552 2676; x_wconf 78' lang='lat' dir='ltr'><em>z</em></span> <span class='ocrx_word' id='word_1_406' title='bbox 577 2647 632 2677; x_wconf 86' lang='lat' dir='ltr'>ille</span> <span class='ocrx_word' id='word_1_407' title='bbox 656 2647 702 2676; x_wconf 86' lang='lat' dir='ltr'>ita</span> <span class='ocrx_word' id='word_1_408' title='bbox 723 2654 799 2676; x_wconf 87' lang='lat' dir='ltr'>een·</span> <span class='ocrx_word' id='word_1_409' title='bbox 842 2650 958 2684; x_wconf 82' lang='lat' dir='ltr'>gatum</span> <span class='ocrx_word' id='word_1_410' title='bbox 974 2643 1077 2683; x_wconf 78' lang='lat' dir='ltr'>magis</span> <span class='ocrx_word' id='word_1_411' title='bbox 1092 2643 1214 2683; x_wconf 86' lang='lat' dir='ltr'>placet.</span> <span class='ocrx_word' id='word_1_412' title='bbox 1461 2681 1468 2688; x_wconf 48' lang='lat'><strong>·</strong></span> 
     </span>
     <span class='ocr_line' id='line_1_46' title="bbox 102 2683 1542 2727; baseline -0.004 -10"><span class='ocrx_word' id='word_1_413' title='bbox 102 2687 182 2725; x_wconf 71' lang='lat' dir='ltr'>suit,</span> <span class='ocrx_word' id='word_1_414' title='bbox 207 2688 284 2727; x_wconf 88' lang='lat' dir='ltr'>quia</span> <span class='ocrx_word' id='word_1_415' title='bbox 309 2693 358 2719; x_wconf 89' lang='lat' dir='ltr'>est</span> <span class='ocrx_word' id='word_1_416' title='bbox 384 2690 576 2720; x_wconf 73' lang='lat' dir='ltr'>avunculus.</span> <span class='ocrx_word' id='word_1_417' title='bbox 621 2689 719 2719; x_wconf 87' lang='lat' dir='ltr'>Forte</span> <span class='ocrx_word' id='word_1_418' title='bbox 745 2698 800 2718; x_wconf 83' lang='lat' dir='ltr'>ex·</span> <span class='ocrx_word' id='word_1_419' title='bbox 886 2687 905 2718; x_wconf 84' lang='lat'><strong>6</strong></span> <span class='ocrx_word' id='word_1_420' title='bbox 928 2695 1043 2717; x_wconf 76' lang='lat' dir='ltr'>nomen</span> <span class='ocrx_word' id='word_1_421' title='bbox 1059 2684 1201 2724; x_wconf 67' lang='lat' dir='ltr'>tolbitur]</span> <span class='ocrx_word' id='word_1_422' title='bbox 1231 2683 1392 2719; x_wconf 82' lang='lat' dir='ltr'>Graevius‚</span> <span class='ocrx_word' id='word_1_423' title='bbox 1415 2691 1470 2721; x_wconf 81' lang='lat' dir='ltr'>qui</span> <span class='ocrx_word' id='word_1_424' title='bbox 1486 2690 1542 2712; x_wconf 78' lang='lat' dir='ltr'>su-</span> 
     </span>
     <span class='ocr_line' id='line_1_47' title="bbox 101 2725 1540 2770; baseline -0.004 -11"><span class='ocrx_word' id='word_1_425' title='bbox 101 2728 182 2760; x_wconf 81' lang='lat' dir='ltr'>cidit</span> <span class='ocrx_word' id='word_1_426' title='bbox 195 2732 275 2770; x_wconf 77' lang='lat' dir='ltr'>quia</span> <span class='ocrx_word' id='word_1_427' title='bbox 291 2737 364 2770; x_wconf 86' lang='lat' dir='ltr'>post</span> <span class='ocrx_word' id='word_1_428' title='bbox 379 2733 446 2762; x_wconf 71' lang='lat' dir='ltr'>ille.</span> <span class='ocrx_word' id='word_1_429' title='bbox 476 2729 480 2734; x_wconf 80' lang='grc'><em>’</em></span> <span class='ocrx_word' id='word_1_430' title='bbox 837 2739 898 2770; x_wconf 80' lang='lat' dir='ltr'>pra</span> <span class='ocrx_word' id='word_1_431' title='bbox 923 2729 1002 2765; x_wconf 84' lang='lat' dir='ltr'>Vll,</span> <span class='ocrx_word' id='word_1_432' title='bbox 1033 2728 1063 2759; x_wconf 87' lang='grc'>6.</span> <span class='ocrx_word' id='word_1_433' title='bbox 1102 2728 1287 2758; x_wconf 81' lang='lat' dir='ltr'>omittemus</span> <span class='ocrx_word' id='word_1_434' title='bbox 1315 2725 1467 2755; x_wconf 83' lang='lat' dir='ltr'>mutabat</span> <span class='ocrx_word' id='word_1_435' title='bbox 1505 2725 1540 2754; x_wconf 87' lang='lat' dir='ltr'>in</span> 
     </span>
     <span class='ocr_line' id='line_1_48' title="bbox 143 2767 1542 2812; baseline -0.003 -10"><span class='ocrx_word' id='word_1_436' title='bbox 143 2774 163 2802; x_wconf 90' lang='lat'><strong>3</strong></span> <span class='ocrx_word' id='word_1_437' title='bbox 187 2772 282 2812; x_wconf 70' lang='lat' dir='ltr'>‚Quid</span> <span class='ocrx_word' id='word_1_438' title='bbox 292 2778 338 2804; x_wconf 73' lang='lat' dir='ltr'>est</span> <span class='ocrx_word' id='word_1_439' title='bbox 352 2775 439 2804; x_wconf 75' lang='lat' dir='ltr'>enim</span> <span class='ocrx_word' id='word_1_440' title='bbox 454 2774 550 2804; x_wconf 74' lang='lat' dir='ltr'>aliud</span> <span class='ocrx_word' id='word_1_441' title='bbox 564 2771 662 2812; x_wconf 51' lang='lat' dir='ltr'>timu]</span> <span class='ocrx_word' id='word_1_442' title='bbox 711 2770 794 2802; x_wconf 82' lang='lat' dir='ltr'>Edd.</span> <span class='ocrx_word' id='word_1_443' title='bbox 841 2773 1033 2809; x_wconf 77' lang='lat' dir='ltr'>omittimus,</span> <span class='ocrx_word' id='word_1_444' title='bbox 1046 2771 1100 2802; x_wconf 85' lang='lat' dir='ltr'>hie</span> <span class='ocrx_word' id='word_1_445' title='bbox 1115 2770 1227 2801; x_wconf 78' lang='lat' dir='ltr'>futura</span> <span class='ocrx_word' id='word_1_446' title='bbox 1249 2767 1393 2809; x_wconf 54' lang='lat' dir='ltr'>prefert,</span> <span class='ocrx_word' id='word_1_447' title='bbox 1407 2771 1542 2805; x_wconf 66' lang='lat' dir='ltr'>auctore</span> 
     </span>
     <span class='ocr_line' id='line_1_49' title="bbox 98 2813 1004 2854; baseline 0.003 -12"><span class='ocrx_word' id='word_1_448' title='bbox 98 2816 181 2845; x_wconf 76' lang='lat' dir='ltr'>vett.</span> <span class='ocrx_word' id='word_1_449' title='bbox 197 2824 263 2844; x_wconf 90' lang='lat' dir='ltr'>non</span> <span class='ocrx_word' id='word_1_450' title='bbox 281 2815 404 2846; x_wconf 80' lang='lat' dir='ltr'>habent</span> <span class='ocrx_word' id='word_1_451' title='bbox 415 2816 520 2846; x_wconf 74' lang='lat' dir='ltr'>aliud.</span> <span class='ocrx_word' id='word_1_452' title='bbox 535 2816 715 2854; x_wconf 73' lang='lat' dir='ltr'>eleganter.</span> <span class='ocrx_word' id='word_1_453' title='bbox 734 2813 799 2845; x_wconf 90' lang='lat' dir='ltr'>De-</span> <span class='ocrx_word' id='word_1_454' title='bbox 844 2814 910 2844; x_wconf 85' lang='lat' dir='ltr'>Ms.</span> <span class='ocrx_word' id='word_1_455' title='bbox 926 2813 1004 2846; x_wconf 75' lang='lat' dir='ltr'>Vat-</span> 
     </span>
     <span class='ocr_line' id='line_1_50' title="bbox 98 2855 803 2894; baseline -0.003 -7"><span class='ocrx_word' id='word_1_456' title='bbox 98 2855 175 2894; x_wconf 71' lang='lat' dir='ltr'>Ievi,</span> <span class='ocrx_word' id='word_1_457' title='bbox 202 2857 264 2888; x_wconf 81' lang='lat' dir='ltr'>etsi</span> <span class='ocrx_word' id='word_1_458' title='bbox 294 2861 344 2888; x_wconf 80' lang='lat' dir='ltr'>est</span> <span class='ocrx_word' id='word_1_459' title='bbox 366 2863 400 2889; x_wconf 70' lang='lat' dir='ltr'>et</span> <span class='ocrx_word' id='word_1_460' title='bbox 423 2859 458 2889; x_wconf 83' lang='lat' dir='ltr'>in</span> <span class='ocrx_word' id='word_1_461' title='bbox 480 2858 564 2889; x_wconf 79' lang='lat' dir='ltr'>libro</span> <span class='ocrx_word' id='word_1_462' title='bbox 587 2856 694 2888; x_wconf 80' lang='lat' dir='ltr'>Guelf.</span> <span class='ocrx_word' id='word_1_463' title='bbox 739 2855 803 2886; x_wconf 83' lang='lat' dir='ltr'>Sed</span> 
     </span>
    </p>
   </div>
   <div class='ocr_carea' id='block_1_4' title="bbox 763 2904 892 2940">
    <p class='ocr_par' dir='ltr' id='par_1_5' title="bbox 763 2904 892 2940">
     <span class='ocr_line' id='line_1_51' title="bbox 763 2904 892 2940; baseline -0.008 -1"><span class='ocrx_word' id='word_1_464' title='bbox 763 2904 892 2940; x_wconf 70' lang='lat' dir='ltr'>4T2</span> 
     </span>
    </p>
   </div>
  </div>
 </body>
</html>
