1785 3185
225 77 324 112 1236
813 71 1059 109 ORATIO

225 176 384 227 dentia,
424 189 550 229 quam
591 174 674 216 fide
711 184 754 216 ct
797 175 1003 231 religione
1038 174 1138 214 vitae
1181 173 1495 216 defendendum
1534 181 1655 230 puto.

227 232 347 275 Nota
368 232 448 272 tibi
467 240 545 283 est,
567 230 618 272 C.
643 231 802 282 Caesar,
826 231 1011 272 hominis
1035 230 1240 287 probitaS,
1264 232 1354 272 noti
1378 246 1532 282 mores,
1553 239 1659 272 nota

228 288 485 331 constantia.
547 288 630 328 Cui
663 302 804 344 porro,
829 289 901 343 qui
934 288 1063 329 modo
1099 286 1246 343 populi
1282 288 1468 329 Romani
1501 301 1659 328 nomen

229 346 410 396 audivit,
437 344 629 386 Deiotari
656 345 894 400 integritas,
911 344 1113 400 gravitaS,
1133 346 1281 394 virtus,
1303 344 1407 385 fides
1430 360 1515 386 non
1539 343 1660 384 audi-

232 413 275 443 ta
294 405 397 444 est?
415 401 545 448 Quod
568 402 701 457 igitur
734 401 899 442 facinus
934 415 1012 441 nec
1037 401 1079 440 in
1103 400 1317 441 hominem
1344 402 1660 457 imprudentem

231 459 382 501 cadere
403 467 560 515 posset,
583 466 756 513 propter
778 467 939 498 metum
976 457 1198 512 praesentis
1221 457 1359 507 exitii,
1390 473 1468 499 nec
1491 458 1534 498 in
1557 456 1663 497 faci-

231 530 450 567 norosum,
471 515 552 555 nisi
574 524 684 554 esset
715 514 826 554 idem
849 513 1179 563 amentissimus,
1199 512 1241 553 id
1264 528 1338 553 vos
1358 524 1401 554 et
1421 530 1446 555 a
1472 515 1563 555 viro
1586 528 1664 569 op-

235 573 341 614 timo
363 582 407 614 et
428 573 482 613 ab
505 571 678 612 homine
700 570 875 610 minime
908 569 1037 610 stulto
1059 569 1298 624 cogitatum
1332 583 1422 611 esse
1451 569 1665 626 confingi-

178 632 225 672 17
240 630 307 671 tis.
365 629 426 670 At
447 642 574 684 quam
597 641 685 668 non
704 626 831 666 modo
855 641 940 666 non
964 626 1238 675 credibiliter,
1262 625 1334 666 sed
1357 641 1409 667 ne
1431 627 1665 682 suspiciose

237 685 425 741 quidem.
488 684 615 734 Cum,
647 683 801 737 inquit,
832 682 876 722 in
904 682 1124 724 castellum
1158 681 1365 723 Luceium
1388 683 1591 734 venisses,
1623 695 1668 723 et

236 744 410 784 domum
433 742 559 797 regis,
579 740 761 795 hospitis
783 740 861 790 tui,
878 739 1144 789 devenisses,
1166 739 1283 779 locus
1300 749 1390 780 erat
1411 739 1600 795 quidam,
1624 740 1668 780 in

237 814 322 854 quo
345 808 464 839 erant
487 813 534 838 ea
562 796 816 852 composita,
840 796 994 851 quibus
1017 811 1091 836 rex
1116 806 1157 836 te
1184 810 1405 837 munerare
1433 795 1670 838 constitue-

240 865 320 897 rat.
352 856 434 896 huc
458 865 498 895 te
512 869 534 894 e
551 852 718 903 balneo,
735 853 982 908 priusquam
1007 853 1294 904 aceuniberes,
1311 853 1464 894 ducere
1485 852 1669 893 volebat⁴

244 915 281 946 ¹9
297 912 431 953 Erant
451 911 565 952 enim
587 911 754 960 armati,
786 909 859 964 qui
893 919 934 950 te
967 909 1269 960 interficerent,
1302 910 1344 950 in
1378 924 1428 951 co
1452 910 1545 966 ipso
1574 909 1670 950 loco

244 969 457 1010 collocati.
503 967 567 1007 En
590 966 766 1017 crimen,
785 980 835 1006 en
859 981 1000 1016 eausa,
1023 980 1097 1007 cur
1124 981 1266 1021 regem
1287 966 1511 1024 fugitivuS,
1533 966 1671 1007 domi-

244 1040 347 1066 num
371 1039 514 1066 servus
530 1031 716 1064 accuset.
768 1021 863 1078 Ego
881 1022 1137 1073 mehercule,
1163 1024 1214 1063 C.
1235 1022 1395 1075 Caesar,
1415 1024 1553 1075 initio,
1572 1037 1672 1073 cum

244 1093 308 1123 est
330 1083 381 1122 ad
398 1096 466 1122 nie
489 1081 570 1121 ista
597 1095 725 1121 causa
757 1079 910 1130 delata,
944 1079 1209 1135 Phidippum
1244 1080 1472 1131 medicum,
1505 1094 1673 1121 servum

110 1139 426 1196 5„147,regiun1‚
449 1138 520 1193 qui
555 1152 654 1178 cum
687 1137 837 1191 legatis
872 1137 1023 1177 missus
1056 1144 1180 1187 esset,
1203 1137 1256 1176 ab
1291 1137 1371 1177 isto
1406 1136 1674 1178 adolescente

200 1206 230 1227 a.
244 1210 334 1236 esse
367 1203 632 1250 corruptum,
661 1193 742 1234 hae
774 1193 1016 1248 suspicione
1044 1207 1135 1233 sum
1171 1208 1416 1248 percussus:
1459 1194 1676 1235 medicum

246 1253 430 1293 indicem
454 1251 729 1292 subornabit:
754 1249 889 1306 finget
911 1250 1110 1290 videlicet
1131 1249 1300 1304 aliquod
1324 1251 1483 1291 crimen
1509 1250 1675 1291 veneni.

248 1308 338 1350 Etsi
363 1325 387 1349 a
409 1309 586 1349 veritate
609 1307 751 1363 longe,
771 1317 912 1348 tamen
938 1322 961 1347 a
982 1307 1290 1347 consuetudine
1312 1307 1565 1348 criminandi
1588 1321 1681 1349 non.

185 1368 230 1402 18
246 1365 426 1406 multum
448 1380 510 1405 res
534 1364 806 1405 abhorrebat.
839 1364 957 1410 Quid
979 1363 1039 1404 ait
1060 1364 1274 1406 medicus?
1297 1364 1404 1405 nihil
1424 1364 1476 1405 de
1497 1379 1676 1406 veneno.

243 1422 303 1464 At
328 1423 370 1463 id
396 1422 485 1463 ficri
508 1421 649 1477 potuit
671 1421 809 1476 primo
833 1420 1042 1462 occultius
1065 1421 1162 1460 20in
1182 1420 1373 1476 potione,
1397 1423 1463 1462 vel
1484 1421 1526 1462 in
1550 1422 1675 1462 cibo:

242 1480 397 1522 deinde
418 1479 547 1520 etiam
582 1478 798 1533 impunius
823 1478 896 1529 fit3
939 1477 1069 1532 quod,
1110 1492 1208 1518 cum
1231 1487 1294 1517 cst
1324 1477 1501 1529 factum,
1531 1477 1678 1534 negari

244 1546 401 1593 potest.
434 1536 478 1577 Si
503 1534 642 1591 palam
659 1544 698 1575 te
714 1535 1021 1585 interemisset,
1044 1534 1236 1575 omnium
1256 1534 1299 1575 in
1317 1549 1359 1575 se
1381 1535 1574 1591 gentium
1595 1549 1681 1576 non

245 1594 382 1634 solum
406 1593 518 1643 odia,
533 1592 603 1632 sed
621 1592 750 1632 etiam
775 1606 892 1632 arma
914 1592 1215 1632 convertisset:
1240 1591 1273 1631 si
1299 1605 1485 1643 veneno3
1507 1591 1680 1633 2¹J0vis

246 1650 358 1691 illius
390 1649 564 1705 quidem
586 1648 810 1704 hospitalis
833 1662 990 1689 numen
1020 1662 1253 1702 numquam
1287 1647 1422 1689 celare
1455 1649 1681 1704 potuisset,

248 1707 444 1748 homines
463 1706 641 1746 fortasse
660 1705 897 1746 celavisset.
943 1705 1071 1751 Quod
1087 1705 1219 1760 igitur
1234 1714 1277 1745 et
1290 1704 1499 1746 occultius
1519 1705 1682 1757 conari,

249 1774 292 1805 et
313 1763 482 1804 efficere
501 1762 666 1803 cautius
687 1762 854 1817 potuit3
886 1762 927 1803 id
944 1762 1038 1812 tibi,
1056 1774 1098 1801 et
1117 1761 1283 1802 medico
1303 1762 1528 1812 callido‚et
1545 1776 1682 1813 servo,

250 1831 297 1861 ut
321 1820 515 1876 putabat,
538 1818 668 1869 fideli,
691 1833 777 1859 non
798 1819 1004 1860 credidit:
1036 1819 1088 1858 de
1113 1818 1256 1868 armis,
1277 1818 1329 1858 de
1352 1818 1478 1869 ferro,
1499 1819 1552 1860 de
1582 1819 1684 1860 insi-

192 1880 238 1915 19
252 1878 332 1918 diis
355 1877 489 1917 celare
514 1885 554 1916 te
578 1875 742 1916 noluit?
801 1875 861 1916 At
889 1890 1017 1931 quam
1041 1874 1192 1915 festive
1223 1876 1384 1916 crimen
1406 1876 1683 1917 contexitur?

252 1934 346 1975 Tua
368 1943 423 1984 te,
447 1932 601 1988 inquit,
623 1932 786 1983 eadem,
808 1947 902 1987 quae
927 1946 1106 1986 semper,
1128 1931 1301 1973 fortuna
1323 1933 1521 1974 servavit.
1553 1947 1684 1989 nega·

207 1987 352 2041 7visti
385 2002 474 2031 tum
501 2000 542 2030 te
574 1990 785 2044 inspicere
817 1989 935 2029 velle.
997 1989 1114 2035 Quid
1149 1991 1324 2044 postea?
1356 2004 1407 2030 an
1438 1989 1684 2040 Deiotarus,

254 2063 297 2090 re
320 2047 391 2088 illo
422 2056 614 2102 tempore
649 2060 732 2086 non
770 2046 972 2101 perfecta,
994 2047 1201 2086 continuo
1229 2046 1392 2086 dimisit
1418 2047 1684 2089 exercitum?

252 2104 392 2146 nullus
411 2114 501 2144 erat
522 2103 628 2143 alius
651 2103 880 2143 insidiandi
898 2102 1015 2143 loeus
1035 2105 1047 2143 ?
1106 2102 1166 2143 At
1188 2102 1337 2143 eodem
1363 2113 1418 2154 te,
1442 2118 1538 2144 cum
1559 2117 1686 2145 cena·

252 2162 398 2212 visses,
429 2160 665 2200 rediturum
697 2161 891 2201 dixeras:
926 2161 1069 2214 itaque
1092 2159 1246 2200 fecisti.
1279 2159 1427 2200 horam
1461 2175 1588 2201 unam
1611 2168 1686 2201 aut

251 2219 356 2259 duas
389 2217 539 2258 eodem
572 2216 668 2258 loco
702 2227 902 2268 armatos,
924 2219 964 2248 ‘22
979 2226 1024 2257 ut
1057 2216 1254 2258 collocati
1289 2215 1471 2268 fuerant,
1504 2217 1686 2258 retinere

243 2353 314 2390 jam
338 2357 415 2382 ante
438 2351 571 2382 laudata
593 2355 653 2381 est.
699 2352 732 2381 Si
755 2355 803 2381 est
823 2362 841 2383 a
857 2352 947 2382 Cice·
992 2353 1126 2391 potione
1150 2361 1215 2391 prae
1230 2353 1315 2389 cibo,
1329 2357 1368 2382 ut
1386 2361 1482 2392 pane,
1497 2356 1547 2382 est
1562 2352 1595 2382 in
1611 2351 1689 2382 Clu·

251 2404 342 2431 rone,
358 2394 521 2433 significat
544 2393 670 2432 copiam
695 2394 821 2423 consilii
846 2395 879 2424 in
901 2404 948 2423 re·
991 2395 1125 2424 exitiana
1143 2394 1229 2423 ‹:.62.
1247 2395 1348 2425 immo
1363 2395 1442 2424 dicit
1457 2395 1571 2425 Cicero
1586 2394 1688 2424 inusi-

250 2437 308 2466 bus
332 2436 478 2475 agendis,
502 2440 535 2465 et
557 2434 688 2474 quidem
717 2435 749 2465 in
774 2441 946 2474 uti-:unque
991 2440 1098 2465 tatum
1123 2446 1158 2465 ac
1182 2445 1302 2465 novum
1319 2445 1399 2474 esse,
1417 2435 1578 2466 venenum
1593 2436 1627 2465 in
1642 2436 1687 2466 ci·

251 2482 390 2518 partein.
989 2477 1030 2506 bo
1054 2477 1135 2513 dari,
1162 2483 1259 2516 atque
1286 2478 1365 2508 adeo
1391 2479 1516 2509 crimen
1539 2478 1688 2509 veneficii

295 2523 332 2553 19
355 2519 470 2550 Erant
491 2519 577 2548 enim
595 2518 735 2557 armati]
762 2519 814 2549 Sic
831 2529 848 2548 e
866 2519 945 2548 Mss.
992 2519 1065 2549 iude
1081 2519 1210 2549 refellit.

250 2562 384 2602 optimis
400 2561 559 2597 Graevius,
575 2560 683 2591 deleto
698 2562 752 2595 ibi,
769 2561 855 2599 quod
869 2570 947 2591 sane
1032 2564 1067 2590 21
1094 2562 1186 2591 dot-is
1205 2562 1294 2590 illius
1308 2571 1336 2599 q.
1354 2561 1454 2602 hosp]
1481 2561 1559 2591 Non
1580 2561 1689 2602 placet

251 2605 361 2643 inepte
377 2602 549 2638 redundat,
567 2612 642 2632 cum
660 2608 732 2641 post
747 2603 789 2632 sit
804 2603 837 2632 in
849 2613 883 2632 eo
898 2604 946 2642 ip-
990 2603 1042 2633 hic
1058 2604 1158 2634 illius.
1206 2604 1289 2632 l’uto
1306 2605 1372 2633 ille.

249 2656 282 2675 eo
295 2647 369 2675 loco.
415 2644 516 2674 Abest
528 2650 561 2674 et
579 2644 629 2674 ed.
646 2645 699 2674 w.
1032 2647 1072 2675 22
1092 2651 1129 2675 ue
1145 2645 1454 2685 collocutifuerunt]
1472 2642 1688 2675 Scribendum

291 2690 332 2718 ‘20
353 2687 536 2726 inpotione,
551 2688 603 2716 vel
615 2687 650 2715 in
672 2685 751 2724 cibo]
780 2686 839 2716 Vel
859 2686 944 2717 dele·
975 2688 1135 2727 fuerant,
1152 2687 1236 2726 quod
1257 2688 1289 2716 in
1314 2687 1392 2716 Mss.
1411 2687 1532 2726 reperit
1554 2685 1689 2716 Lambi-

248 2729 295 2758 vit
311 2729 467 2758 Graevius.
483 2728 563 2758 mihi
587 2734 696 2758 totum
714 2729 859 2768 spurium
877 2735 910 2758 et
926 2739 945 2759 τι
987 2738 1061 2765 nus,
1089 2735 1122 2759 et
1147 2736 1196 2758 est
1223 2730 1255 2758 in
1286 2729 1336 2759 ed.
1361 2729 1413 2759 W.
1439 2729 1480 2759 R.
1506 2728 1564 2758 ΒΓ.
1609 2727 1692 2758 Mox.

248 2771 355 2810 glossa
376 2775 485 2800 ortum
501 2769 642 2806 videtur,
665 2769 783 2800 saltem
807 2771 887 2800 illud
909 2772 943 2800 in
986 2772 1040 2800 isti
1063 2781 1121 2810 pro
1145 2772 1230 2801 ivisti
1252 2771 1398 2800 Graevius
1422 2782 1439 2800 e
1462 2770 1541 2800 Mss.
1567 2769 1638 2800 Erf.
1655 2773 1690 2800 et

246 2814 323 2843 cibo.
339 2813 378 2843 de
393 2812 550 2843 facilitate
566 2812 752 2842 occultandi
770 2813 886 2843 veneni
909 2812 942 2843 in
988 2812 1103 2844 Lamb.
1120 2814 1213 2844 bene.
1259 2813 1312 2844 Sic
1328 2818 1362 2844 et
1377 2813 1426 2843 ed.
1441 2812 1481 2843 R.
1499 2812 1554 2844 ΒΓ.
1573 2811 1621 2843 Μ.
