1812 3147
303 109 377 146 888
884 108 1131 148 ORATIO

168 223 200 254 Ρ-
218 214 288 244 2³8-
304 225 426 265 paene
448 207 736 259 sollemnibus,
757 212 870 253 bona
890 212 994 254 civis
1012 212 1250 269 cujuspiam
1265 213 1538 265 consecrarit,
1558 227 1641 255 non
1666 230 1736 256 va-

261 267 433 309 ²²·lebit?
462 268 596 325 Atqui
632 269 683 311 C.
706 268 892 319 Atinius,
926 279 1094 325 patrum
1135 271 1354 322 memoria,
1389 270 1503 312 bona
1544 269 1602 316 Q.
1637 270 1734 312 Me-

302 324 403 377 telli,
434 327 505 380 qui
538 341 635 367 eum
666 340 720 367 ex
753 334 899 367 senatu
933 340 1083 367 censor
1116 327 1312 381 ejecerat,
1343 327 1411 367 avi
1444 327 1520 377 tui,
1553 327 1609 373 Q.
1637 326 1736 368 Me-

299 382 409 433 telle,
431 393 474 423 et
497 384 572 433 tui,
598 383 647 424 Ρ.
672 382 836 432 Servili,
859 393 901 423 et
924 383 1070 437 proavi
1096 384 1172 434 tui,
1198 383 1246 423 P.
1268 384 1429 439 Scipio,
1453 383 1733 435 consecravit,

297 437 440 479 foculo
465 440 605 495 posito
628 440 670 480 in
693 439 876 490 Rostris,
898 439 1178 494 adhibitoque
1210 440 1400 481 tibicine.
1463 440 1580 487 Quid
1613 443 1734 482 tum?

296 509 399 536 num
423 496 491 537 ille
513 496 631 537 furor
650 496 808 536 tribuni
834 496 983 551 plebis,
1006 496 1158 536 ductus
1189 510 1243 536 ex
1271 496 1485 537 nonnullis
1509 501 1526 531 7
1544 505 1733 539 veterum

298 560 537 607 temporum
561 552 785 607 exempliS,
807 551 945 592 fraudi
971 551 1150 592 Metello
1182 552 1279 602 fuit,
1301 567 1467 594 summo
1500 553 1557 593 illi
1583 562 1626 594 et
1647 554 1732 594 cla-

212 609 462 656 194rissim0
498 610 618 650 viro?
665 609 793 650 Certe
835 623 920 648 non
959 608 1056 648 fuit.
1116 609 1328 659 Vidimus,
1368 609 1451 650 hoc
1493 609 1603 650 idem
1649 610 1730 652 Cn.

297 664 478 706 Lentulo
500 666 664 706 censori
689 665 903 706 tribunum
930 664 1064 719 plebis
1088 664 1241 706 facere.
1295 665 1516 721 Numquid
1539 666 1672 722 igitur
1694 667 1728 708 is

293 723 407 763 bona
432 722 599 763 Lentuli
633 722 910 778 religionibus
932 721 1170 777 obligavit?
1202 722 1285 763 Sed
1307 723 1409 777 quid
1433 737 1514 779 ego
1533 727 1726 766 ceteros?

290 777 372 830 Tu,
412 788 473 830 tu,
507 780 694 833 inquam,
725 779 866 834 capite
897 777 1050 829 velate,
1082 779 1290 820 concione
1330 779 1552 831 advocata,
1583 779 1727 822 foculo

290 836 447 890 posito,
480 837 593 877 bona
623 836 682 876 tui
717 834 909 885 Gabinii,
941 835 1009 875 cui
1040 848 1171 891 regna
1203 836 1348 876 omnia
1379 836 1598 892 Syrorum,
1619 836 1728 878 Ara-

291 893 409 943 bum,
435 893 743 946 Persarumque
765 892 959 942 donaras,
982 893 1254 933 consecrasti.
1316 893 1481 938 Quodsi
1505 903 1595 934 tum
1618 894 1726 936 nihil

290 958 355 990 est
376 959 546 1002 actum:
579 949 680 1004 quid
714 949 757 989 in
789 950 891 989 meis
925 948 1048 990 bonis
1078 949 1148 1004 agi
1180 947 1350 1005 potuit?
1381 950 1445 991 sin
1476 959 1541 992 est
1569 959 1724 1003 ratum,

288 1021 365 1046 cur
395 1006 462 1047 ille
492 1020 663 1061 gurges,
696 1005 890 1046 heluatus
921 1013 1063 1046 tecum
1095 1006 1220 1047 simul
1243 1007 1522 1062 &reipublicae
1553 1009 1726 1064 sangui-

286 1076 401 1114 nem,
423 1064 475 1104 ad
498 1063 649 1103 caelum
674 1071 816 1103 tamen
836 1063 1053 1103 exstruxit
1074 1062 1217 1104 villam
1238 1063 1282 1104 in
1294 1063 1537 1105 Tusculano
1551 1065 1726 1106 visceri-
1778 1060 1799 1106 ζ’

289 1119 368 1160 bus
391 1120 556 1171 aerarii;
586 1118 693 1159 mihi
724 1133 839 1160 meas
869 1120 1026 1170 ruinas,
1048 1133 1227 1174 quarum
1257 1135 1339 1176 ego
1371 1121 1550 1162 similem
1585 1131 1720 1163 totam

205 1169 276 1218 48
290 1177 438 1217 urbem
460 1191 551 1217 esse
581 1191 727 1232 passus
759 1191 842 1216 non
875 1190 982 1226 sum,
1006 1176 1224 1232 adspicere
1250 1192 1337 1218 non
1369 1178 1518 1220 licuit?
1551 1177 1720 1220 Omitto

204 1241 276 1276 125
290 1233 550 1275 Gabinium:
584 1233 730 1279 Quid?
760 1233 959 1288 exemplo
990 1243 1064 1274 tuo
1099 1234 1210 1274 bona
1240 1243 1312 1275 tua
1333 1249 1474 1276 nonne
1499 1234 1546 1275 L.
1570 1234 1719 1276 Mum-

285 1290 411 1341 mius,
443 1291 507 1331 vir
536 1290 729 1331 omnium
761 1289 1016 1330 fortissimus
1049 1298 1178 1345 atque
1208 1291 1411 1347 optimus,
1438 1293 1719 1334 consecravit.

283 1347 398 1401 quod
421 1348 470 1398 si,
492 1348 593 1402 quia
614 1347 665 1388 ad
688 1356 728 1387 te
752 1347 950 1402 pertinet,
974 1356 1113 1388 ratum
1143 1362 1234 1388 esse
1263 1362 1394 1404 negas
1416 1358 1637 1404 oportere:
1669 1364 1720 1390 ea

274 1404 377 1457 jura
405 1404 666 1445 constituisti
698 1403 738 1443 in
775 1404 979 1459 praeclaro
1013 1404 1233 1445 tribunatu
1269 1414 1359 1456 tuo,
1382 1406 1569 1460 9quibus
1600 1406 1642 1446 in
1676 1415 1717 1447 te

281 1462 512 1512 conversis,
534 1475 762 1512 recusares,
784 1460 888 1502 alios
909 1464 1146 1503 everteres?
1178 1462 1241 1503 sin
1272 1463 1353 1503 ista
1374 1463 1637 1504 consecratio
1659 1462 1719 1504 le-

280 1518 435 1571 gitima
455 1528 541 1559 est:
575 1518 676 1573 quid
696 1527 773 1569 est,
795 1518 910 1572 quod
934 1518 1161 1574 profanum
1186 1519 1229 1559 in
1254 1519 1336 1560 tuis
1359 1520 1481 1560 bonis
1503 1534 1593 1560 esse
1615 1535 1713 1576 pos-

281 1575 363 1616 sit?
394 1574 462 1615 An
485 1575 750 1616 consecratio
777 1575 984 1616 lonullum
1004 1576 1135 1616 habet
1150 1574 1237 1630 jus,
1260 1577 1474 1617 dedicatio
1490 1586 1554 1617 est
1573 1577 1715 1633 religi·

279 1634 380 1673 osa?
413 1632 528 1679 Quid
552 1647 654 1688 ergo
677 1632 747 1674 illa
768 1639 841 1673 tua
863 1640 953 1673 tum
979 1635 1011 1662 1¹
1029 1634 1260 1674 obtestatio
1278 1633 1493 1676 tibicinis?
1524 1634 1625 1689 quid
1649 1635 1714 1675 fo-

277 1688 411 1740 culus,
443 1689 545 1744 quid
569 1691 740 1745 preces?
771 1690 871 1744 quid
905 1689 1044 1745 prisca
1066 1690 1196 1731 verba
1218 1689 1469 1732 voluerunt?
1500 1691 1711 1743 ementiri,

278 1744 435 1798 fallere,
457 1746 576 1787 abuti
600 1746 775 1787 deorum
798 1746 1103 1787 immortalium
1127 1748 1299 1788 numine
1329 1747 1381 1788 ad
1412 1747 1635 1788 hominum
1659 1749 1712 1788 ti-

233 1815 439 1846 b.more1n
460 1803 561 1858 quid
588 1803 786 1844 voluisti?
819 1803 932 1844 Nam
964 1803 994 1843 si
1019 1813 1083 1844 est
1105 1803 1206 1844 illud
1230 1813 1392 1845 ratum:
1425 1805 1550 1846 mitto
1575 1804 1712 1846 Gabi-

275 1860 420 1901 nium:
450 1869 521 1901 tua
543 1861 694 1901 domus
716 1871 844 1911 certe,
869 1870 925 1912 et,
947 1860 1150 1916 quicquid
1175 1861 1304 1902 habes
1327 1861 1455 1911 aliud,
1477 1870 1542 1902 est
1565 1861 1710 1903 Cereri

274 1927 586 1958 consecratum.
617 1918 682 1958 sin
713 1917 781 1957 ille
812 1917 890 1958 tibi
923 1918 1044 1958 ludus
1068 1917 1163 1968 fuit,
1186 1918 1288 1972 quid
1321 1928 1361 1958 te
1392 1918 1614 1974 impurius,
1636 1919 1710 1973 qui

274 1973 500 2029 religiones
523 1989 670 2015 omnes
702 1974 900 2030 pollueris
931 1983 1005 2014 aut
1034 1975 1321 2026 ementiendo,
1344 1984 1416 2015 aut
1447 1976 1710 2030 stuprando?

188 2029 369 2076 126Jam
397 2031 546 2082 fateor,
574 2030 727 2085 inquit,
750 2032 791 2071 in
819 2031 1010 2072 Gabinio
1043 2045 1111 2071 me
1140 2031 1348 2072 nefarium
1382 2031 1525 2072 fuisse.
1545 2031 1707 2088 quippe

272 2087 404 2138 vides,
427 2103 601 2143 poenam
623 2088 736 2128 illam
757 2103 781 2128 a
803 2096 844 2128 te
864 2088 905 2128 in
923 2088 1049 2128 ulium
1072 2088 1326 2139 institutum,
1346 2088 1388 2128 in
1407 2098 1448 2129 te
1462 2089 1600 2144 ipsum
1615 2103 1705 2130 esse

268 2159 532 2186 conversam.
593 2146 674 2186 Sed
713 2145 844 2185 homo
877 2145 1069 2185 omnium
1109 2146 1311 2185 scelerum
1356 2145 1705 2200 flagitiorumque

267 2201 588 2251 documentum,
611 2202 725 2256 quod
756 2202 798 2242 in
833 2202 1023 2243 Gabinio
1056 2201 1216 2252 fateris,
1238 2202 1360 2256 cujus
1385 2202 1701 2258 impudicitiam

266 2258 478 2314 pueritiae,
498 2258 695 2299 libidines
728 2258 1042 2310 adolescentiae,
1061 2259 1243 2300 dedecus
1277 2268 1320 2300 et
1349 2269 1582 2315 egestatem
1606 2258 1701 2300 reli-

309 2385 328 2415 7‘
350 2387 494 2413 veterum
510 2382 620 2423 temp]
646 2382 724 2412 Mss.
742 2382 874 2413 Grutcri
884 2392 962 2422 per·
1003 2383 1177 2421 angustiis.

266 2428 423 2454 veterum.
438 2425 482 2455 sie
497 2430 529 2455 et
546 2427 607 2455 (lu.
646 2425 725 2455 Mox
738 2435 795 2464 pro
810 2426 961 2462 religioni
1045 2430 1064 2459 9
1087 2427 1418 2464 quibus—recusares,
1433 2426 1512 2455 alios
1527 2424 1698 2464 everteres]

267 2466 348 2497 Mss.
376 2465 426 2497 Fr.
452 2467 566 2497 Dresd.
590 2468 653 2497 Gn.
678 2467 732 2505 qui
755 2472 787 2496 et
806 2467 961 2503 religavit
1004 2467 1127 2497 Durius
1142 2468 1202 2498 hoc
1225 2473 1287 2504 est,
1303 2469 1344 2498 ob
1367 2467 1528 2508 duplicem
1550 2470 1699 2497 constru-

267 2508 377 2544 habet,
394 2510 613 2547 religionibus,
628 2513 666 2538 nt
681 2513 714 2538 et
726 2508 776 2538 ed.
789 2509 843 2538 w.
857 2509 961 2539 dnnta
1003 2510 1156 2539 ctionem.
1211 2510 1442 2540 Hotomannus
1469 2509 1620 2549 putabat,
1647 2509 1698 2539 uti

267 2552 326 2580 &m
370 2549 408 2581 Id
423 2556 480 2581 aut
496 2550 714 2591 recipiendum
736 2550 863 2587 (excidit
882 2550 959 2580 ulti·
1001 2561 1183 2581 recusares:
1206 2552 1261 2582 sed
1276 2553 1321 2581 ita
1337 2561 1401 2581 non
1416 2552 1455 2582 fit
1469 2550 1611 2581 mollius.

266 2603 322 2622 lna
335 2592 458 2632 syllaba
472 2593 561 2631 casu)
581 2601 637 2623 aut
653 2593 806 2630 religione
818 2593 959 2622 scriben-
1048 2596 1083 2622 10
1099 2595 1225 2624 nullum
1242 2593 1415 2633 habetjus]
1432 2593 1497 2623 ‚Ius
1511 2593 1622 2623 aberat
1632 2592 1695 2623 Ms.

265 2633 355 2664 ‹lum-
380 2644 456 2664 nam
480 2636 633 2673 religione
657 2636 800 2672 obligare
827 2634 958 2672 dicitur,
1002 2635 1166 2672 Lambini,
1187 2637 1276 2666 abest
1291 2642 1324 2665 et
1340 2638 1400 2665 (in.
1415 2641 1449 2665 et
1463 2635 1512 2665 ed.
1529 2635 1624 2665 Rom.
1637 2635 1695 2666 ΒΓ.

265 2685 331 2706 non
346 2677 507 2715 religioni.
530 2682 567 2707 ut
589 2686 686 2716 supra
706 2680 758 2706 40.
778 2681 862 2707 extr.
879 2682 910 2706 et
927 2688 953 2707 c.
999 2677 1110 2707 Potest
1126 2689 1142 2707 e
1158 2678 1375 2718 superioribus
1392 2676 1542 2715 intelligi.
1565 2677 1620 2707 sed
1642 2680 1692 2706 est

266 2721 314 2747 51.
344 2719 500 2757 religione
527 2720 695 2749 devincire.
739 2718 854 2757 ltaque
883 2719 954 2750 dedi
997 2719 1119 2749 durius.
1133 2720 1295 2758 quomodo
1310 2719 1502 2749 consecratio
1517 2722 1550 2748 et
1565 2719 1691 2748 dedica-

263 2761 484 2796 ·1·‹·li;fio›1ibns.
997 2762 1040 2791 tio
1053 2761 1217 2796 differant,
1233 2772 1261 2792 v.
1275 2762 1309 2791 in
1320 2762 1418 2792 (slave
1433 2761 1466 2791 in
1484 2760 1693 2801 Consecratio.

307 2808 324 2832 ’ό
343 2803 420 2841 rrist.
439 2802 850 2841 „svmguinem—visceribus
868 2811 950 2832 cera·
1039 2806 1071 2833 ll
1089 2804 1251 2835 obtestatio
1265 2803 1420 2844 tibicinis]
1445 2813 1475 2835 v,
1499 2802 1630 2835 Clavem
1653 2802 1688 2833 in

262 2844 321 2884 rii]
348 2844 375 2875 Ε
389 2846 527 2885 pet-unia
542 2845 684 2886 publica,
701 2844 734 2874 in
753 2844 827 2884 ipsis
844 2846 948 2876 :erarii
992 2846 1101 2877 obtest.
