1785 3185
291 96 391 133 1254
863 104 1119 143 ORATIO

287 212 365 239 vus
407 198 553 243 Caesar
590 202 704 259 lege·
747 205 926 258 tulisset,
965 208 1237 251 infirmandas
1279 206 1363 248 hoc
1393 212 1585 263 tempore
1626 221 1714 248 non

290 265 508 310 putarem:
558 261 628 302 sed
662 276 714 303 ne
743 262 833 304 illas
863 266 1050 319 quidem,
1073 281 1176 321 quas
1199 273 1296 320 post
1322 272 1504 304 mortem
1527 263 1710 304 Caesaris

211 292 277 339 10
292 313 474 367 prolatas
495 330 585 357 esse
603 328 645 359 et
667 319 773 360 fixas
797 322 962 363 videtis.
1016 324 1083 364 De
1104 323 1256 364 exsilio
1279 321 1440 362 reducti
1464 336 1488 360 a
1511 330 1680 361 mortuo
1699 337 1709 362 :

226 364 276 398 ‘24
289 370 440 412 civitas
461 372 560 414 data
583 389 665 416 non
701 377 834 417 solum
868 379 1060 435 singulis,
1089 381 1158 421 sed
1184 378 1442 427 nationibus,
1465 385 1508 417 et
1538 377 1711 433 provin-

285 427 363 468 ciis
387 429 591 471 universis
613 448 637 472 a
660 445 854 476 mortuo:
888 436 1229 477 immunitatibus
1250 434 1427 476 infinitis
1450 433 1616 474 sublata
1638 448 1709 474 ve-

281 485 457 541 ctigalia
478 502 502 526 a
523 499 706 529 mortuo.
755 490 865 544 Ergo
890 492 995 542 haee,
1014 497 1053 524 ⁴8
1071 508 1167 542 uno,
1193 506 1337 532 verum
1355 492 1535 546 optimo,
1558 500 1707 531 aucto-

282 555 327 581 re
347 543 476 584 domo
500 545 676 599 prolata,
701 542 991 589 defendimus:
1032 563 1100 589 eas
1121 550 1248 603 leges,
1277 562 1381 601 quas
1402 549 1505 602 ipse,
1526 550 1567 581 49
1582 548 1706 588 nobis

278 597 634 654 inspectantibus,
674 603 884 654 recitavit,
922 606 1230 660 pronuntiavit,
1275 603 1384 652 tulit,
1421 604 1576 658 quibus
1610 603 1706 644 latis

281 655 557 710 gloriabatur,
582 658 716 713 iisque
744 659 909 716 legibus
933 662 1237 717 rempublicam
1272 659 1481 701 contineri
1515 662 1707 715 putabat,

282 712 334 752 de
357 714 602 768 provinciiS‚
625 716 676 756 de
700 715 892 770 judiciis,
913 734 997 769 cas,
1030 719 1218 774 inquam,
1243 717 1424 758 Caesaris
1456 715 1584 771 leges,
1615 732 1707 768 nOS,

220 780 270 815 25
283 770 354 822 qui
377 770 644 812 defendimus
667 782 762 813 acta
784 773 979 825 Caesaris,
1003 780 1041 807 50
1054 775 1301 816 evertendas
1326 773 1598 829 putabimus?
1641 773 1706 815 Ac

282 826 334 866 de
365 826 414 866 iis
455 837 593 869 tamen
627 829 805 884 legibus,
844 846 939 885 quae
968 832 1251 888 promulgata:
1282 840 1394 880 sunt,
1417 829 1562 870 saltem
1587 831 1706 885 queri

280 897 528 936 possumus:
561 885 612 925 de
643 885 708 936 iis,
731 901 825 940 quae
842 887 930 942 jain
965 888 1059 930 latae
1088 890 1302 939 (licuntur,
1327 902 1377 927 ne
1408 886 1511 927 illud
1533 887 1706 942 quidem

278 938 414 980 licuit.
447 940 527 981 illae
559 942 673 982 enim
705 944 818 983 nulla
842 945 1184 1001 promulgatione
1206 946 1301 986 latae
1326 954 1424 984 sunt
1455 953 1554 983 ante
1575 959 1704 998 quam

279 997 465 1051 scriptae.
511 1001 544 1027 ⁵¹
565 999 792 1050 Quaerunt,
820 1002 921 1055 quid
946 1002 1014 1053 sit,
1049 1018 1123 1043 cur
1151 1013 1225 1043 aut
1255 1016 1352 1057 ego,
1375 1012 1448 1042 aut
1483 1001 1707 1056 quisquam

278 1054 642 1109 vestrfiim‘patres
675 1058 922 1114 conscripti,
955 1059 1075 1100 bonis
1099 1059 1279 1100 tribunis
1303 1058 1452 1113 plebis,
1472 1058 1587 1112 leges
1610 1072 1698 1098 ma-

277 1108 337 1149 las
379 1121 554 1152 metuat.
607 1123 776 1167 paratos
810 1114 1028 1165 habemns,
1058 1116 1131 1171 qui
1173 1116 1461 1156 intercedant:
1515 1124 1699 1169 paratos,

276 1167 401 1221 52²qu
435 1168 740 1224 rempublicam
772 1171 976 1225 religione
1007 1173 1262 1213 defendant:
1306 1172 1426 1212 vacui
1462 1181 1577 1211 metu
1611 1186 1701 1212 esse

274 1221 493 1265 debemus.
556 1226 673 1272 Quas
704 1237 749 1268 tu
775 1223 894 1279 mih‘i,
929 1230 1081 1284 inquit,
1104 1229 1439 1278 intercessiones,
1469 1243 1572 1283 quas
1607 1229 1700 1269 reli-

274 1278 454 1331 giones?
488 1281 569 1322 Eas
604 1284 779 1333 scilicet,
821 1286 974 1339 quibus
1013 1287 1258 1342 reipublicae
1289 1285 1398 1326 salus
1440 1285 1699 1327 continetur.

274 1334 547 1394 Negligimus
571 1340 664 1390 ista,
686 1350 729 1381 et
752 1342 876 1382 nimis
899 1343 1073 1397 antiqua
1095 1353 1138 1383 et
1165 1342 1293 1383 stulta
1315 1342 1524 1382 ducimus,
1558 1341 1699 1383 forum

275 1396 484 1448 sepietur:
537 1411 684 1437 omnes
721 1397 969 1440 claudentur
1001 1401 1165 1441 aditus:
1215 1399 1365 1440 armati
1403 1399 1445 1439 in
1488 1398 1698 1453 praesidiis

211 1450 416 1492 26multis
450 1453 553 1493 locis
580 1454 918 1497 collocabuntur.
978 1458 1093 1503 Quid
1128 1460 1248 1498 tum?
1281 1456 1410 1502 Quod
1442 1456 1520 1495 erit
1543 1455 1603 1496 ita
1626 1469 1700 1511 ge-

271 1516 377 1560 tum,
401 1508 443 1550 id
465 1509 535 1550 lex
560 1511 665 1562 erit3
696 1522 737 1551 et
761 1512 801 1552 in
826 1528 882 1553 aes
905 1514 1033 1554 incidi
1060 1514 1271 1555 videbitis.
1310 1513 1416 1554 cedo
1453 1511 1524 1553 illa
1557 1511 1698 1567 legiti-

268 1580 364 1606 ma:
398 1565 660 1608 CONst‘LEs
689 1582 920 1611 POPULUM
947 1585 1069 1612 JURE
1095 1583 1433 1612 ROGAVERUNT
1456 1569 1558 1620 (hoc
1582 1570 1696 1611 enim

267 1637 292 1663 a
313 1622 547 1677 majoribus
579 1626 819 1681 accepimus
843 1628 956 1682 5²³jus
978 1628 1177 1684 rogandi)
1213 1640 1535 1678 POPULUSQUE
1569 1639 1692 1667 JURE

270 1693 444 1720 selvl'r.
505 1681 592 1727 Qui
626 1683 834 1738 populus?
885 1686 988 1735 isne,
1010 1685 1082 1741 qui
1114 1684 1310 1725 exclusus
1341 1687 1431 1725 est?
1462 1682 1692 1737 quojure?

266 1749 322 1777 an
350 1751 416 1787 eo,
438 1738 553 1792 quod
585 1739 624 1779 vi
656 1750 699 1779 et
728 1741 854 1781 armis
885 1756 1011 1782 omne
1042 1742 1254 1783 sublatum
1286 1743 1377 1783 est?
1435 1739 1580 1795 Atque
1609 1755 1692 1796 ego

265 1792 349 1834 hoc
379 1794 476 1835 dico
507 1794 559 1835 de
590 1795 768 1848 futuris3
805 1798 920 1852 quod
950 1809 1014 1839 est
1041 1799 1290 1849 amicorum,
1321 1808 1419 1839 ante
1449 1797 1588 1838 dicere
1628 1812 1694 1849 ea,

131 1864 166 1897 p·
186 1857 362 1905 158-quae
384 1851 505 1891 vitari
529 1863 727 1907 possunt:
751 1869 846 1909 quae
867 1856 899 1895 si
924 1855 1037 1896 facta
1057 1870 1138 1896 non
1158 1864 1295 1906 erunt,
1320 1855 1531 1896 refelletur
1553 1855 1691 1896 oratio

223 1908 373 1948 “³⁸mea.
435 1908 607 1963 Loquor
635 1910 687 1951 de
709 1910 874 1967 legibus
907 1912 1213 1968 promulgatis:
1251 1913 1302 1952 de
1333 1912 1489 1968 quibus
1521 1921 1585 1952 est
1623 1912 1689 1952 in-

265 1975 433 2020 tegrum
464 1966 601 2007 vobis.
632 1967 876 2009 demonstro
912 1970 1041 2011 vitia:
1076 1969 1225 2010 tollite.
1257 1969 1463 2011 denuntio
1497 1969 1598 2021 vim,
1622 1983 1687 2010 ar-

184 2044 247 2091 11
265 2035 356 2063 ma:
389 2033 640 2087 rer-novete..
816 2081 822 2088 ·
864 2081 870 2088 “
1317 2065 1320 2070 .
1427 2083 1433 2089 ¹
1543 2083 1550 2089 ι
1660 2083 1668 2090 ·

197 2113 251 2153 ⁰7
321 2078 451 2119 Irasm
476 2095 548 2121 vos
571 2080 744 2135 quidem
768 2081 889 2133 mihi,
914 2082 1150 2134 Dolabella,
1171 2097 1248 2138 pro
1270 2083 1491 2139 republica
1511 2082 1687 2134 dicenti,

298 2241 338 2269 48
365 2249 429 2270 uno
453 2241 522 2270 viro
550 2242 667 2281 optimo
694 2243 840 2281 auctore]
878 2242 950 2274 Hoc
994 2253 1065 2274 mus
1087 2243 1235 2283 praefero,
1251 2242 1326 2281 quia
1340 2243 1489 2275 Ciceroni
1504 2245 1537 2274 in
1557 2244 1618 2275 hac
1633 2255 1683 2275 ar-

256 2289 333 2311 sane
356 2291 423 2311 non
439 2282 555 2322 placet.
579 2284 708 2322 melius,
725 2286 750 2315 si
766 2295 784 2315 e
807 2286 870 2316 Ms.
886 2286 950 2316 Gu.
994 2285 1242 2324 gumentatione
1258 2286 1415 2315 usitatum
1431 2291 1482 2316 est
1495 2286 1654 2318 futurum.

255 2332 320 2351 uno
343 2324 412 2353 viro
427 2329 558 2355 auctore
574 2327 701 2365 optimo.
747 2327 808 2357 Sed
830 2327 952 2367 optime
1037 2330 1071 2357 51
1098 2326 1274 2367 Qiroemnt‚
1297 2327 1376 2366 quid
1388 2328 1430 2357 sic
1448 2328 1521 2367 &c.]
1549 2329 1587 2358 In
1613 2328 1644 2359 h.
1661 2330 1685 2360 1.

255 2364 363 2394 Codex
386 2366 501 2395 faerni
527 2376 602 2402 uno,
618 2378 732 2399 verum
757 2379 784 2399 o.
801 2379 833 2400 α.
858 2369 943 2408 quod
985 2368 1077 2399 valde
1092 2367 1312 2398 variantlibri.
1324 2378 1382 2399 nec
1392 2379 1518 2400 necesse
1527 2377 1576 2400 est
1589 2370 1680 2402 illam

253 2410 287 2435 et
310 2406 389 2446 ipse,
411 2413 445 2436 et
471 2408 633 2445 Muretus,
657 2410 772 2441 Lamb.
797 2411 942 2441 Graevius
985 2412 1176 2441 varietatem
1192 2411 1452 2441 commemorari.
1486 2411 1619 2452 Vulgat.
1633 2418 1685 2444 est

254 2453 342 2478 reete
358 2458 513 2488 recepere.
530 2460 608 2488 quos
624 2451 743 2482 imitati
759 2462 880 2483 sumus.
988 2453 1131 2492 optima:
1156 2461 1252 2491 quain
1268 2458 1301 2481 et
1315 2453 1449 2484 servavi.

295 2491 336 2523 49
370 2491 455 2521 vobis
487 2492 584 2531 imp]
623 2494 755 2523 Correxi
784 2496 871 2524 nobis
906 2505 944 2525 ex
1030 2497 1068 2524 52
1091 2494 1146 2534 qui
1173 2503 1274 2533 remp.
1302 2495 1458 2533 religione
1486 2496 1675 2537 defendant]

254 2532 334 2563 Mss.
363 2532 562 2570 melioribus,
586 2534 620 2564 in
646 2535 694 2564 his
718 2536 779 2566 Gn.
811 2542 843 2566 et
870 2535 942 2567 edd.
988 2534 1164 2575 Eleganter
1185 2536 1351 2573 religione,
1370 2537 1389 2566 i.
1414 2548 1441 2567 e.
1458 2537 1496 2568 de
1511 2538 1592 2569 coelo
1614 2548 1681 2570 ser-

254 2573 386 2610 Faerni‚
405 2575 492 2605 Mur.
517 2575 632 2606 Lamb.
650 2576 779 2607 Graevii.
824 2578 884 2608 Sed
900 2579 945 2608 sic
987 2578 1104 2614 vando,
1120 2577 1347 2608 obnunciando
1363 2579 1420 2609 &c.

245 2616 316 2654 jani
330 2616 400 2648 edd.
413 2617 507 2647 Rom.
521 2617 603 2647 Vcn.
618 2618 688 2648 Vic.
703 2621 759 2649 &a
770 2620 858 2650 Vitio
869 2630 945 2659 ope·
1029 2622 1067 2650 53
1080 2618 1143 2660 jus
1156 2620 1308 2659 rogandi]
1329 2620 1414 2650 Cave
1429 2620 1593 2660 intelligas
1606 2624 1680 2661 pot-

253 2667 362 2688 rarum
379 2659 507 2698 irrepsit
517 2660 610 2689 vobis.
985 2666 1122 2691 estatem
1145 2661 1325 2700 legitimam
1340 2673 1348 2692 ;
1388 2662 1487 2692 immo
1502 2662 1616 2693 modus
1631 2663 1678 2693 le-

293 2701 334 2730 50
355 2702 542 2731 evertendas
559 2701 762 2741 putabimus]
794 2702 940 2732 Primum
985 2703 1132 2742 gitimus,
1151 2712 1214 2741 quo
1237 2704 1364 2742 rogatio
1387 2704 1574 2735 fieridebet.
1590 2705 1677 2736 unde

249 2741 314 2771 Ms.
332 2742 394 2772 Gn.
415 2743 458 2774 H.
477 2744 655 2774 vertendas.
685 2743 770 2774 Dein
783 2748 942 2784 putamus
974 2743 1057 2784 jure
1071 2754 1190 2783 rogare
1205 2755 1278 2776 mox
1294 2746 1439 2786 legitime
1452 2750 1486 2778 et
1498 2756 1517 2777 e
1530 2747 1677 2788 praescri,

249 2782 313 2813 Ms.
331 2788 422 2814 vetus
438 2785 566 2821 Fat'rni,
580 2794 676 2824 quem
690 2786 837 2824 sequitur
852 2786 940 2817 Mur.
983 2791 1043 2827 pto
1057 2786 1178 2828 legum.

247 2823 362 2858 Lainb.
377 2836 516 2866 eumque
532 2827 582 2858 hic
595 2827 754 2859 Graevius.
799 2827 940 2860 Putabi-
