1785 3185
289 103 386 139 1382
875 98 1123 147 ORATIO

237 204 335 258 6eo
358 206 538 263 imperio
558 214 600 249 et
624 209 814 251 exercitu
833 213 1140 268 rempublicam
1159 220 1396 271 oppugnat.
1428 213 1593 261 Quodsi
1617 214 1709 271 ipsa

284 265 768 320 respublicajudicaret,
791 276 864 308 aut
886 269 919 309 si
942 284 1067 311 omne
1089 271 1163 326 jus
1184 272 1364 312 decretis
1387 270 1477 326 ejus
1502 281 1707 314 statuere-

283 328 376 361 tur:
408 320 671 375 Antonione,
693 339 745 365 an
779 324 914 366 Bruto
945 326 1132 382 legiones
1164 328 1310 383 populi
1335 328 1518 369 Romani
1541 329 1707 384 adjudi-

280 380 426 440 caret?
483 378 604 421 Alter
633 381 851 422 advolarat
886 384 1027 424 subito
1058 384 1110 425 ad
1142 384 1422 440 direptionem
1461 384 1706 441 pestem'que

280 447 509 488 socrorum,
548 447 609 487 ut,
642 452 909 492 quacumque
949 440 1041 490 iret,
1078 441 1223 480 omnia
1258 450 1453 492 vastaret,
1488 442 1706 497 diriperet,

280 489 493 534 auferret:
525 496 715 535 exercitu
747 495 894 550 populi
928 495 1112 537 Romani
1146 505 1294 537 contra
1330 497 1468 552 ipsum
1498 497 1703 554 populum

284 546 526 591 Romanum
549 560 750 591 uteretur.
774 551 877 592 alter
899 565 992 593 eam
1013 553 1093 594 sibi
1116 552 1253 609 legem
1277 563 1495 603 statuerat,
1516 564 1575 604 ut,
1597 570 1705 609 quo-

149 627 181 657 y.
198 617 464 662 227.cumque
486 608 683 657 venisset,
705 607 779 648 lux
804 608 966 650 venisse
983 610 1195 664 quaedam,
1216 618 1260 650 et
1294 624 1388 665 spes
1419 610 1564 651 salutis
1586 611 1705 652 vide-

236 668 269 688 ²·
283 672 410 704 retur.
434 664 617 718 denique
647 664 752 705 alter
781 664 834 704 ad
865 666 1135 708 evertendam
1167 667 1473 722 rempublicam
1506 668 1704 722 praesidia

280 722 514 774 quaerebat,
536 721 640 762 alter
661 721 710 761 ad
742 723 1090 764 conservandam.
1151 723 1243 764 Nec
1265 738 1363 764 vero
1394 738 1471 764 nos
1503 724 1584 764 hoc
1614 738 1704 764 ma-

282 776 347 831 gis
371 778 633 829 videbamus,
655 792 781 833 quam
809 778 889 834 ipsi
920 780 1107 832 milites;
1138 795 1162 821 a
1183 780 1337 836 quibus
1368 790 1488 821 tanta
1516 781 1559 820 in
1584 780 1704 835 judi-

222 839 267 873 13
281 834 416 874 cando
447 835 673 890 prudentia
705 850 790 876 non
821 846 912 876 erat
942 837 1207 892 postulanda.
1269 836 1380 878 Cum
1406 851 1492 878 vu.
1514 836 1704 878 cohorti-

283 890 358 930 bus
388 891 520 932 wisse
549 890 823 947 Apolloniam
853 893 1002 934 scribit
1030 894 1290 944 Antonium,
1306 894 1377 949 qui
1405 894 1497 949 jam
1530 904 1605 934 aut
1632 908 1702 934 ca-

277 956 376 1005 ptus
415 957 477 989 est
510 946 644 1003 (quod
681 949 741 990 dii
774 949 922 1000 dent!)
955 960 1029 992 aut
1060 962 1174 993 certe
1203 951 1333 992 homo
1367 950 1627 991 verecundus
1657 950 1699 991 iu

278 1003 582 1046 Macedoniam
605 1019 691 1046 non
713 1007 892 1057 accedit,
914 1021 967 1049 ne
987 1017 1137 1049 contra
1167 1018 1336 1049 senatus
1365 1006 1608 1049 consultum
1640 1006 1702 1048 fe-

277 1061 384 1101 cisse
407 1061 613 1103 videatur.
675 1061 878 1104 Delectus
910 1063 1080 1106 habitus
1103 1066 1145 1106 in
1170 1065 1430 1106 Macedonia.
1448 1073 1512 1105 est
1534 1078 1701 1104 summo

278 1117 335 1162 Q.
361 1116 582 1160 Hortensii
605 1120 746 1161 studio
768 1131 812 1162 et
833 1120 1040 1163 industria
1059 1139 1068 1164 ε
1100 1122 1223 1177 cujus
1254 1121 1442 1163 animum
1464 1121 1701 1176 egregium,

276 1173 542 1231 dignumque
575 1187 619 1217 et
658 1177 751 1233 ipso
789 1188 832 1218 et
871 1179 1106 1234 majoribus
1143 1180 1250 1235 ejuS‚
1288 1192 1342 1219 ex
1385 1178 1508 1219 Bruti
1550 1178 1701 1218 litteris

277 1232 518 1288 perspicere
539 1234 754 1289 potuistiS.
801 1234 951 1291 Legio,
973 1251 1101 1291 quam
1126 1236 1175 1277 L.
1197 1236 1297 1276 Piso
1318 1235 1516 1286 ducebat,
1536 1234 1702 1290 legatus

276 1286 474 1342 Antonii,
497 1289 697 1332 Ciceroni
729 1306 772 1332 se
802 1291 891 1332 filio
922 1307 1017 1334 meo
1049 1293 1237 1334 tradidit.
1299 1291 1540 1348 EquitatuS‚
1561 1291 1633 1346 qui
1658 1291 1703 1332 in

277 1344 446 1400 Syriam
476 1347 711 1389 ducebatur
747 1349 966 1404 bipertito,
1004 1349 1108 1391 alter
1144 1353 1307 1400 ‘29eum‚
1340 1364 1366 1390 a
1397 1363 1482 1404 quo
1515 1348 1700 1389 duceba-

275 1411 359 1453 tur,
381 1404 553 1460 reliquit
583 1405 625 1445 in
647 1405 879 1457 Thessalia,
901 1421 1076 1462 seseque
1104 1407 1158 1449 ad
1189 1407 1372 1448 Brutum
1401 1404 1608 1447 contulit:
1640 1403 1701 1445 al-

271 1467 410 1501 terum
441 1461 484 1502 in
517 1461 776 1504 Macedonia
807 1463 889 1504 Cn.
913 1463 1132 1505 Domitius
1162 1463 1406 1505 adolescens
1427 1476 1593 1504 summa
1616 1461 1698 1502 vir-

269 1524 363 1558 tute
395 1526 440 1559 et
470 1521 713 1561 constantia
742 1521 796 1560 ab
828 1519 971 1577 legato
1004 1521 1181 1576 Syriaco
1216 1520 1412 1562 abduxit.
1475 1518 1524 1560 P.
1555 1527 1696 1560 autem

270 1573 484 1626 Vatinius,
506 1577 579 1631 qui
610 1588 653 1617 et
682 1588 806 1618 antea
830 1577 929 1633 jure
958 1577 1151 1619 laudatus
1182 1594 1206 1619 a
1237 1578 1378 1628 nobis,
1403 1585 1447 1617 et
1477 1576 1559 1617 hoc
1590 1584 1698 1616 tem-

270 1645 373 1686 pore
396 1633 547 1674 merito
571 1633 804 1675 laudandus
825 1644 903 1685 est,
926 1635 1092 1691 aperuit
1120 1635 1347 1690 Dyrrachii
1380 1642 1521 1689 portas
1544 1632 1697 1683 Bruto,

211 1694 258 1730 14
270 1697 313 1728 et
332 1690 568 1730 exercitum
593 1691 780 1732 tradidit.
840 1691 977 1733 Tenet
998 1693 1130 1748 igitur
1152 1691 1332 1748 populus
1352 1690 1573 1732 Romanus
1597 1688 1696 1730 Ma-

268 1745 507 1798 cedoniam,
532 1757 649 1789 tenet
671 1747 906 1805 Illyricum,
926 1752 967 1780 30
981 1758 1121 1790 tuetur
1144 1749 1386 1791 Graeciam:
1417 1757 1574 1788 nostrae
1597 1757 1697 1786 sunt

267 1803 473 1859 legiones,
510 1813 656 1845 nostra
693 1805 795 1846 levis
837 1815 1063 1857 armatura,
1105 1814 1248 1847 noster
1287 1805 1517 1861 equitatus,
1556 1803 1696 1844 maxi-

266 1874 420 1915 meque
450 1871 593 1902 noster
621 1871 686 1902 est
714 1863 886 1913 Brutus,
913 1878 1162 1919 semperque
1191 1872 1349 1913 noster,
1379 1876 1477 1903 cum
1510 1875 1585 1901 sua
1621 1874 1697 1900 ex-

265 1917 567 1959 cellentissima
599 1919 755 1960 virtute
795 1920 1040 1976 reipublicae
1077 1930 1214 1971 natuS,
1251 1928 1342 1960 tum
1379 1918 1469 1959 fato
1507 1916 1693 1972 quodam

218 1975 251 2029 ’7
266 1977 430 2030 paterni
454 1976 718 2030 maternique
740 1978 906 2032 generis
928 1986 971 2018 et
992 1977 1191 2018 nominis.
1227 1976 1297 2017 Ab
1319 1976 1402 2017 hoc
1424 1976 1556 2031 igitur
1576 1974 1692 2029 quis-

264 2046 391 2086 quam
424 2032 579 2074 bellum
612 2033 746 2084 timet,
769 2034 857 2088 qui,
886 2044 1114 2089 antequam
1146 2048 1223 2075 nos
1261 2033 1300 2074 id
1332 2033 1469 2075 coacti
1504 2031 1692 2086 suscepi-

262 2103 373 2140 mus,
396 2091 436 2130 in
471 2104 574 2146 pace
598 2090 758 2145 jacere,
780 2106 905 2146 quam
939 2092 980 2131 in
1015 2091 1122 2131 bello
1155 2091 1299 2147 vigere
1328 2089 1509 2131 maluit?
1540 2102 1690 2143 quam-

262 2160 389 2200 quam
414 2147 482 2187 ille
503 2147 674 2202 quidem
705 2162 936 2203 numquam
962 2148 1116 2204 jacuit,
1140 2163 1217 2189 nec
1239 2147 1322 2188 hoc
1342 2147 1493 2188 cadere
1514 2146 1691 2185 verbum

263 2202 306 2242 in
331 2211 491 2245 tantam
514 2204 681 2245 virtutis
704 2205 994 2261 praestantiam
1017 2215 1173 2261 potest.
1206 2204 1304 2246 Erat
1326 2204 1438 2245 enim
1463 2204 1503 2243 in
1527 2202 1691 2243 deside-

219 2260 326 2300 b.rio
354 2261 561 2311 civitatis,
585 2262 627 2302 in
659 2276 745 2313 ore,
768 2263 811 2302 in
842 2276 1035 2303 sermone
1064 2262 1271 2303 omnium.
1331 2261 1516 2302 Tantum
1546 2268 1689 2299 autem

261 2319 409 2361 aberat
440 2335 464 2360 a
495 2318 620 2369 bello,
642 2328 703 2369 ut,
725 2333 822 2360 cum
844 2319 1080 2375 eupiditate
1109 2319 1315 2360 libertatis
1350 2317 1475 2358 Italia
1506 2315 1686 2366 arderet,

260 2375 444 2417 defuerit
466 2376 626 2418 civium
651 2376 801 2417 studiis
825 2377 982 2432 potius,
998 2392 1124 2432 quam
1147 2391 1220 2417 eos
1242 2376 1284 2416 in
1305 2388 1515 2416 armorum
1539 2372 1687 2414 discri-

259 2446 356 2475 men
380 2434 622 2483 adducerct.
685 2431 836 2488 ltaque
860 2433 918 2474 illi
942 2434 1038 2490 ipsi,
1061 2433 1096 2474 si
1117 2433 1191 2489 qui
1213 2441 1325 2484 sunt,
1346 2431 1418 2487 qui
1442 2430 1687 2471 tarditatem

297 2600 336 2627 28
360 2599 420 2627 isse
432 2595 648 2636 Apolloniam]
672 2595 787 2626 EVat.
805 2594 948 2625 faernus
992 2596 1160 2632 Cicerone,
1187 2598 1274 2624 corte
1302 2603 1376 2623 eum
1404 2601 1470 2622 non
1498 2589 1683 2639 addidisset.

256 2640 379 2679 profert
405 2650 469 2669 esse
494 2639 680 2678 Apolloniae.
705 2638 772 2676 ipse
798 2637 876 2667 dicit
903 2638 948 2667 nil
991 2638 1075 2677 quod
1101 2638 1127 2667 si
1150 2637 1220 2676 quis
1247 2635 1352 2666 delere
1377 2634 1484 2670 rnalit,
1509 2633 1682 2664 admittam

255 2684 421 2712 interesse.
436 2690 524 2718 mox,
540 2691 578 2711 ne
592 2685 705 2711 contra
719 2684 867 2710 senatum
877 2680 947 2721 fec.
992 2681 1204 2720 ,Quanam-em,
1218 2679 1294 2717 quia
1310 2678 1341 2707 in
1356 2676 1459 2708 altera
1475 2680 1566 2716 parte
1580 2674 1682 2719 Lega-

254 2724 317 2756 ΜΞ.
337 2724 444 2755 lim-d.
992 2728 1046 2752 tus
1060 2727 1272 2752 inc-moratur.
1645 2756 1652 2763 ⁴

295 2767 336 2799 99
358 2758 444 2802 ι-ιίηι,
466 2775 486 2795 (ι
509 2775 568 2805 quo
589 2763 638 2803 d.]
664 2763 691 2794 Ε
707 2764 782 2794 Vat.
796 2763 945 2794 addidere
1030 2766 1070 2794 30
1092 2763 1220 2802 tuetur]
1247 2761 1310 2794 Hic
1325 2770 1453 2801 quoque
1475 2762 1560 2791 tenet
1581 2762 1629 2789 est
1645 2766 1680 2788 m

252 2808 462 2847 Quaestorem.
491 2807 576 2846 quod
608 2807 688 2836 mihi
720 2816 739 2835 a
768 2805 945 2846 glossatore
989 2806 1053 2837 Me.
1073 2805 1180 2846 Hnyd.

253 2850 379 2881 videtur
403 2856 531 2881 natum.
578 2849 610 2878 Si
625 2853 811 2888 (juniorem
828 2855 910 2879 esset
928 2858 947 2880 a
