1785 3185
398 125 510 164 PRO
537 125 579 163 C.
606 123 864 162 RABIRIO
890 124 1182 163 POSTUMO.
1409 129 1508 166 1199

75 226 150 279 'sed
175 235 219 267 tu
244 226 355 268 istud
378 228 558 283 petiisti,
578 241 660 283 ego
684 227 755 269 hic
775 241 924 283 cogor.
985 227 1130 274 Quare
1152 228 1380 284 autjudici
1403 227 1512 269 mihi

76 297 162 324 non
186 297 276 324 esse
297 283 438 336 liceat,
461 294 535 325 aut
555 284 694 341 legem
715 284 811 340 lege
834 284 1047 325 senatoria
1066 299 1153 325 non
1185 286 1348 326 timere.
1409 284 1510 327 Hoc
1524 294 1573 330 18

75 353 166 391 VOS,
186 341 352 396 equites
377 340 579 394 Romani,
600 341 720 397 25jus
751 356 777 382 a
797 341 990 397 patribus
1021 351 1247 397 acceptum
1276 343 1513 384 amittetis?

73 411 246 449 moneo,
278 413 330 438 ne
362 397 545 440 faciatis.
577 399 796 455 rapientur
826 397 1021 439 homines
1050 398 1094 438 in
1130 398 1224 439 haec
1252 398 1421 454 judicia
1454 414 1511 441 ex

68 453 188 495 omni
211 469 298 496 non
321 456 450 497 modo
473 456 649 507 invidia,
672 456 744 498 sed
767 469 961 497 sermone
991 453 1313 506 malevolorum,
1335 456 1416 496 nisi
1439 471 1511 497 ca-

69 511 193 552 vetis.
253 512 299 552 Si
324 512 418 566 jam
444 514 564 554 vobis
596 514 878 564 nuntiaretur,
901 512 944 553 in
975 523 1124 553 senatu
1153 513 1386 553 sententias
1409 513 1510 564 dici,

66 579 115 609 ut
137 568 202 609 his
223 569 393 626 legibus
417 570 666 612 teneremini
685 588 694 612 :
718 569 1062 612 concurrendum
1081 569 1134 610 ad
1153 569 1316 611 curiam
1339 579 1510 625 putare-

66 626 135 666 tis.
167 627 200 667 si
234 627 304 668 lex
338 627 545 669 ferretur:
577 627 862 669 convolaretis
896 626 949 668 ad
981 625 1153 668 Rostra.
1214 625 1303 667 Vos
1337 636 1509 667 senatus

63 681 221 725 liberos
253 684 333 725 hac
365 684 458 740 lege
489 699 581 726 esse
609 684 768 726 voluit:
801 684 985 741 populus
1018 697 1254 739 numquam
1287 682 1507 740 alligavit:

68 739 196 781 soluti
238 740 324 782 huc
364 742 650 783 convenistis:
701 756 755 783 ne
799 740 1021 783 constricti
1063 741 1306 792 discedatis»,
1343 750 1507 782 cavete.

68 796 199 848 Nam,
221 799 254 839 si
282 798 489 839 Postumo
512 795 649 840 fraudi
673 798 816 850 fuerit,
838 799 912 854 qui
941 812 1022 840 nec
1051 798 1266 849 tribunus,
1287 813 1366 839 nec
1395 809 1566 854 prae-19

66 853 221 906 fectus,
252 870 332 896 nec
362 870 415 896 ex
454 855 578 897 ltalia
608 871 768 907 comes,
807 871 885 898 nec
922 854 1145 898 familiaris
1178 854 1358 896 Gabinii
1395 855 1503 898 fuit:

63 926 252 966 quonam
276 927 320 953 se
342 913 470 954 modo
492 913 724 954 defendent
754 913 951 969 posthac,
971 913 1046 968 qui
1069 912 1198 955 vestri
1221 912 1382 954 ordinis
1403 927 1503 955 cum

61 970 386 1024 magistratibus
410 970 566 1010 nostris
590 969 750 1012 fuerint
771 970 837 1011 his
856 970 995 1012 causis
1017 969 1256 1027 implicati?

116 1025 197 1078 Tu,
239 1027 395 1082 inquit,
434 1027 687 1079 Gabinium,
725 1036 773 1068 ut
814 1041 956 1083 regem
999 1027 1235 1079 reduceret,
1276 1018 1547 1083 impulisti.8

63 1083 167 1124 Non
188 1084 350 1140 patitur
382 1099 475 1125 mea
506 1099 573 1124 me
595 1085 689 1140 jam
712 1085 817 1126 fides
847 1085 900 1126 de
932 1084 1125 1126 Gabinio
1156 1083 1329 1141 gravius
1359 1098 1502 1139 agere.

62 1140 206 1188 Quem
226 1141 342 1182 enim
365 1156 417 1182 ex
442 1142 573 1182 tantis
597 1141 835 1183 inimicitiis
857 1150 1078 1197 receptum
1106 1141 1150 1182 in
1181 1141 1362 1197 gratiam
1387 1156 1503 1181 sum-

56 1211 131 1239 mo
162 1199 305 1240 studio
335 1199 615 1250 defenderim,
643 1198 758 1240 hunc
792 1199 1002 1240 afflictum
1035 1198 1194 1240 violare
1225 1213 1313 1239 non
1348 1198 1500 1239 debeo.

58 1270 245 1310 quocum
278 1266 433 1307 stante,
464 1257 498 1297 si
531 1271 600 1297 me
628 1255 710 1298 Cn.
738 1255 937 1322 Pompeii
969 1256 1203 1297 auctoritas
1237 1256 1282 1297 iu
1316 1256 1499 1311 gratiam

57 1327 145 1354 non
168 1314 422 1366 reduxisset,
444 1328 558 1355 nunc
573 1313 668 1368 jam
691 1314 822 1370 ipsius
845 1317 1019 1355 fortuna
1039 1313 1275 1354 reduceret.
1335 1312 1419 1354 Sed
1436 1323 1498 1354 ta·
1509 1319 1563 1354 20

57 1384 172 1422 men,
193 1386 291 1412 cum
320 1371 381 1412 ita
402 1371 525 1422 dicis,
551 1371 745 1412 Postumi
778 1370 962 1427 impulsu
986 1369 1222 1411 Gabinium
1257 1369 1500 1426 profectum

58 1426 391 1470 Alexandriam:
425 1428 459 1469 si
480 1427 719 1469 defensioni
743 1427 922 1470 Gabinii
952 1426 1079 1468 fidem
1113 1442 1198 1469 non
1221 1427 1369 1478 habes,
1391 1427 1501 1469 obli·

59 1484 289 1526 viscerisne
319 1486 450 1526 etiam
481 1485 766 1527 accusationis
799 1487 912 1527 tuae?
945 1484 1160 1527 Gabinius
1193 1499 1236 1525 se
1269 1484 1311 1525 id
1348 1483 1500 1526 fecisse

56 1541 230 1583 dicebat
263 1542 511 1599 reipublicae
542 1557 684 1594 causa,
717 1543 832 1598 quod
869 1541 1048 1583 classem
1079 1541 1280 1583 Archelai
1314 1542 1500 1592 timeret,

55 1600 170 1653 quod
194 1614 309 1640 mare
333 1599 535 1640 refertum
554 1599 646 1640 fore
674 1600 926 1656 praedonum
958 1608 1144 1655 putaret.
1175 1598 1271 1655 lege
1292 1599 1423 1640 etiam
1454 1599 1498 1639 id

55 1656 136 1697 sibi
168 1656 338 1698 licuisse
372 1657 558 1698 dicebat.
593 1666 640 1697 tu
672 1657 874 1698 inimicus
910 1670 1056 1712 negas.
1118 1655 1333 1712 Ignosco:
1365 1665 1408 1696 et
1446 1671 1503 1697 eo

51 1713 205 1769 magiS,
227 1714 343 1769 quod
365 1723 430 1755 est
449 1714 491 1745 ⁴26
503 1722 654 1755 contra
675 1714 778 1755 illud
793 1713 1055 1769 judicatum.
1117 1713 1265 1754 Redeo
1287 1713 1422 1769 igitur
1441 1713 1495 1754 ad

51 1771 212 1812 crimen
245 1781 289 1812 et
317 1770 636 1812 accusationem
670 1780 801 1812 tuam.
862 1770 982 1817 Quid
1012 1769 1320 1821 vociferabare,
1344 1769 1552 1820 decem21

52 1827 189 1869 millia
227 1828 437 1870 talentum
479 1828 671 1869 Gabinio
712 1842 804 1869 esse
847 1828 1084 1884 promissa?
1137 1827 1256 1869 Huic
1296 1827 1626 1876 videlicetp.121.·.

51 1888 90 1918 ²7
107 1884 363 1940 perblandus
386 1885 657 1941 reperiendus
680 1885 777 1936 fuit,
799 1885 872 1940 qui
897 1885 1131 1936 hominem,
1153 1893 1202 1925 ut
1223 1892 1268 1925 tu
1293 1884 1370 1935 vis,
1393 1899 1492 1926 ava·
1505 1890 1535 1910 ³·

52 1942 282 1993 rissimum,
304 1952 516 1992 exoraret,
537 1944 576 1973 ⁵28
591 1942 835 1984 sestertifim
860 1943 924 1983 bis
954 1942 1107 1983 millies
1129 1951 1172 1983 et
1202 1941 1492 1998 quadringen-¹

53 2000 132 2040 ties
164 2014 218 2041 ne
256 2014 516 2055 magnopere
544 2008 854 2042 contemneret.
913 1999 1129 2041 Gabinius
1164 1998 1283 2050 illud,
1315 2013 1491 2054 quoquo

51 2057 234 2098 consilio
265 2056 383 2108 fecit,
415 2056 518 2098 fecit
548 2066 663 2097 certe
692 2072 783 2098 suo.
817 2071 1102 2112 quaecumque
1134 2070 1254 2097 mens
1290 2055 1362 2096 illa
1393 2055 1493 2106 fuit,

53 2113 233 2155 Gabinii
256 2113 354 2154 fuit.
379 2114 467 2154 sive
489 2113 572 2164 ille,
594 2122 643 2154 ut
672 2114 764 2170 ipse
792 2113 979 2166 dicebat,
1010 2113 1217 2171 gloriam3
1249 2114 1353 2164 sive,
1375 2121 1423 2154 ut
1447 2122 1493 2154 tu

54 2170 131 2222 vis,
151 2170 380 2227 pecuniam
402 2171 625 2226 quaesivit:
651 2171 853 2225 quaesivit
875 2171 972 2212 sibi.
1025 2170 1192 2212 ‘29Num
1218 2169 1396 2212 Gabinii
1419 2185 1493 2211 co-

52 2241 157 2280 mes,
199 2227 265 2269 vel
303 2231 515 2269 sectator?
546 2238 692 2284 negat.
724 2243 812 2270 non
842 2228 956 2269 enim
988 2227 1042 2269 ad
1073 2227 1268 2279 Gabinii,
1291 2227 1413 2282 eujus
1449 2227 1494 2270 id

50 2286 275 2342 negotium
293 2299 380 2327 non
404 2295 508 2336 erat,
531 2284 604 2326 sed
626 2285 679 2327 ad
700 2284 750 2326 P.
774 2284 961 2335 Lentuli,
982 2285 1204 2326 clarissimi
1229 2285 1324 2337 viri,
1343 2293 1493 2326 aucto-

50 2341 237 2394 ritatem,
259 2358 284 2384 a
313 2351 462 2384 senatu
494 2341 749 2398 profectam,
770 2352 814 2384 et
846 2342 1027 2384 consilio
1061 2352 1194 2394 certo,
1226 2351 1269 2383 et
1299 2356 1374 2398 spe
1406 2356 1492 2383 non

0 2422 1 2428 =
50 2398 196 2452 dubia,
218 2399 406 2442 Romam
426 2399 721 2441 contenderat.

790 2540 952 2571 hominem
969 2539 1008 2570 ad
1025 2539 1215 2570 Gabinium.

90 2540 131 2570 25
142 2536 206 2579 jus
226 2548 248 2569 α
263 2540 416 2579 patribus
431 2539 513 2579 acca]
532 2540 674 2580 Nempe,
691 2540 745 2580 qui

830 2585 870 2613 28
892 2586 966 2612 sest.
996 2582 1042 2612 bis
1064 2592 1107 2612 m.
1135 2587 1165 2612 et
1187 2580 1319 2621 quadr]
1344 2580 1491 2622 Apparet

50 2589 155 2621 nuper
175 2580 238 2611 hoc
256 2583 311 2622 jus
336 2591 432 2612 suurn
460 2582 689 2619 defenderunt,
712 2587 746 2613 et

50 2623 140 2652 vobis
155 2622 280 2654 salvum
297 2627 332 2654 et
346 2625 511 2664 integrum
529 2624 744 2663 reliquerunt.

91 2663 132 2694 26
160 2669 275 2695 contra
307 2667 392 2696 illud
414 2666 623 2707 judicatum]
662 2667 748 2697 illud

50 2706 131 2736 mihi
151 2705 291 2745 glossam
305 2708 383 2739 olet.

90 2750 129 2780 27
140 2748 339 2787 perblandus
348 2749 644 2790 reperiendusfuit]
658 2748 745 2780 Alibi

51 2789 165 2820 Cicero
181 2790 214 2819 iu
241 2789 301 2821 hac
323 2792 429 2822 forma
452 2792 541 2822 addit
565 2793 695 2832 aliquis.
716 2790 748 2821 id

49 2832 186 2862 fortasse
222 2831 276 2862 hic
312 2833 442 2864 excidit.
500 2835 552 2863 Sic
581 2834 685 2864 visum
715 2838 749 2863 et

0 2871 1 2915 J
52 2873 225 2904 Lambino.
248 2874 340 2907 Huic
351 2876 496 2916 pertinet
507 2875 547 2905 ad
559 2875 727 2906 Rabirium
741 2886 747 2903 :

788 2623 873 2654 hanc
903 2634 1065 2654 summam
1098 2633 1224 2662 aequare
1252 2625 1358 2653 decem
1384 2624 1492 2654 millia

789 2668 975 2697 talentum:
997 2671 1075 2696 sunt
1102 2675 1157 2695 sex
1181 2666 1343 2695 muliones
1370 2666 1491 2706 Philip·

789 2718 938 2747 peorum.
955 2719 983 2737 v.
998 2709 1141 2738 Gronov.
1158 2707 1196 2737 de
1212 2708 1346 2737 Sestert.
1364 2707 1410 2743 11,
1426 2711 1456 2741 7.

830 2753 870 2784 29
894 2749 989 2780 AVum
1011 2750 1142 2781 Gabinii
1164 2758 1265 2779 comes
1289 2749 1362 2788 ἃς]
1386 2750 1492 2781 Totus

790 2790 843 2821 hic
864 2791 956 2822 loeus
979 2792 1117 2820 mutilus
1141 2798 1174 2821 et
1196 2791 1330 2820 vitiosus
1346 2797 1408 2827 est,
1432 2801 1494 2823 nec

791 2833 860 2863 sine
880 2833 1069 2863 melioribus
1093 2833 1183 2863 libris
1207 2831 1333 2862 medela
1359 2836 1492 2873 reperiri

792 2879 912 2914 potest.
956 2875 1070 2914 ltaque
1087 2883 1145 2905 nec
1160 2874 1300 2914 intelligi
1317 2879 1436 2914 potest.

730 2923 847 2958 412
