1769 3174
613 135 677 172 ΙΝ
714 134 1027 175 VATINIUM.
1446 142 1544 177 1028

102 247 150 281 ut
182 251 355 295 gravem
388 236 692 289 adversarium,
723 249 798 281 aut
834 239 895 281 ita
924 238 1179 303 rogandum,
1210 248 1259 280 ut
1297 241 1543 298 religiosum

100 305 271 347 testem,
300 296 603 338 arbitrabatur.
664 295 747 338 Sed
780 296 839 337 tui
870 273 1041 361 lpaullo
1073 277 1428 363 intemperantior
1458 299 1546 341 for-

99 362 225 404 tasse,
264 367 393 408 quam
433 354 576 395 debui.
615 354 716 395 odio
751 355 865 395 enim
911 355 989 405 tui,
1029 354 1073 394 in
1112 368 1213 408 qu0,
1255 357 1335 395 etsi
1381 371 1544 409 omneS,

98 418 276 467 propter
308 420 428 450 tuum
461 411 502 452 in
535 425 603 452 me
634 410 784 463 scelus,
807 426 1005 467 superare
1034 411 1186 462 debeo,
1209 419 1352 452 tamen
1375 413 1428 453 ab
1452 428 1545 455 om-

97 468 226 509 nibus
250 481 373 523 paene
396 468 559 520 vincor,
582 469 642 510 sic
666 483 757 510 sum
784 469 1002 519 incitatus,
1024 478 1086 519 ut,
1105 483 1205 509 cum
1228 477 1270 509 te
1292 483 1377 510 non
1400 471 1542 511 minus

95 533 434 576 contemnerem,
457 540 584 580 quam
608 527 806 577 odissem,
831 537 972 566 tamen
997 534 1199 566 vexatum
1232 526 1390 581 potius,
1413 542 1541 581 quam

97 582 366 639 despectum,
398 582 546 623 vellem
579 583 809 624 dimittere.
872 584 1032 634 Quam,
1062 597 1116 623 ne
1147 582 1227 623 tibi
1259 582 1374 624 hunc
1405 583 1578 625 hono-2

97 653 187 681 rem
227 654 253 679 a
286 653 356 680 me
396 639 543 680 haberi
588 640 699 681 f01te
738 643 906 690 mirere,
943 640 1058 695 quod
1101 640 1377 697 interrogem,
1416 655 1544 696 quem

96 710 225 738 nemo
260 710 509 753 congressu,
542 711 667 738 nemo
702 698 836 747 aditu,
868 700 1027 738 2[ιειῐιο
1064 674 1290 753 suffragio,
1320 712 1446 739 nemo
1485 699 1546 740 ci·

99 754 249 805 vitate,
272 767 398 794 nemo
423 753 516 795 luce
537 755 716 810 dignum
741 766 814 811 pu
806 765 888 806 et;
913 758 931 785 3
947 754 1060 795 nulla
1083 769 1151 796 me
1172 755 1224 795 ad
1249 755 1290 796 id
1314 770 1443 796 causa
1464 755 1545 797 im-

98 811 293 868 pulisset,
324 811 407 851 nisi
439 820 486 851 ut
517 811 785 852 ferocitatem
817 820 935 852 tuam
970 811 1092 852 istam
1125 813 1471 876 comprimerem,
1502 823 1546 854 et

99 868 323 910 audaciam
343 868 599 923 frangeiffem
621 878 664 910 et
685 869 987 924 loquacitatem
1009 884 1277 925 paucissimis
1306 870 1545 926 interroga-

99 926 292 967 tionibus
330 925 538 966 iiretitam
575 927 848 967 retardari-‚em
911 926 1083 967 Etenim
1114 927 1352 977 4debuisti,
1382 927 1544 979 Vatini,

98 983 267 1024 etiamsi
292 981 398 1023 falso
422 983 608 1024 venisses
632 984 675 1025 in
697 984 988 1041 suspicionem
1012 983 1062 1024 P.
1081 984 1247 1035 Sextio,
1270 993 1413 1025 tamen
1438 986 1543 1026 mihi

97 1040 337 1096 ignoscere,
371 1039 420 1090 si,
454 1040 497 1080 in
535 1049 657 1082 tanto
692 1041 878 1082 hominis
908 1042 960 1082 de
993 1056 1061 1082 me
1096 1042 1260 1097 optime
1292 1042 1433 1082 meriti
1471 1057 1544 1099 pe-

97 1097 249 1149 riculo,
290 1106 334 1138 et
379 1098 581 1158 tempori
614 1099 721 1163 ejus,
763 1108 807 1140 et
848 1098 1056 1139 voluntati
1110 1113 1258 1155 parere
1299 1099 1543 1141 voluissem.

98 1154 186 1197 Sed
209 1154 441 1196 ⁵hestemo
474 1169 550 1210 pro
576 1151 831 1197 testimonio
858 1170 949 1197 esse
970 1156 1215 1207 mentitum,
1238 1171 1335 1198 cum
1359 1157 1579 1201 affirma-3

98 1226 180 1264 res,
210 1211 376 1252 nullum
408 1211 488 1252 tibi
526 1214 704 1254 omnino
735 1228 832 1255 cum
864 1213 1140 1255 Albinovano
1172 1228 1426 1266 ser,monem
1457 1230 1545 1256 non

97 1269 228 1311 modo
251 1269 303 1310 de
327 1269 479 1310 Sextio
501 1271 758 1322 accusando,
782 1271 887 1312 6sed
910 1271 994 1312 ulla
1016 1286 1219 1326 umquam
1243 1272 1295 1312 de
1316 1286 1361 1312 re
1388 1270 1544 1324 fuisse,
1535 1290 1543 1297 ·

97 1326 242 1383 paullo
266 1334 366 1367 ante
387 1326 635 1383 imprudens
659 1328 885 1370 indicasti:
918 1329 991 1384 qui
1014 1337 1057 1369 et
1078 1328 1129 1369 T.
1149 1328 1378 1369 Claudium
1402 1306 1545 1370 tecuni

97 1384 457 1449 communicasse,
487 1393 531 1424 et
561 1400 586 1425 a
617 1394 658 1426 te
689 1386 915 1427 consilium
949 1385 999 1426 P.
1032 1386 1171 1427 Sextii
1203 1386 1431 1427 accusandi
1472 1389 1577 1443 pe-¹
1580 1412 1588 1418 ·

98 1441 214 1493 tisse,
238 1450 283 1484 et
302 1441 642 1493 Albinovanum,
664 1457 791 1499 quem
814 1453 940 1484 antea
962 1444 1035 1484 vix
1067 1443 1146 1484 tibi
1178 1452 1329 1484 notum
1361 1458 1451 1484 esse
1482 1444 1546 1485 di-

99 1499 251 1550 xisses,
273 1499 448 1540 domum
469 1508 588 1540 tuam
613 1502 791 1551 venisse,
815 1501 949 1542 multa
971 1509 1113 1542 tecum
1144 1501 1336 1542 locutum
1359 1501 1544 1542 dixeris:

98 1555 286 1612 denique
318 1557 548 1597 conciones
581 1557 631 1597 P.
666 1558 805 1598 Sextii
843 1558 1038 1614 scriptas,
1073 1573 1177 1613 quas
1214 1573 1353 1614 neque
1388 1569 1547 1609 nosset,

98 1627 238 1669 neque
274 1614 460 1670 reperire
499 1624 658 1668 posset,
696 1625 737 1656 te
775 1614 1050 1656 Albinovano
1086 1615 1267 1666 dedisse,
1310 1630 1465 1671 easque
1505 1616 1546 1656 in

99 1670 229 1727 hujus
244 1670 415 1726 judicio
437 1685 528 1711 esse
551 1672 765 1713 iecit-itas.
816 1672 866 1713 In
886 1687 1066 1728 quorum
1092 1672 1225 1714 altero
1247 1687 1290 1713 es
1312 1673 1548 1723 confessus,

101 1742 127 1769 a
147 1737 191 1769 te
212 1737 482 1770 accusatores
505 1743 596 1770 esse
617 1729 849 1771 instinctos
871 1740 914 1771 et
936 1731 1223 1772 subornatos:
1257 1730 1299 1770 in
1328 1730 1492 1770 altero
1484 1745 1547 1770 in-

100 1786 390 1827 constantiam
422 1793 555 1837 tuam,
579 1789 710 1828 7cum
742 1787 931 1839 levitate,
962 1796 1054 1828 tum
1085 1788 1216 1828 etiam
1247 1788 1436 1844 perjurio
1469 1787 1547 1828 im-

142 1928 156 1956 1
180 1927 294 1965 paullo
307 1926 343 1956 in
356 1930 388 1957 te
398 1927 573 1967 intemp.f.
586 1938 617 1967 q.
631 1927 680 1966 ct]
698 1927 800 1958 Valde

98 1968 229 1999 variant
253 1968 306 1999 hic
331 1968 417 2000 libri.
441 1969 496 2000 alii
518 1969 680 2000 omittunt
695 1971 731 1999 in
757 1975 800 2007 te,

99 2010 156 2041 alii
171 2020 230 2051 pro
244 2020 283 2041 eo
299 2011 424 2041 habent
443 2016 532 2049 ante,
547 2012 603 2042 alii
614 2011 677 2051 sui
685 2014 801 2052 paullo

100 2053 324 2093 temperatior,
340 2057 379 2083 ut
395 2053 466 2084 edd.
481 2064 531 2094 pr.
576 2054 648 2093 Ego
670 2060 800 2085 secutus

97 2104 171 2126 sum
187 2105 255 2132 eos,
272 2095 326 2136 qui
341 2096 377 2125 in
392 2099 423 2126 te
434 2097 610 2133 omittunt,
624 2096 711 2135 quod
734 2106 801 2127 non

98 2138 254 2168 convenit
268 2138 497 2177 sequentibus:
523 2139 592 2168 odio
607 2139 656 2168 tui
671 2140 730 2169 &c.
743 2149 801 2179 po-

95 2180 227 2219 tiusque
245 2179 379 2210 deberet
393 2189 461 2211 esse
475 2181 511 2210 in
523 2190 567 2211 eo.
613 2180 723 2212 Prima
744 2182 802 2213 ha-

97 2221 155 2253 bet
167 2222 220 2253 ed.
236 2221 328 2253 Med.

139 2266 160 2296 2
181 2274 274 2295 nemo
287 2262 467 2306 suffugio]
492 2264 612 2296 Refero
635 2264 743 2305 potius
758 2265 799 2296 ad

96 2307 304 2346 suffragium,
324 2307 410 2347 quod
433 2307 574 2337 honores
594 2309 719 2347 petenti
743 2307 800 2337 da-

95 2354 164 2387 tur,
177 2359 275 2389 quam
290 2359 366 2380 cum
382 2349 600 2380 Hotomanno
615 2348 716 2390 adjus
731 2350 798 2380 suf-

97 2391 206 2432 fragii,
221 2391 308 2431 quod
324 2392 410 2423 inest
424 2392 460 2422 in
475 2392 618 2422 civitate.

140 2437 159 2464 3
182 2443 216 2464 π.
230 2444 276 2465 m.
298 2444 331 2464 a.
350 2435 374 2464 i.
394 2443 496 2464 causa
516 2434 697 2474 impulisset
719 2433 794 2473 &e.]

96 2474 158 2507 Vel
171 2476 352 2516 impulisset
365 2476 520 2506 vitiosum
537 2482 599 2513 est,
611 2475 662 2506 vel
675 2475 799 2515 aliquid

96 2522 172 2559 post
192 2519 257 2549 nisi
279 2517 413 2556 excidit,
431 2523 482 2556 ut,
506 2519 588 2549 mihi
597 2517 799 2558 faciendum

94 2565 278 2600 putassem,
293 2567 352 2591 aut
365 2561 472 2591 simile
487 2560 583 2599 quid:
603 2560 660 2591 sed
670 2560 799 2590 facilius

100 2608 151 2633 est
166 2603 248 2635 illud
270 2604 432 2642 corrigere
451 2604 597 2643 impulit.
642 2602 725 2633 Edd.
750 2613 800 2643 pr.

99 2653 168 2675 non
181 2644 305 2676 habent
319 2646 365 2676 ad
376 2646 412 2675 id
422 2658 430 2674 :
453 2645 498 2686 et}
507 2646 594 2686 sapit
615 2654 694 2675 sane
716 2644 803 2685 glos-

100 2695 183 2717 sam.
225 2687 353 2718 Primus
370 2687 494 2718 addidit
506 2688 622 2718 Junta.

141 2731 163 2759 4
184 2729 332 2766 debuisti,
347 2729 601 2769 ,si—voluissem]
622 2729 703 2760 Haec
716 2733 802 2760 tem-

101 2779 182 2811 pora
203 2780 271 2802 non
294 2772 529 2802 consentiunt:
558 2771 719 2811 debetque
744 2777 803 2802 aut

98 2822 168 2843 esse
195 2813 364 2850 debuisses,
389 2815 642 2850 si—voluissem,
667 2818 725 2844 aut
750 2814 804 2843 de-

100 2854 209 2892 buisti,
235 2856 413 2885 ssi—volui:
441 2856 528 2894 quod
554 2856 657 2895 magis
683 2855 804 2896 placet.

100 2894 163 2927 Res
178 2897 323 2938 pertinet
339 2897 380 2929 ad
394 2897 438 2934 id,
453 2897 540 2936 quod
548 2898 715 2937 Vatinius,
728 2907 804 2927 cum

843 1928 1072 1958 testimonium
1096 1931 1214 1958 contra
1240 1927 1386 1958 Sextium
1411 1927 1545 1965 diceret,

844 1971 963 2007 ineius
986 1970 1188 2001 defensorem
1213 1971 1405 2002 Ciceronem
1428 1976 1545 2001 contu-

844 2013 999 2043 meliosus
1011 2013 1088 2050 fuit,
1097 2012 1184 2052 quod
1197 2022 1262 2042 non
1276 2012 1413 2043 debebat
1426 2013 1544 2049 facere,

845 2064 905 2085 nec
921 2055 1015 2086 irasci
1032 2055 1195 2092 Ciceroni,
1212 2054 1298 2094 quod
1319 2055 1468 2085 Sextium
1490 2056 1545 2086 de-

843 2097 1003 2128 senderet.

887 2141 911 2170 5.
929 2141 1074 2169 hesterno
1083 2149 1145 2179 pro
1160 2138 1353 2178 testimonio]
1379 2140 1431 2169 Sic
1453 2140 1544 2171 Cico-

845 2190 959 2211 ronem
974 2182 1104 2219 dixisse,
1119 2182 1171 2212 vix
1186 2181 1293 2212 credo.
1316 2181 1497 2212 Lambinus
1514 2188 1544 2212 te

845 2223 1030 2254 addendum
1046 2224 1196 2264 putabat,
1212 2223 1297 2263 quod
1313 2233 1389 2254 saue
1403 2224 1543 2264 intelligi

841 2270 964 2306 potest,
977 2271 1011 2296 et
1026 2267 1088 2296 die.
1112 2267 1274 2297 Gruterus
1290 2265 1382 2302 dicit,
1398 2268 1544 2297 hesterno

842 2317 910 2338 esse
932 2318 1024 2348 posse
1049 2318 1108 2349 pro
1133 2310 1222 2341 lceri;
1247 2318 1324 2338 sane
1347 2309 1392 2338 sic
1415 2313 1448 2338 et
1471 2320 1544 2339 cra-

840 2351 923 2380 stino
937 2356 987 2381 est
1008 2361 1066 2391 pro
1089 2360 1176 2381 cras.
1222 2351 1255 2381 Si
1273 2356 1322 2381 est
1338 2361 1357 2381 a
1373 2350 1542 2387 Cicerone,

840 2392 986 2432 pertinet
1009 2393 1050 2423 ad
1067 2393 1258 2430 testimonio,
1275 2392 1486 2432 additumque
1502 2394 1543 2424 ad

841 2434 1016 2474 explendas
1039 2445 1145 2472 aures,
1160 2445 1240 2475 quas
1262 2435 1386 2466 scilicet
1408 2444 1474 2465 non
1490 2446 1544 2466 ex-

841 2476 911 2517 plet
923 2476 986 2507 hoe
1007 2478 1206 2514 membrum,
1223 2478 1320 2508 verbo
1335 2477 1397 2508 hoc
1411 2479 1543 2508 omisso.

840 2519 902 2549 Ed.
915 2518 968 2549 W.
984 2519 1073 2550 dedit
1085 2524 1229 2556 externo,
1243 2519 1329 2559 quod
1343 2529 1382 2549 ex
1398 2521 1544 2550 hesterno

841 2561 980 2599 factum,
996 2566 1035 2592 ut
1051 2562 1164 2592 multis
1181 2562 1251 2592 aliis
1265 2563 1299 2592 in
1314 2561 1416 2592 libris.

887 2604 906 2634 6
929 2604 985 2634 sed
997 2600 1093 2634 null&
1109 2614 1186 2644 unq.
1201 2605 1240 2634 de
1253 2604 1302 2643 re]
1328 2603 1544 2635 Scribendum

844 2650 894 2676 est
908 2647 979 2676 ulla
995 2656 1028 2676 u.
1043 2647 1082 2677 de
1095 2656 1142 2676 re.
1176 2646 1240 2677 Res
1255 2652 1303 2676 est
1317 2645 1459 2676 evidens,

887 2691 905 2722 7
929 2698 1004 2719 cum
1019 2690 1039 2718 l.
1053 2693 1123 2719 tum
1139 2698 1166 2718 e.
1176 2697 1211 2728 p.
1226 2688 1446 2728 ingone-atam]
1472 2685 1545 2717 Fal-

845 2739 880 2759 so
898 2730 1099 2761 Passeratius
1114 2731 1320 2769 implicatam
1343 2728 1427 2759 idem
1451 2736 1547 2769 puta-

845 2771 915 2809 bat,
942 2773 1027 2818 quod
1057 2778 1135 2802 ante
1160 2773 1338 2802 irretitam.
1368 2771 1470 2801 immo
1497 2775 1548 2801 est

845 2824 906 2854 pro
920 2814 1143 2855 conjunctam,
1156 2819 1196 2843 ut
1211 2814 1299 2844 alibi.
1315 2823 1345 2843 v.
1358 2813 1449 2844 Clav.
1465 2813 1547 2843 Edd.

847 2865 897 2895 pr.
911 2855 1036 2889 habent
1058 2857 1265 2895 implicitam.
1309 2855 1397 2885 Illud
1419 2856 1548 2891 melius,

849 2898 935 2936 quod
947 2898 1071 2939 primus
1087 2898 1187 2928 Aldus
1201 2897 1314 2928 edidit.

760 2945 885 2981 ΒΧΟ
