<?xml version="1.0" encoding="UTF-8"?>
<!DOCTYPE html PUBLIC "-//W3C//DTD XHTML 1.0 Transitional//EN"
    "http://www.w3.org/TR/xhtml1/DTD/xhtml1-transitional.dtd">
<html xmlns="http://www.w3.org/1999/xhtml" xml:lang="en" lang="en">
 <head>
  <title>
</title>
<meta http-equiv="Content-Type" content="text/html;charset=utf-8" />
  <meta name='ocr-system' content='tesseract 3.04.00' />
  <meta name='ocr-capabilities' content='ocr_page ocr_carea ocr_par ocr_line ocrx_word'/>
</head>
<body>
  <div class='ocr_page' id='page_1' title='image "./p2operaomnia02ciceuoft_0189.png"; bbox 0 0 1769 3174; ppageno 0'>
   <div class='ocr_carea' id='block_1_1' title="bbox 395 67 1496 107">
    <p class='ocr_par' dir='ltr' id='par_1_1' title="bbox 395 67 1496 107">
     <span class='ocr_line' id='line_1_1' title="bbox 395 67 1496 107; baseline -0.003 0"><span class='ocrx_word' id='word_1_1' title='bbox 395 68 470 107; x_wconf 91' lang='lat' dir='ltr'>DE</span> <span class='ocrx_word' id='word_1_2' title='bbox 497 67 847 107; x_wconf 84' lang='lat' dir='ltr'>HARUSPICUM</span> <span class='ocrx_word' id='word_1_3' title='bbox 872 67 1164 105; x_wconf 83' lang='lat' dir='ltr'>RESPONSIS.</span> <span class='ocrx_word' id='word_1_4' title='bbox 1424 70 1496 106; x_wconf 87' lang='lat'>911</span> 
     </span>
    </p>
   </div>
   <div class='ocr_carea' id='block_1_2' title="bbox 0 171 1628 2341">
    <p class='ocr_par' dir='ltr' id='par_1_2' title="bbox 48 171 1509 513">
     <span class='ocr_line' id='line_1_2' title="bbox 51 171 1499 228; baseline 0 -16"><span class='ocrx_word' id='word_1_5' title='bbox 51 176 262 214; x_wconf 77' lang='lat' dir='ltr'>servaret:</span> <span class='ocrx_word' id='word_1_6' title='bbox 295 173 410 228; x_wconf 89' lang='lat' dir='ltr'>quod</span> <span class='ocrx_word' id='word_1_7' title='bbox 441 173 734 223; x_wconf 79' lang='lat' dir='ltr'>caeremonias,</span> <span class='ocrx_word' id='word_1_8' title='bbox 758 172 810 212; x_wconf 83' lang='lat' dir='ltr'>ab</span> <span class='ocrx_word' id='word_1_9' title='bbox 842 171 960 212; x_wconf 86' lang='grc'>0111111</span> <span class='ocrx_word' id='word_1_10' title='bbox 999 178 1210 211; x_wconf 82' lang='lat' dir='ltr'>vetustate</span> <span class='ocrx_word' id='word_1_11' title='bbox 1239 180 1451 226; x_wconf 86' lang='lat' dir='ltr'>acceptas,</span> <span class='ocrx_word' id='word_1_12' title='bbox 1473 186 1499 212; x_wconf 82' lang='lat' dir='ltr'>a</span> 
     </span>
     <span class='ocr_line' id='line_1_3' title="bbox 51 227 1509 286; baseline -0.001 -17"><span class='ocrx_word' id='word_1_13' title='bbox 51 227 282 285; x_wconf 79' lang='lat' dir='ltr'>Brogitaro</span> <span class='ocrx_word' id='word_1_14' title='bbox 315 230 446 286; x_wconf 90' lang='lat' dir='ltr'>pollui</span> <span class='ocrx_word' id='word_1_15' title='bbox 478 244 562 270; x_wconf 88' lang='lat' dir='ltr'>non</span> <span class='ocrx_word' id='word_1_16' title='bbox 595 229 712 279; x_wconf 90' lang='lat' dir='ltr'>sinit,</span> <span class='ocrx_word' id='word_1_17' title='bbox 732 228 982 282; x_wconf 84' lang='lat' dir='ltr'>mavultque</span> <span class='ocrx_word' id='word_1_18' title='bbox 1014 242 1217 282; x_wconf 80' lang='lat' dir='ltr'>generum</span> <span class='ocrx_word' id='word_1_19' title='bbox 1250 242 1372 268; x_wconf 86' lang='lat' dir='ltr'>suum</span> <span class='ocrx_word' id='word_1_20' title='bbox 1403 244 1509 269; x_wconf 86' lang='lat' dir='ltr'>mu-.</span> 
     </span>
     <span class='ocr_line' id='line_1_4' title="bbox 49 284 1493 342; baseline -0.001 -16"><span class='ocrx_word' id='word_1_21' title='bbox 49 299 150 327; x_wconf 86' lang='lat' dir='ltr'>nere</span> <span class='ocrx_word' id='word_1_22' title='bbox 182 297 272 337; x_wconf 92' lang='lat' dir='ltr'>tuo,</span> <span class='ocrx_word' id='word_1_23' title='bbox 303 302 431 342; x_wconf 84' lang='lat' dir='ltr'>quam</span> <span class='ocrx_word' id='word_1_24' title='bbox 474 286 573 327; x_wconf 89' lang='lat' dir='ltr'>illud</span> <span class='ocrx_word' id='word_1_25' title='bbox 615 285 761 326; x_wconf 84' lang='lat' dir='ltr'>fanum</span> <span class='ocrx_word' id='word_1_26' title='bbox 797 285 1052 339; x_wconf 83' lang='lat' dir='ltr'>antiquitate</span> <span class='ocrx_word' id='word_1_27' title='bbox 1086 284 1303 340; x_wconf 73' lang='lat' dir='ltr'>religionis</span> <span class='ocrx_word' id='word_1_28' title='bbox 1336 299 1493 325; x_wconf 84' lang='lat' dir='ltr'>carere.</span> 
     </span>
     <span class='ocr_line' id='line_1_5' title="bbox 50 341 1495 398; baseline 0 -16"><span class='ocrx_word' id='word_1_29' title='bbox 50 342 150 393; x_wconf 84' lang='lat' dir='ltr'>Sed,</span> <span class='ocrx_word' id='word_1_30' title='bbox 174 354 221 384; x_wconf 89' lang='lat' dir='ltr'>ut</span> <span class='ocrx_word' id='word_1_31' title='bbox 243 344 296 385; x_wconf 74' lang='lat' dir='ltr'>ad</span> <span class='ocrx_word' id='word_1_32' title='bbox 322 346 413 385; x_wconf 81' lang='lat' dir='ltr'>haec</span> <span class='ocrx_word' id='word_1_33' title='bbox 436 343 708 398; x_wconf 77' lang='lat' dir='ltr'>haruspicum</span> <span class='ocrx_word' id='word_1_34' title='bbox 743 357 943 397; x_wconf 86' lang='lat' dir='ltr'>responsa</span> <span class='ocrx_word' id='word_1_35' title='bbox 971 341 1153 390; x_wconf 84' lang='lat' dir='ltr'>redeam,</span> <span class='ocrx_word' id='word_1_36' title='bbox 1175 355 1229 381; x_wconf 81' lang='lat' dir='ltr'>ex</span> <span class='ocrx_word' id='word_1_37' title='bbox 1253 341 1408 395; x_wconf 87' lang='lat' dir='ltr'>quibus</span> <span class='ocrx_word' id='word_1_38' title='bbox 1430 352 1495 382; x_wconf 83' lang='lat' dir='ltr'>est</span> 
     </span>
     <span class='ocr_line' id='line_1_6' title="bbox 49 397 1493 455; baseline -0.001 -16"><span class='ocrx_word' id='word_1_39' title='bbox 49 400 237 454; x_wconf 88' lang='lat' dir='ltr'>primum</span> <span class='ocrx_word' id='word_1_40' title='bbox 259 402 311 442; x_wconf 90' lang='lat' dir='ltr'>de</span> <span class='ocrx_word' id='word_1_41' title='bbox 333 401 467 442; x_wconf 84' lang='lat' dir='ltr'>ludis:</span> <span class='ocrx_word' id='word_1_42' title='bbox 500 402 594 455; x_wconf 74' lang='lat' dir='ltr'>quis</span> <span class='ocrx_word' id='word_1_43' title='bbox 626 410 705 450; x_wconf 86' lang='lat' dir='ltr'>est,</span> <span class='ocrx_word' id='word_1_44' title='bbox 728 400 799 454; x_wconf 88' lang='lat' dir='ltr'>qui</span> <span class='ocrx_word' id='word_1_45' title='bbox 825 399 864 439; x_wconf 88' lang='lat' dir='ltr'>id</span> <span class='ocrx_word' id='word_1_46' title='bbox 889 414 972 439; x_wconf 89' lang='lat' dir='ltr'>non</span> <span class='ocrx_word' id='word_1_47' title='bbox 999 407 1137 438; x_wconf 89' lang='lat' dir='ltr'>totum</span> <span class='ocrx_word' id='word_1_48' title='bbox 1160 397 1204 438; x_wconf 85' lang='lat' dir='ltr'>in</span> <span class='ocrx_word' id='word_1_49' title='bbox 1228 398 1349 438; x_wconf 82' lang='lat' dir='ltr'>istius</span> <span class='ocrx_word' id='word_1_50' title='bbox 1373 398 1493 438; x_wconf 87' lang='lat' dir='ltr'>ludos</span> 
     </span>
     <span class='ocr_line' id='line_1_7' title="bbox 48 456 983 513; baseline 0.001 -17"><span class='ocrx_word' id='word_1_51' title='bbox 48 457 305 512; x_wconf 66' lang='lat' dir='ltr'>praedictum</span> <span class='ocrx_word' id='word_1_52' title='bbox 325 468 368 499; x_wconf 86' lang='lat' dir='ltr'>et</span> <span class='ocrx_word' id='word_1_53' title='bbox 391 472 638 513; x_wconf 88' lang='lat' dir='ltr'>responsum</span> <span class='ocrx_word' id='word_1_54' title='bbox 663 471 753 496; x_wconf 87' lang='lat' dir='ltr'>esse</span> <span class='ocrx_word' id='word_1_55' title='bbox 773 456 983 497; x_wconf 80' lang='lat' dir='ltr'>fateatur?</span> 
     </span>
    </p>

    <p class='ocr_par' dir='ltr' id='par_1_3' title="bbox 0 511 1577 1026">
     <span class='ocr_line' id='line_1_8' title="bbox 108 511 1556 568; baseline -0.001 -15"><span class='ocrx_word' id='word_1_56' title='bbox 108 513 310 568; x_wconf 85' lang='lat' dir='ltr'>Sequitur</span> <span class='ocrx_word' id='word_1_57' title='bbox 331 515 383 556; x_wconf 89' lang='lat' dir='ltr'>de</span> <span class='ocrx_word' id='word_1_58' title='bbox 415 515 518 556; x_wconf 89' lang='lat' dir='ltr'>locis</span> <span class='ocrx_word' id='word_1_59' title='bbox 550 514 692 564; x_wconf 82' lang='lat' dir='ltr'>sacris,</span> <span class='ocrx_word' id='word_1_60' title='bbox 718 513 940 568; x_wconf 76' lang='lat' dir='ltr'>religiosis,</span> <span class='ocrx_word' id='word_1_61' title='bbox 1001 513 1041 554; x_wconf 90' lang='lat' dir='ltr'>O</span> <span class='ocrx_word' id='word_1_62' title='bbox 1071 511 1381 568; x_wconf 87' lang='lat' dir='ltr'>impudentiam</span> <span class='ocrx_word' id='word_1_63' title='bbox 1413 512 1556 552; x_wconf 68' lang='lat' dir='ltr'>ini-30</span> 
     </span>
     <span class='ocr_line' id='line_1_9' title="bbox 49 569 1577 622; baseline -0.001 -13"><span class='ocrx_word' id='word_1_64' title='bbox 49 572 163 613; x_wconf 82' lang='lat' dir='ltr'>ram!</span> <span class='ocrx_word' id='word_1_65' title='bbox 197 571 249 612; x_wconf 89' lang='lat' dir='ltr'>de</span> <span class='ocrx_word' id='word_1_66' title='bbox 282 586 375 612; x_wconf 85' lang='lat' dir='ltr'>mea</span> <span class='ocrx_word' id='word_1_67' title='bbox 405 571 534 612; x_wconf 89' lang='lat' dir='ltr'>domo</span> <span class='ocrx_word' id='word_1_68' title='bbox 569 572 709 612; x_wconf 81' lang='lat' dir='ltr'>dicere</span> <span class='ocrx_word' id='word_1_69' title='bbox 742 572 900 611; x_wconf 85' lang='lat' dir='ltr'>audes?</span> <span class='ocrx_word' id='word_1_70' title='bbox 941 570 1179 611; x_wconf 79' lang='lat' dir='ltr'>Committe</span> <span class='ocrx_word' id='word_1_71' title='bbox 1211 570 1275 609; x_wconf 80' lang='lat' dir='ltr'>vel</span> <span class='ocrx_word' id='word_1_72' title='bbox 1306 569 1577 622; x_wconf 75' lang='lat' dir='ltr'>consuli-14.</span> 
     </span>
     <span class='ocr_line' id='line_1_10' title="bbox 49 626 1494 683; baseline 0 -17"><span class='ocrx_word' id='word_1_73' title='bbox 49 626 142 677; x_wconf 87' lang='lat' dir='ltr'>bus,</span> <span class='ocrx_word' id='word_1_74' title='bbox 177 629 242 669; x_wconf 91' lang='lat' dir='ltr'>vel</span> <span class='ocrx_word' id='word_1_75' title='bbox 278 629 458 680; x_wconf 82' lang='lat' dir='ltr'>senatui,</span> <span class='ocrx_word' id='word_1_76' title='bbox 492 628 556 669; x_wconf 81' lang='lat' dir='ltr'>vel</span> <span class='ocrx_word' id='word_1_77' title='bbox 589 627 771 683; x_wconf 86' lang='lat' dir='ltr'>collegio</span> <span class='ocrx_word' id='word_1_78' title='bbox 806 627 1058 682; x_wconf 77' lang='lat' dir='ltr'>pontificum</span> <span class='ocrx_word' id='word_1_79' title='bbox 1094 639 1224 668; x_wconf 80' lang='lat' dir='ltr'>tuam.</span> <span class='ocrx_word' id='word_1_80' title='bbox 1302 626 1367 666; x_wconf 79' lang='lat' dir='ltr'>Ae</span> <span class='ocrx_word' id='word_1_81' title='bbox 1400 641 1494 666; x_wconf 86' lang='lat' dir='ltr'>mea</span> 
     </span>
     <span class='ocr_line' id='line_1_11' title="bbox 50 683 1497 739; baseline -0.001 -15"><span class='ocrx_word' id='word_1_82' title='bbox 50 684 223 738; x_wconf 85' lang='lat' dir='ltr'>quidem</span> <span class='ocrx_word' id='word_1_83' title='bbox 249 686 313 726; x_wconf 85' lang='lat' dir='ltr'>his</span> <span class='ocrx_word' id='word_1_84' title='bbox 345 686 480 726; x_wconf 90' lang='lat' dir='ltr'>tribus</span> <span class='ocrx_word' id='word_1_85' title='bbox 513 685 712 726; x_wconf 85' lang='lat' dir='ltr'>omnibus</span> <span class='ocrx_word' id='word_1_86' title='bbox 737 684 930 739; x_wconf 79' lang='lat' dir='ltr'>judiciis,</span> <span class='ocrx_word' id='word_1_87' title='bbox 954 694 1001 724; x_wconf 92' lang='lat' dir='ltr'>ut</span> <span class='ocrx_word' id='word_1_88' title='bbox 1033 685 1124 725; x_wconf 79' lang='lat' dir='ltr'>dixi</span> <span class='ocrx_word' id='word_1_89' title='bbox 1155 694 1293 733; x_wconf 84' lang='lat' dir='ltr'>antea,</span> <span class='ocrx_word' id='word_1_90' title='bbox 1315 683 1497 723; x_wconf 83' lang='lat' dir='ltr'>liberata</span> 
     </span>
     <span class='ocr_line' id='line_1_12' title="bbox 0 740 1496 796; baseline 0 -16"><span class='ocrx_word' id='word_1_91' title='bbox 0 749 1 765; x_wconf 71' lang='lat'>³</span> <span class='ocrx_word' id='word_1_92' title='bbox 49 750 128 781; x_wconf 85' lang='lat' dir='ltr'>est.</span> <span class='ocrx_word' id='word_1_93' title='bbox 188 741 249 782; x_wconf 91' lang='lat' dir='ltr'>At</span> <span class='ocrx_word' id='word_1_94' title='bbox 280 742 322 783; x_wconf 89' lang='lat' dir='ltr'>in</span> <span class='ocrx_word' id='word_1_95' title='bbox 354 743 404 783; x_wconf 89' lang='lat' dir='ltr'>iis</span> <span class='ocrx_word' id='word_1_96' title='bbox 437 742 617 792; x_wconf 83' lang='lat' dir='ltr'>aedibus,</span> <span class='ocrx_word' id='word_1_97' title='bbox 640 756 744 796; x_wconf 83' lang='lat' dir='ltr'>quas</span> <span class='ocrx_word' id='word_1_98' title='bbox 773 751 834 792; x_wconf 81' lang='lat' dir='ltr'>tn,</span> <span class='ocrx_word' id='word_1_99' title='bbox 867 741 924 787; x_wconf 84' lang='lat' dir='ltr'>Q.</span> <span class='ocrx_word' id='word_1_100' title='bbox 960 742 1073 792; x_wconf 87' lang='lat' dir='ltr'>Seio,</span> <span class='ocrx_word' id='word_1_101' title='bbox 1105 741 1249 796; x_wconf 83' lang='lat' dir='ltr'>equite</span> <span class='ocrx_word' id='word_1_102' title='bbox 1280 740 1496 791; x_wconf 83' lang='lat' dir='ltr'>Romano,</span> 
     </span>
     <span class='ocr_line' id='line_1_13' title="bbox 48 797 1496 855; baseline -0.001 -17"><span class='ocrx_word' id='word_1_103' title='bbox 48 798 141 839; x_wconf 90' lang='lat' dir='ltr'>viro</span> <span class='ocrx_word' id='word_1_104' title='bbox 173 800 355 854; x_wconf 84' lang='lat' dir='ltr'>optimo,</span> <span class='ocrx_word' id='word_1_105' title='bbox 387 813 462 855; x_wconf 87' lang='lat' dir='ltr'>per</span> <span class='ocrx_word' id='word_1_106' title='bbox 496 809 536 840; x_wconf 91' lang='lat' dir='ltr'>te</span> <span class='ocrx_word' id='word_1_107' title='bbox 568 799 835 854; x_wconf 69' lang='lat' dir='ltr'>apertissime</span> <span class='ocrx_word' id='word_1_108' title='bbox 862 798 1106 849; x_wconf 84' lang='lat' dir='ltr'>interfecto,</span> <span class='ocrx_word' id='word_1_109' title='bbox 1138 809 1270 848; x_wconf 86' lang='lat' dir='ltr'>tenes,</span> <span class='ocrx_word' id='word_1_110' title='bbox 1294 797 1496 837; x_wconf 85' lang='lat' dir='ltr'>sacellum</span> 
     </span>
     <span class='ocr_line' id='line_1_14' title="bbox 4 854 1494 911; baseline -0.001 -16"><span class='ocrx_word' id='word_1_111' title='bbox 4 869 17 911; x_wconf 71' lang='lat'>:⁷¹</span> <span class='ocrx_word' id='word_1_112' title='bbox 48 854 147 896; x_wconf 88' lang='lat' dir='ltr'>dico</span> <span class='ocrx_word' id='word_1_113' title='bbox 171 855 301 897; x_wconf 86' lang='lat' dir='ltr'>fuisse</span> <span class='ocrx_word' id='word_1_114' title='bbox 322 866 365 897; x_wconf 91' lang='lat' dir='ltr'>et</span> <span class='ocrx_word' id='word_1_115' title='bbox 380 871 486 897; x_wconf 80' lang='lat' dir='ltr'>aras.</span> <span class='ocrx_word' id='word_1_116' title='bbox 503 855 657 897; x_wconf 85' lang='lat' dir='ltr'>tabulis</span> <span class='ocrx_word' id='word_1_117' title='bbox 675 856 756 896; x_wconf 88' lang='lat' dir='ltr'>hoe</span> <span class='ocrx_word' id='word_1_118' title='bbox 780 856 1240 906; x_wconf 83' lang='lat' dir='ltr'>censorum,memoria</span> <span class='ocrx_word' id='word_1_119' title='bbox 1262 854 1494 895; x_wconf 86' lang='lat' dir='ltr'>multorum</span> 
     </span>
     <span class='ocr_line' id='line_1_15' title="bbox 4 911 1553 969; baseline 0 -17"><span class='ocrx_word' id='word_1_120' title='bbox 4 915 17 967; x_wconf 51' lang='grc' dir='ltr'>’1η</span> <span class='ocrx_word' id='word_1_121' title='bbox 49 911 231 954; x_wconf 84' lang='lat' dir='ltr'>firmabo</span> <span class='ocrx_word' id='word_1_122' title='bbox 263 928 312 954; x_wconf 86' lang='lat' dir='ltr'>ac</span> <span class='ocrx_word' id='word_1_123' title='bbox 342 913 523 954; x_wconf 85' lang='lat' dir='ltr'>docebo.</span> <span class='ocrx_word' id='word_1_124' title='bbox 556 924 709 969; x_wconf 83' lang='lat' dir='ltr'>agatur</span> <span class='ocrx_word' id='word_1_125' title='bbox 740 913 870 953; x_wconf 87' lang='lat' dir='ltr'>modo</span> <span class='ocrx_word' id='word_1_126' title='bbox 906 913 999 954; x_wconf 84' lang='lat' dir='ltr'>baee</span> <span class='ocrx_word' id='word_1_127' title='bbox 1035 928 1113 963; x_wconf 88' lang='lat' dir='ltr'>res,</span> <span class='ocrx_word' id='word_1_128' title='bbox 1136 916 1175 948; x_wconf 83' lang='lat'>59</span> <span class='ocrx_word' id='word_1_129' title='bbox 1189 912 1322 967; x_wconf 89' lang='lat' dir='ltr'>(quod</span> <span class='ocrx_word' id='word_1_130' title='bbox 1355 926 1408 952; x_wconf 74' lang='lat' dir='ltr'>ex</span> <span class='ocrx_word' id='word_1_131' title='bbox 1443 918 1553 953; x_wconf 83' lang='grc'>6031</span> 
     </span>
     <span class='ocr_line' id='line_1_16' title="bbox 3 969 1494 1026; baseline -0.003 -13"><span class='ocrx_word' id='word_1_132' title='bbox 3 986 31 1023; x_wconf 66' lang='lat'>32·</span> <span class='ocrx_word' id='word_1_133' title='bbox 49 979 220 1010; x_wconf 83' lang='lat' dir='ltr'>senatus</span> <span class='ocrx_word' id='word_1_134' title='bbox 243 970 456 1021; x_wconf 85' lang='lat' dir='ltr'>consulto,</span> <span class='ocrx_word' id='word_1_135' title='bbox 478 972 593 1025; x_wconf 90' lang='lat' dir='ltr'>quod</span> <span class='ocrx_word' id='word_1_136' title='bbox 615 985 748 1026; x_wconf 83' lang='lat' dir='ltr'>nuper</span> <span class='ocrx_word' id='word_1_137' title='bbox 769 979 833 1010; x_wconf 85' lang='lat' dir='ltr'>est</span> <span class='ocrx_word' id='word_1_138' title='bbox 853 969 1029 1021; x_wconf 81' lang='lat' dir='ltr'>factum,</span> <span class='ocrx_word' id='word_1_139' title='bbox 1054 970 1197 1011; x_wconf 85' lang='lat' dir='ltr'>referri</span> <span class='ocrx_word' id='word_1_140' title='bbox 1230 970 1282 1010; x_wconf 86' lang='lat' dir='ltr'>ad</span> <span class='ocrx_word' id='word_1_141' title='bbox 1315 983 1390 1009; x_wconf 80' lang='lat' dir='ltr'>vos</span> <span class='ocrx_word' id='word_1_142' title='bbox 1421 983 1494 1009; x_wconf 89' lang='grc'>116-</span> 
     </span>
    </p>

    <p class='ocr_par' dir='ltr' id='par_1_4' title="bbox 4 1024 1496 1082">
     <span class='ocr_line' id='line_1_17' title="bbox 4 1024 1496 1082; baseline 0 -16"><span class='ocrx_word' id='word_1_143' title='bbox 4 1024 19 1062; x_wconf 62' lang='lat' dir='ltr'>f*</span> <span class='ocrx_word' id='word_1_144' title='bbox 48 1041 166 1067; x_wconf 83' lang='lat' dir='ltr'>cesse</span> <span class='ocrx_word' id='word_1_145' title='bbox 186 1029 285 1078; x_wconf 86' lang='lat' dir='ltr'>est,)</span> <span class='ocrx_word' id='word_1_146' title='bbox 305 1028 458 1079; x_wconf 75' lang='lat' dir='ltr'>haben,</span> <span class='ocrx_word' id='word_1_147' title='bbox 480 1043 577 1082; x_wconf 85' lang='lat' dir='ltr'>quae</span> <span class='ocrx_word' id='word_1_148' title='bbox 600 1028 652 1069; x_wconf 83' lang='lat' dir='ltr'>de</span> <span class='ocrx_word' id='word_1_149' title='bbox 673 1028 777 1068; x_wconf 85' lang='lat' dir='ltr'>loeis</span> <span class='ocrx_word' id='word_1_150' title='bbox 800 1027 1010 1082; x_wconf 79' lang='lat' dir='ltr'>religiosis</span> <span class='ocrx_word' id='word_1_151' title='bbox 1035 1028 1158 1068; x_wconf 83' lang='lat' dir='ltr'>velim</span> <span class='ocrx_word' id='word_1_152' title='bbox 1174 1027 1329 1067; x_wconf 83' lang='lat' dir='ltr'>dicere.</span> <span class='ocrx_word' id='word_1_153' title='bbox 1382 1025 1496 1066; x_wconf 87' lang='lat' dir='ltr'>Cum</span> 
     </span>
    </p>

    <p class='ocr_par' dir='ltr' id='par_1_5' title="bbox 2 1083 1628 1370">
     <span class='ocr_line' id='line_1_18' title="bbox 18 1083 1496 1140; baseline 0 -16"><span class='ocrx_word' id='word_1_154' title='bbox 18 1134 19 1137; x_wconf 11' lang='grc' dir='ltr'><strong>Ἴ</strong></span> <span class='ocrx_word' id='word_1_155' title='bbox 48 1083 102 1124; x_wconf 86' lang='grc'>(16</span> <span class='ocrx_word' id='word_1_156' title='bbox 123 1084 252 1125; x_wconf 84' lang='grc'>(101110</span> <span class='ocrx_word' id='word_1_157' title='bbox 276 1094 350 1125; x_wconf 88' lang='lat' dir='ltr'>tua</span> <span class='ocrx_word' id='word_1_158' title='bbox 370 1085 544 1126; x_wconf 79' lang='lat' dir='ltr'>dixero:</span> <span class='ocrx_word' id='word_1_159' title='bbox 580 1085 623 1125; x_wconf 89' lang='lat' dir='ltr'>in</span> <span class='ocrx_word' id='word_1_160' title='bbox 654 1101 739 1140; x_wconf 88' lang='lat' dir='ltr'>qua</span> <span class='ocrx_word' id='word_1_161' title='bbox 769 1093 912 1125; x_wconf 89' lang='lat' dir='ltr'>tamen</span> <span class='ocrx_word' id='word_1_162' title='bbox 935 1085 994 1125; x_wconf 89' lang='lat' dir='ltr'>ita</span> <span class='ocrx_word' id='word_1_163' title='bbox 1016 1095 1079 1125; x_wconf 85' lang='lat' dir='ltr'>est</span> <span class='ocrx_word' id='word_1_164' title='bbox 1099 1084 1406 1125; x_wconf 64' lang='lat' dir='ltr'>inaedificatum</span> <span class='ocrx_word' id='word_1_165' title='bbox 1430 1098 1496 1124; x_wconf 87' lang='lat' dir='ltr'>sa-</span> 
     </span>
     <span class='ocr_line' id='line_1_19' title="bbox 47 1141 1493 1193; baseline 0 -11"><span class='ocrx_word' id='word_1_166' title='bbox 47 1141 217 1191; x_wconf 86' lang='lat' dir='ltr'>cellum,</span> <span class='ocrx_word' id='word_1_167' title='bbox 242 1152 288 1183; x_wconf 89' lang='lat' dir='ltr'>ut</span> <span class='ocrx_word' id='word_1_168' title='bbox 310 1142 417 1183; x_wconf 83' lang='lat' dir='ltr'>alius</span> <span class='ocrx_word' id='word_1_169' title='bbox 441 1142 604 1193; x_wconf 85' lang='lat' dir='ltr'>feeerit,</span> <span class='ocrx_word' id='word_1_170' title='bbox 630 1143 707 1183; x_wconf 89' lang='lat' dir='ltr'>tibi</span> <span class='ocrx_word' id='word_1_171' title='bbox 733 1142 1032 1182; x_wconf 87' lang='lat' dir='ltr'>tantummodo</span> <span class='ocrx_word' id='word_1_172' title='bbox 1065 1142 1119 1182; x_wconf 86' lang='lat' dir='ltr'>sit</span> <span class='ocrx_word' id='word_1_173' title='bbox 1149 1141 1493 1182; x_wconf 81' lang='lat' dir='ltr'>demoliendum:</span> 
     </span>
     <span class='ocr_line' id='line_1_20' title="bbox 48 1198 1628 1253; baseline -0.001 -14"><span class='ocrx_word' id='word_1_174' title='bbox 48 1207 139 1239; x_wconf 87' lang='lat' dir='ltr'>tum</span> <span class='ocrx_word' id='word_1_175' title='bbox 161 1199 332 1250; x_wconf 85' lang='lat' dir='ltr'>videbo,</span> <span class='ocrx_word' id='word_1_176' title='bbox 354 1214 457 1240; x_wconf 90' lang='lat' dir='ltr'>num</span> <span class='ocrx_word' id='word_1_177' title='bbox 480 1200 583 1240; x_wconf 82' lang='lat' dir='ltr'>mihi</span> <span class='ocrx_word' id='word_1_178' title='bbox 607 1214 779 1240; x_wconf 85' lang='grc'>11666556</span> <span class='ocrx_word' id='word_1_179' title='bbox 802 1199 856 1238; x_wconf 92' lang='lat' dir='ltr'>sit</span> <span class='ocrx_word' id='word_1_180' title='bbox 887 1199 938 1239; x_wconf 86' lang='lat' dir='ltr'>de</span> <span class='ocrx_word' id='word_1_181' title='bbox 969 1199 1061 1239; x_wconf 87' lang='lat' dir='ltr'>aliis</span> <span class='ocrx_word' id='word_1_182' title='bbox 1093 1199 1223 1239; x_wconf 84' lang='lat' dir='ltr'>etiam</span> <span class='ocrx_word' id='word_1_183' title='bbox 1251 1198 1411 1253; x_wconf 87' lang='lat' dir='ltr'>aliquid</span> <span class='ocrx_word' id='word_1_184' title='bbox 1429 1198 1539 1246; x_wconf 78' lang='lat' dir='ltr'>di-p.</span> <span class='ocrx_word' id='word_1_185' title='bbox 1557 1208 1628 1238; x_wconf 71' lang='lat'>⁶251.</span> 
     </span>
     <span class='ocr_line' id='line_1_21' title="bbox 2 1255 1536 1311; baseline -0.001 -15"><span class='ocrx_word' id='word_1_186' title='bbox 2 1303 4 1306; x_wconf 13' lang='lat' dir='ltr'>y</span> <span class='ocrx_word' id='word_1_187' title='bbox 47 1270 156 1297; x_wconf 89' lang='lat' dir='ltr'>cere.</span> <span class='ocrx_word' id='word_1_188' title='bbox 184 1265 335 1311; x_wconf 84' lang='lat' dir='ltr'>putant</span> <span class='ocrx_word' id='word_1_189' title='bbox 357 1257 469 1298; x_wconf 90' lang='lat' dir='ltr'>enim</span> <span class='ocrx_word' id='word_1_190' title='bbox 494 1257 686 1298; x_wconf 88' lang='lat' dir='ltr'>nonnulli</span> <span class='ocrx_word' id='word_1_191' title='bbox 711 1257 762 1297; x_wconf 87' lang='lat' dir='ltr'>ad</span> <span class='ocrx_word' id='word_1_192' title='bbox 783 1270 851 1296; x_wconf 91' lang='lat' dir='ltr'>me</span> <span class='ocrx_word' id='word_1_193' title='bbox 875 1257 1100 1311; x_wconf 84' lang='lat' dir='ltr'>pertinere,</span> <span class='ocrx_word' id='word_1_194' title='bbox 1120 1255 1494 1296; x_wconf 76' lang='lat' dir='ltr'>60armamentari-</span> <span class='ocrx_word' id='word_1_195' title='bbox 1506 1259 1536 1280; x_wconf 71' lang='lat'>²²·</span> 
     </span>
     <span class='ocr_line' id='line_1_22' title="bbox 10 1312 1496 1370; baseline -0.002 -15"><span class='ocrx_word' id='word_1_196' title='bbox 10 1350 12 1355; x_wconf 79' lang='grc'>,</span> <span class='ocrx_word' id='word_1_197' title='bbox 49 1327 122 1353; x_wconf 82' lang='grc'>11111</span> <span class='ocrx_word' id='word_1_198' title='bbox 153 1312 332 1354; x_wconf 81' lang='lat' dir='ltr'>Telluris</span> <span class='ocrx_word' id='word_1_199' title='bbox 371 1314 549 1369; x_wconf 83' lang='lat' dir='ltr'>aperire.</span> <span class='ocrx_word' id='word_1_200' title='bbox 582 1329 717 1370; x_wconf 77' lang='lat' dir='ltr'>nuper</span> <span class='ocrx_word' id='word_1_201' title='bbox 750 1313 791 1354; x_wconf 82' lang='lat' dir='ltr'>id</span> <span class='ocrx_word' id='word_1_202' title='bbox 828 1313 1016 1368; x_wconf 86' lang='lat' dir='ltr'>patuisse</span> <span class='ocrx_word' id='word_1_203' title='bbox 1050 1314 1213 1364; x_wconf 85' lang='lat' dir='ltr'>dicunt,</span> <span class='ocrx_word' id='word_1_204' title='bbox 1245 1323 1287 1352; x_wconf 89' lang='lat' dir='ltr'>et</span> <span class='ocrx_word' id='word_1_205' title='bbox 1318 1323 1401 1368; x_wconf 84' lang='lat' dir='ltr'>ego</span> <span class='ocrx_word' id='word_1_206' title='bbox 1431 1327 1496 1353; x_wconf 88' lang='lat' dir='ltr'>re-</span> 
     </span>
    </p>

    <p class='ocr_par' dir='ltr' id='par_1_6' title="bbox 2 1369 1497 1482">
     <span class='ocr_line' id='line_1_23' title="bbox 2 1369 1497 1426; baseline -0.001 -15"><span class='ocrx_word' id='word_1_207' title='bbox 2 1391 24 1422; x_wconf 43' lang='grc'>,</span> <span class='ocrx_word' id='word_1_208' title='bbox 47 1370 217 1411; x_wconf 89' lang='lat' dir='ltr'>cordor.</span> <span class='ocrx_word' id='word_1_209' title='bbox 233 1386 349 1412; x_wconf 89' lang='lat' dir='ltr'>nunc</span> <span class='ocrx_word' id='word_1_210' title='bbox 372 1372 684 1412; x_wconf 80' lang='lat' dir='ltr'>sanctissimam</span> <span class='ocrx_word' id='word_1_211' title='bbox 710 1381 873 1426; x_wconf 87' lang='lat' dir='ltr'>partem</span> <span class='ocrx_word' id='word_1_212' title='bbox 896 1385 945 1411; x_wconf 83' lang='lat' dir='ltr'>ae</span> <span class='ocrx_word' id='word_1_213' title='bbox 962 1371 1105 1411; x_wconf 84' lang='lat' dir='ltr'>sedem</span> <span class='ocrx_word' id='word_1_214' title='bbox 1129 1370 1330 1410; x_wconf 77' lang='lat' dir='ltr'>maximae</span> <span class='ocrx_word' id='word_1_215' title='bbox 1355 1369 1497 1425; x_wconf 85' lang='lat' dir='ltr'>religi-</span> 
     </span>
     <span class='ocr_line' id='line_1_24' title="bbox 49 1427 1495 1482; baseline -0.001 -13.031"><span class='ocrx_word' id='word_1_216' title='bbox 49 1427 142 1468; x_wconf 87' lang='lat' dir='ltr'>onis</span> <span class='ocrx_word' id='word_1_217' title='bbox 167 1429 335 1482; x_wconf 88' lang='lat' dir='ltr'>privato</span> <span class='ocrx_word' id='word_1_218' title='bbox 358 1428 509 1469; x_wconf 89' lang='lat' dir='ltr'>dicunt</span> <span class='ocrx_word' id='word_1_219' title='bbox 533 1429 744 1469; x_wconf 85' lang='lat' dir='ltr'>vestibulo</span> <span class='ocrx_word' id='word_1_220' title='bbox 766 1428 993 1468; x_wconf 88' lang='lat' dir='ltr'>contineri.</span> <span class='ocrx_word' id='word_1_221' title='bbox 1043 1427 1189 1468; x_wconf 87' lang='lat' dir='ltr'>Multa</span> <span class='ocrx_word' id='word_1_222' title='bbox 1210 1442 1278 1467; x_wconf 86' lang='lat' dir='ltr'>me</span> <span class='ocrx_word' id='word_1_223' title='bbox 1299 1438 1495 1468; x_wconf 85' lang='lat' dir='ltr'>movent:</span> 
     </span>
    </p>

    <p class='ocr_par' dir='ltr' id='par_1_7' title="bbox 4 1483 1499 1540">
     <span class='ocr_line' id='line_1_25' title="bbox 4 1483 1499 1540; baseline 0 -15"><span class='ocrx_word' id='word_1_224' title='bbox 4 1495 27 1518; x_wconf 61' lang='grc'>’--’</span> <span class='ocrx_word' id='word_1_225' title='bbox 49 1484 165 1540; x_wconf 89' lang='lat' dir='ltr'>quod</span> <span class='ocrx_word' id='word_1_226' title='bbox 195 1486 307 1526; x_wconf 85' lang='lat' dir='ltr'>aedes</span> <span class='ocrx_word' id='word_1_227' title='bbox 337 1484 517 1527; x_wconf 87' lang='lat' dir='ltr'>Telluris</span> <span class='ocrx_word' id='word_1_228' title='bbox 548 1495 612 1526; x_wconf 82' lang='lat' dir='ltr'>est</span> <span class='ocrx_word' id='word_1_229' title='bbox 642 1484 876 1526; x_wconf 78' lang='lat' dir='ltr'>curationis</span> <span class='ocrx_word' id='word_1_230' title='bbox 908 1500 1038 1526; x_wconf 76' lang='lat' dir='ltr'>meae:</span> <span class='ocrx_word' id='word_1_231' title='bbox 1071 1484 1186 1540; x_wconf 88' lang='lat' dir='ltr'>quod</span> <span class='ocrx_word' id='word_1_232' title='bbox 1220 1485 1268 1535; x_wconf 86' lang='lat' dir='ltr'>is,</span> <span class='ocrx_word' id='word_1_233' title='bbox 1291 1484 1363 1539; x_wconf 85' lang='lat' dir='ltr'>qui</span> <span class='ocrx_word' id='word_1_234' title='bbox 1396 1483 1499 1525; x_wconf 89' lang='lat' dir='ltr'>illud</span> 
     </span>
    </p>

    <p class='ocr_par' dir='ltr' id='par_1_8' title="bbox 3 1541 1497 1597">
     <span class='ocr_line' id='line_1_26' title="bbox 3 1541 1497 1597; baseline -0.001 -16"><span class='ocrx_word' id='word_1_235' title='bbox 3 1543 28 1578; x_wconf 59' lang='grc' dir='ltr'>’κ’</span> <span class='ocrx_word' id='word_1_236' title='bbox 47 1542 424 1584; x_wconf 81' lang='lat' dir='ltr'>armamentarium</span> <span class='ocrx_word' id='word_1_237' title='bbox 456 1543 641 1592; x_wconf 83' lang='lat' dir='ltr'>sustulit,</span> <span class='ocrx_word' id='word_1_238' title='bbox 665 1557 802 1582; x_wconf 88' lang='lat' dir='ltr'>meam</span> <span class='ocrx_word' id='word_1_239' title='bbox 833 1542 1009 1582; x_wconf 88' lang='lat' dir='ltr'>domum</span> <span class='ocrx_word' id='word_1_240' title='bbox 1043 1542 1297 1597; x_wconf 84' lang='lat' dir='ltr'>pontificum</span> <span class='ocrx_word' id='word_1_241' title='bbox 1326 1541 1497 1596; x_wconf 81' lang='lat' dir='ltr'>judicio</span> 
     </span>
    </p>

    <p class='ocr_par' dir='ltr' id='par_1_9' title="bbox 7 1596 1577 2341">
     <span class='ocr_line' id='line_1_27' title="bbox 11 1596 1495 1654; baseline 0 -16"><span class='ocrx_word' id='word_1_242' title='bbox 11 1602 17 1612; x_wconf 86' lang='grc'><em>“</em></span> <span class='ocrx_word' id='word_1_243' title='bbox 46 1596 286 1648; x_wconf 80' lang='lat' dir='ltr'>liberatam,</span> <span class='ocrx_word' id='word_1_244' title='bbox 311 1600 543 1640; x_wconf 89' lang='lat' dir='ltr'>secundum</span> <span class='ocrx_word' id='word_1_245' title='bbox 568 1599 744 1640; x_wconf 84' lang='lat' dir='ltr'>fratrem</span> <span class='ocrx_word' id='word_1_246' title='bbox 776 1614 899 1639; x_wconf 86' lang='lat' dir='ltr'>suum</span> <span class='ocrx_word' id='word_1_247' title='bbox 924 1599 1167 1654; x_wconf 78' lang='lat' dir='ltr'>judicatam</span> <span class='ocrx_word' id='word_1_248' title='bbox 1191 1613 1282 1638; x_wconf 87' lang='lat' dir='ltr'>esse</span> <span class='ocrx_word' id='word_1_249' title='bbox 1308 1599 1495 1639; x_wconf 85' lang='lat' dir='ltr'>dicebat.</span> 
     </span>
     <span class='ocr_line' id='line_1_28' title="bbox 46 1656 1496 1711; baseline 0 -15"><span class='ocrx_word' id='word_1_250' title='bbox 46 1666 193 1696; x_wconf 84' lang='lat' dir='ltr'>movet</span> <span class='ocrx_word' id='word_1_251' title='bbox 215 1671 284 1697; x_wconf 91' lang='lat' dir='ltr'>me</span> <span class='ocrx_word' id='word_1_252' title='bbox 305 1657 437 1698; x_wconf 85' lang='lat' dir='ltr'>etiam</span> <span class='ocrx_word' id='word_1_253' title='bbox 459 1657 500 1698; x_wconf 87' lang='lat' dir='ltr'>in</span> <span class='ocrx_word' id='word_1_254' title='bbox 525 1657 606 1698; x_wconf 89' lang='lat' dir='ltr'>hac</span> <span class='ocrx_word' id='word_1_255' title='bbox 622 1657 800 1697; x_wconf 85' lang='lat' dir='ltr'>caritate</span> <span class='ocrx_word' id='word_1_256' title='bbox 823 1671 1021 1707; x_wconf 84' lang='lat' dir='ltr'>annonae,</span> <span class='ocrx_word' id='word_1_257' title='bbox 1041 1656 1496 1711; x_wconf 82' lang='lat' dir='ltr'>sterilitateagrorum,</span> 
     </span>
     <span class='ocr_line' id='line_1_29' title="bbox 49 1711 1494 1770; baseline -0.001 -17"><span class='ocrx_word' id='word_1_258' title='bbox 49 1711 197 1769; x_wconf 88' lang='lat' dir='ltr'>inopia</span> <span class='ocrx_word' id='word_1_259' title='bbox 236 1712 427 1769; x_wconf 84' lang='lat' dir='ltr'>frugum,</span> <span class='ocrx_word' id='word_1_260' title='bbox 459 1714 610 1770; x_wconf 84' lang='lat' dir='ltr'>religio</span> <span class='ocrx_word' id='word_1_261' title='bbox 647 1713 844 1764; x_wconf 75' lang='lat' dir='ltr'>Telluris,</span> <span class='ocrx_word' id='word_1_262' title='bbox 867 1723 909 1754; x_wconf 89' lang='lat' dir='ltr'>et</span> <span class='ocrx_word' id='word_1_263' title='bbox 939 1728 990 1754; x_wconf 88' lang='lat' dir='ltr'>eo</span> <span class='ocrx_word' id='word_1_264' title='bbox 1022 1713 1174 1769; x_wconf 86' lang='lat' dir='ltr'>magis,</span> <span class='ocrx_word' id='word_1_265' title='bbox 1197 1713 1312 1768; x_wconf 85' lang='lat' dir='ltr'>quod</span> <span class='ocrx_word' id='word_1_266' title='bbox 1344 1713 1494 1753; x_wconf 87' lang='lat' dir='ltr'>eodem</span> 
     </span>
     <span class='ocr_line' id='line_1_30' title="bbox 49 1769 1557 1827; baseline 0 -18"><span class='ocrx_word' id='word_1_267' title='bbox 49 1779 220 1810; x_wconf 87' lang='lat' dir='ltr'>ostento</span> <span class='ocrx_word' id='word_1_268' title='bbox 253 1770 411 1812; x_wconf 84' lang='lat' dir='ltr'>Telluri</span> <span class='ocrx_word' id='word_1_269' title='bbox 453 1771 688 1827; x_wconf 87' lang='lat' dir='ltr'>postulatio</span> <span class='ocrx_word' id='word_1_270' title='bbox 719 1771 865 1811; x_wconf 87' lang='lat' dir='ltr'>deberi</span> <span class='ocrx_word' id='word_1_271' title='bbox 896 1771 1068 1811; x_wconf 81' lang='lat' dir='ltr'>dicitur.</span> <span class='ocrx_word' id='word_1_272' title='bbox 1133 1771 1286 1810; x_wconf 85' lang='lat' dir='ltr'>Vetera</span> <span class='ocrx_word' id='word_1_273' title='bbox 1316 1769 1557 1810; x_wconf 58' lang='grc' dir='ltr'>ἴοι-11155632</span> 
     </span>
     <span class='ocr_line' id='line_1_31' title="bbox 28 1824 1493 1884; baseline 0 -17"><span class='ocrx_word' id='word_1_274' title='bbox 28 1824 285 1882; x_wconf 62' lang='grc'>,100111011111</span> <span class='ocrx_word' id='word_1_275' title='bbox 318 1843 575 1884; x_wconf 83' lang='lat' dir='ltr'>quamquam</span> <span class='ocrx_word' id='word_1_276' title='bbox 601 1829 683 1870; x_wconf 90' lang='lat' dir='ltr'>hoc</span> <span class='ocrx_word' id='word_1_277' title='bbox 715 1829 748 1868; x_wconf 86' lang='lat' dir='ltr'>si</span> <span class='ocrx_word' id='word_1_278' title='bbox 781 1829 921 1868; x_wconf 88' lang='lat' dir='ltr'>minus</span> <span class='ocrx_word' id='word_1_279' title='bbox 950 1828 1065 1869; x_wconf 80' lang='lat' dir='ltr'>civili</span> <span class='ocrx_word' id='word_1_280' title='bbox 1084 1827 1183 1881; x_wconf 82' lang='lat' dir='ltr'>jure</span> <span class='ocrx_word' id='word_1_281' title='bbox 1208 1827 1493 1882; x_wconf 81' lang='lat' dir='ltr'>perscriptum</span> 
     </span>
     <span class='ocr_line' id='line_1_32' title="bbox 49 1883 1495 1941; baseline 0 -17"><span class='ocrx_word' id='word_1_282' title='bbox 49 1893 128 1934; x_wconf 87' lang='lat' dir='ltr'>est,</span> <span class='ocrx_word' id='word_1_283' title='bbox 160 1883 254 1941; x_wconf 87' lang='lat' dir='ltr'>lege</span> <span class='ocrx_word' id='word_1_284' title='bbox 287 1893 429 1926; x_wconf 88' lang='lat' dir='ltr'>tamen</span> <span class='ocrx_word' id='word_1_285' title='bbox 464 1897 642 1937; x_wconf 77' lang='lat' dir='ltr'>naturae,</span> <span class='ocrx_word' id='word_1_286' title='bbox 673 1885 891 1926; x_wconf 88' lang='lat' dir='ltr'>communi</span> <span class='ocrx_word' id='word_1_287' title='bbox 924 1885 1024 1939; x_wconf 85' lang='lat' dir='ltr'>jure</span> <span class='ocrx_word' id='word_1_288' title='bbox 1053 1885 1247 1939; x_wconf 78' lang='lat' dir='ltr'>gentium</span> <span class='ocrx_word' id='word_1_289' title='bbox 1282 1884 1495 1924; x_wconf 78' lang='lat' dir='ltr'>sancitum</span> 
     </span>
     <span class='ocr_line' id='line_1_33' title="bbox 47 1941 1493 1996; baseline 0.001 -15.946"><span class='ocrx_word' id='word_1_290' title='bbox 47 1949 127 1990; x_wconf 86' lang='lat' dir='ltr'>est,</span> <span class='ocrx_word' id='word_1_291' title='bbox 150 1951 198 1981; x_wconf 91' lang='lat' dir='ltr'>ut</span> <span class='ocrx_word' id='word_1_292' title='bbox 217 1941 326 1982; x_wconf 87' lang='lat' dir='ltr'>nihil</span> <span class='ocrx_word' id='word_1_293' title='bbox 347 1943 547 1985; x_wconf 79' lang='lat' dir='ltr'>mortales</span> <span class='ocrx_word' id='word_1_294' title='bbox 569 1958 593 1983; x_wconf 87' lang='lat' dir='ltr'>a</span> <span class='ocrx_word' id='word_1_295' title='bbox 615 1943 696 1984; x_wconf 87' lang='lat' dir='ltr'>diis</span> <span class='ocrx_word' id='word_1_296' title='bbox 714 1943 1028 1982; x_wconf 74' lang='lat' dir='ltr'>immortalibus</span> <span class='ocrx_word' id='word_1_297' title='bbox 1046 1957 1120 1981; x_wconf 87' lang='lat' dir='ltr'>usu</span> <span class='ocrx_word' id='word_1_298' title='bbox 1141 1956 1293 1996; x_wconf 79' lang='lat' dir='ltr'>capere</span> <span class='ocrx_word' id='word_1_299' title='bbox 1315 1941 1493 1996; x_wconf 79' lang='lat' dir='ltr'>possint.</span> 
     </span>
     <span class='ocr_line' id='line_1_34' title="bbox 22 1996 1577 2056; baseline 0.001 -18"><span class='ocrx_word' id='word_1_300' title='bbox 22 1996 355 2040; x_wconf 68' lang='lat' dir='ltr'>:Verumtamen</span> <span class='ocrx_word' id='word_1_301' title='bbox 387 2000 565 2055; x_wconf 88' lang='lat' dir='ltr'>antiqua</span> <span class='ocrx_word' id='word_1_302' title='bbox 595 2000 878 2056; x_wconf 80' lang='lat' dir='ltr'>negligimus:</span> <span class='ocrx_word' id='word_1_303' title='bbox 911 2000 1098 2040; x_wconf 76' lang='lat' dir='ltr'>etiamne</span> <span class='ocrx_word' id='word_1_304' title='bbox 1129 2013 1178 2039; x_wconf 80' lang='lat' dir='ltr'>ea</span> <span class='ocrx_word' id='word_1_305' title='bbox 1211 1999 1494 2054; x_wconf 78' lang='lat' dir='ltr'>negligemus,</span> <span class='ocrx_word' id='word_1_306' title='bbox 1513 2001 1577 2049; x_wconf 82' lang='lat'>15</span> 
     </span>
     <span class='ocr_line' id='line_1_35' title="bbox 49 2055 1495 2112; baseline 0 -16"><span class='ocrx_word' id='word_1_307' title='bbox 49 2068 146 2110; x_wconf 84' lang='lat' dir='ltr'>quae</span> <span class='ocrx_word' id='word_1_308' title='bbox 179 2055 288 2097; x_wconf 86' lang='lat' dir='ltr'>fiunt</span> <span class='ocrx_word' id='word_1_309' title='bbox 318 2071 416 2098; x_wconf 89' lang='lat' dir='ltr'>cum</span> <span class='ocrx_word' id='word_1_310' title='bbox 449 2058 665 2098; x_wconf 76' lang='lat' dir='ltr'>maxime?</span> <span class='ocrx_word' id='word_1_311' title='bbox 696 2071 792 2112; x_wconf 82' lang='lat' dir='ltr'>quae</span> <span class='ocrx_word' id='word_1_312' title='bbox 825 2057 1045 2098; x_wconf 82' lang='lat' dir='ltr'>videmus?</span> <span class='ocrx_word' id='word_1_313' title='bbox 1079 2056 1127 2096; x_wconf 92' lang='lat' dir='ltr'>L.</span> <span class='ocrx_word' id='word_1_314' title='bbox 1161 2055 1378 2106; x_wconf 87' lang='lat' dir='ltr'>Pisonem,</span> <span class='ocrx_word' id='word_1_315' title='bbox 1400 2056 1495 2111; x_wconf 88' lang='lat' dir='ltr'>quis</span> 
     </span>
     <span class='ocr_line' id='line_1_36' title="bbox 12 2113 1497 2169; baseline 0.003 -20"><span class='ocrx_word' id='word_1_316' title='bbox 12 2113 201 2164; x_wconf 66' lang='lat' dir='ltr'>‚-·.nescit‚</span> <span class='ocrx_word' id='word_1_317' title='bbox 242 2113 308 2154; x_wconf 88' lang='lat' dir='ltr'>his</span> <span class='ocrx_word' id='word_1_318' title='bbox 351 2114 454 2169; x_wconf 86' lang='lat' dir='ltr'>ipsis</span> <span class='ocrx_word' id='word_1_319' title='bbox 496 2114 778 2169; x_wconf 85' lang='lat' dir='ltr'>temporibus,</span> <span class='ocrx_word' id='word_1_320' title='bbox 812 2114 1051 2154; x_wconf 84' lang='lat' dir='ltr'>maximum</span> <span class='ocrx_word' id='word_1_321' title='bbox 1094 2122 1137 2153; x_wconf 89' lang='lat' dir='ltr'>et</span> <span class='ocrx_word' id='word_1_322' title='bbox 1179 2113 1497 2153; x_wconf 83' lang='lat' dir='ltr'>sanctissimum</span> 
     </span>
     <span class='ocr_line' id='line_1_37' title="bbox 54 2165 1498 2225; baseline 0.001 -16"><span class='ocrx_word' id='word_1_323' title='bbox 54 2165 208 2210; x_wconf 83' lang='lat' dir='ltr'>Dianae</span> <span class='ocrx_word' id='word_1_324' title='bbox 228 2170 427 2212; x_wconf 81' lang='lat' dir='ltr'>sacellum</span> <span class='ocrx_word' id='word_1_325' title='bbox 451 2172 548 2212; x_wconf 85' lang='grc'>61111</span> <span class='ocrx_word' id='word_1_326' title='bbox 573 2171 788 2212; x_wconf 85' lang='lat' dir='ltr'>Coeliculo</span> <span class='ocrx_word' id='word_1_327' title='bbox 811 2170 1054 2212; x_wconf 79' lang='lat' dir='ltr'>sustulisse?</span> <span class='ocrx_word' id='word_1_328' title='bbox 1077 2171 1233 2211; x_wconf 84' lang='lat' dir='ltr'>adsunt</span> <span class='ocrx_word' id='word_1_329' title='bbox 1253 2170 1383 2210; x_wconf 86' lang='lat' dir='ltr'>vicini</span> <span class='ocrx_word' id='word_1_330' title='bbox 1406 2171 1498 2225; x_wconf 78' lang='lat' dir='ltr'>ejus</span> 
     </span>
     <span class='ocr_line' id='line_1_38' title="bbox 52 2223 1500 2282; baseline 0.001 -16"><span class='ocrx_word' id='word_1_331' title='bbox 52 2223 160 2270; x_wconf 83' lang='lat' dir='ltr'>loci:</span> <span class='ocrx_word' id='word_1_332' title='bbox 191 2227 314 2269; x_wconf 89' lang='lat' dir='ltr'>multi</span> <span class='ocrx_word' id='word_1_333' title='bbox 347 2237 446 2269; x_wconf 87' lang='lat' dir='ltr'>sunt</span> <span class='ocrx_word' id='word_1_334' title='bbox 476 2229 607 2270; x_wconf 86' lang='lat' dir='ltr'>etiam</span> <span class='ocrx_word' id='word_1_335' title='bbox 639 2229 682 2268; x_wconf 90' lang='lat' dir='ltr'>in</span> <span class='ocrx_word' id='word_1_336' title='bbox 712 2228 796 2268; x_wconf 91' lang='grc'>1106</span> <span class='ocrx_word' id='word_1_337' title='bbox 828 2228 991 2279; x_wconf 87' lang='lat' dir='ltr'>ordine,</span> <span class='ocrx_word' id='word_1_338' title='bbox 1014 2228 1087 2282; x_wconf 87' lang='lat' dir='ltr'>qui</span> <span class='ocrx_word' id='word_1_339' title='bbox 1111 2228 1152 2258; x_wconf 71' lang='lat'>62</span> <span class='ocrx_word' id='word_1_340' title='bbox 1165 2227 1374 2267; x_wconf 83' lang='lat' dir='ltr'>sacrificia</span> <span class='ocrx_word' id='word_1_341' title='bbox 1396 2242 1500 2282; x_wconf 80' lang='lat' dir='ltr'>gen-</span> 
     </span>
     <span class='ocr_line' id='line_1_39' title="bbox 51 2281 1500 2341; baseline 0.001 -19"><span class='ocrx_word' id='word_1_342' title='bbox 51 2281 191 2336; x_wconf 89' lang='lat' dir='ltr'>tilitia,</span> <span class='ocrx_word' id='word_1_343' title='bbox 213 2283 285 2326; x_wconf 88' lang='lat' dir='ltr'>illo</span> <span class='ocrx_word' id='word_1_344' title='bbox 307 2286 402 2341; x_wconf 89' lang='lat' dir='ltr'>ipso</span> <span class='ocrx_word' id='word_1_345' title='bbox 425 2285 468 2328; x_wconf 89' lang='lat' dir='ltr'>in</span> <span class='ocrx_word' id='word_1_346' title='bbox 502 2286 670 2337; x_wconf 79' lang='lat' dir='ltr'>sacello,</span> <span class='ocrx_word' id='word_1_347' title='bbox 693 2286 732 2316; x_wconf 74' lang='lat'>6⁵</span> <span class='ocrx_word' id='word_1_348' title='bbox 747 2292 910 2326; x_wconf 86' lang='lat' dir='ltr'>statuto</span> <span class='ocrx_word' id='word_1_349' title='bbox 938 2285 1048 2336; x_wconf 89' lang='grc'>1060,</span> <span class='ocrx_word' id='word_1_350' title='bbox 1072 2284 1351 2325; x_wconf 83' lang='lat' dir='ltr'>anniversarii</span> <span class='ocrx_word' id='word_1_351' title='bbox 1375 2285 1500 2326; x_wconf 82' lang='lat' dir='ltr'>facti-</span> 
     </span>
    </p>
   </div>
   <div class='ocr_carea' id='block_1_3' title="bbox 45 2397 1502 2859">
    <p class='ocr_par' dir='ltr' id='par_1_10' title="bbox 45 2397 1501 2772">
     <span class='ocr_line' id='line_1_40' title="bbox 89 2397 1494 2439; baseline 0.002 -13"><span class='ocrx_word' id='word_1_352' title='bbox 89 2398 132 2439; x_wconf 38' lang='lat'>,59</span> <span class='ocrx_word' id='word_1_353' title='bbox 161 2398 246 2437; x_wconf 83' lang='lat' dir='ltr'>quod</span> <span class='ocrx_word' id='word_1_354' title='bbox 269 2408 309 2429; x_wconf 68' lang='lat' dir='ltr'>ex</span> <span class='ocrx_word' id='word_1_355' title='bbox 336 2409 370 2429; x_wconf 86' lang='lat' dir='ltr'>eo</span> <span class='ocrx_word' id='word_1_356' title='bbox 394 2399 480 2431; x_wconf 80' lang='lat' dir='ltr'><em>SCto</em></span> <span class='ocrx_word' id='word_1_357' title='bbox 505 2399 581 2438; x_wconf 79' lang='lat' dir='ltr'>&amp;c.]</span> <span class='ocrx_word' id='word_1_358' title='bbox 617 2399 690 2429; x_wconf 82' lang='lat' dir='ltr'>Hoc</span> <span class='ocrx_word' id='word_1_359' title='bbox 716 2399 750 2428; x_wconf 85' lang='lat' dir='ltr'>in</span> <span class='ocrx_word' id='word_1_360' title='bbox 793 2398 974 2429; x_wconf 84' lang='lat' dir='ltr'>Varronem</span> <span class='ocrx_word' id='word_1_361' title='bbox 994 2402 1029 2428; x_wconf 81' lang='lat' dir='ltr'>et</span> <span class='ocrx_word' id='word_1_362' title='bbox 1051 2398 1130 2429; x_wconf 77' lang='lat' dir='ltr'>alios</span> <span class='ocrx_word' id='word_1_363' title='bbox 1153 2397 1275 2428; x_wconf 79' lang='lat' dir='ltr'>dieitur</span> <span class='ocrx_word' id='word_1_364' title='bbox 1295 2398 1452 2435; x_wconf 50' lang='lat' dir='ltr'>canolas,</span> <span class='ocrx_word' id='word_1_365' title='bbox 1468 2409 1494 2429; x_wconf 81' lang='grc'>6</span> 
     </span>
     <span class='ocr_line' id='line_1_41' title="bbox 52 2439 1426 2481; baseline 0.001 -13"><span class='ocrx_word' id='word_1_366' title='bbox 52 2439 237 2477; x_wconf 79' lang='lat' dir='ltr'>parenthesi</span> <span class='ocrx_word' id='word_1_367' title='bbox 261 2441 506 2481; x_wconf 82' lang='lat' dir='ltr'>accipiendum:</span> <span class='ocrx_word' id='word_1_368' title='bbox 537 2442 593 2472; x_wconf 84' lang='lat' dir='ltr'>sed</span> <span class='ocrx_word' id='word_1_369' title='bbox 615 2442 751 2471; x_wconf 79' lang='lat' dir='ltr'>fortasse</span> <span class='ocrx_word' id='word_1_370' title='bbox 795 2441 840 2472; x_wconf 85' lang='lat' dir='ltr'>sic</span> <span class='ocrx_word' id='word_1_371' title='bbox 855 2441 1001 2471; x_wconf 73' lang='lat' dir='ltr'>Graevius</span> <span class='ocrx_word' id='word_1_372' title='bbox 1017 2441 1223 2471; x_wconf 84' lang='lat' dir='ltr'>scribendum</span> <span class='ocrx_word' id='word_1_373' title='bbox 1239 2439 1304 2470; x_wconf 89' lang='lat' dir='ltr'>h.l.</span> <span class='ocrx_word' id='word_1_374' title='bbox 1318 2447 1426 2479; x_wconf 80' lang='lat' dir='ltr'>putat.</span> 
     </span>
     <span class='ocr_line' id='line_1_42' title="bbox 53 2481 1499 2521; baseline 0.002 -12"><span class='ocrx_word' id='word_1_375' title='bbox 53 2489 151 2518; x_wconf 75' lang='lat' dir='ltr'>quam</span> <span class='ocrx_word' id='word_1_376' title='bbox 179 2481 367 2521; x_wconf 74' lang='lat' dir='ltr'>legendum,</span> <span class='ocrx_word' id='word_1_377' title='bbox 403 2485 482 2515; x_wconf 82' lang='lat' dir='ltr'>vitio</span> <span class='ocrx_word' id='word_1_378' title='bbox 511 2489 585 2515; x_wconf 74' lang='lat' dir='ltr'>orto</span> <span class='ocrx_word' id='word_1_379' title='bbox 613 2494 631 2514; x_wconf 88' lang='lat' dir='ltr'>e</span> <span class='ocrx_word' id='word_1_380' title='bbox 663 2493 750 2513; x_wconf 83' lang='lat' dir='ltr'>com-</span> <span class='ocrx_word' id='word_1_381' title='bbox 838 2484 878 2514; x_wconf 83' lang='grc'>62</span> <span class='ocrx_word' id='word_1_382' title='bbox 901 2483 1066 2521; x_wconf 67' lang='lat' dir='ltr'>sacrificia</span> <span class='ocrx_word' id='word_1_383' title='bbox 1079 2483 1260 2521; x_wconf 70' lang='lat' dir='ltr'>gentilicia]</span> <span class='ocrx_word' id='word_1_384' title='bbox 1289 2482 1412 2512; x_wconf 42' lang='lat' dir='ltr'>Hau-ffi-</span> <span class='ocrx_word' id='word_1_385' title='bbox 1429 2482 1499 2512; x_wconf 71' lang='lat' dir='ltr'>edd.</span> 
     </span>
     <span class='ocr_line' id='line_1_43' title="bbox 54 2521 1501 2567; baseline 0.001 -15"><span class='ocrx_word' id='word_1_386' title='bbox 54 2521 170 2566; x_wconf 77' lang='lat' dir='ltr'>pendio</span> <span class='ocrx_word' id='word_1_387' title='bbox 191 2525 375 2565; x_wconf 84' lang='lat' dir='ltr'>scripturae.</span> <span class='ocrx_word' id='word_1_388' title='bbox 397 2526 517 2567; x_wconf 59' lang='lat' dir='ltr'>referri</span> <span class='ocrx_word' id='word_1_389' title='bbox 541 2533 592 2558; x_wconf 86' lang='lat' dir='ltr'>est</span> <span class='ocrx_word' id='word_1_390' title='bbox 617 2536 675 2566; x_wconf 83' lang='lat' dir='ltr'>pro</span> <span class='ocrx_word' id='word_1_391' title='bbox 700 2527 754 2556; x_wconf 75' lang='lat' dir='ltr'>de-</span> <span class='ocrx_word' id='word_1_392' title='bbox 796 2531 878 2556; x_wconf 85' lang='lat' dir='ltr'>vett.</span> <span class='ocrx_word' id='word_1_393' title='bbox 895 2525 1109 2555; x_wconf 84' lang='lat' dir='ltr'>restituimus.</span> <span class='ocrx_word' id='word_1_394' title='bbox 1134 2525 1294 2556; x_wconf 84' lang='lat' dir='ltr'>Gruterus</span> <span class='ocrx_word' id='word_1_395' title='bbox 1307 2524 1406 2554; x_wconf 66' lang='lat' dir='ltr'>edidit</span> <span class='ocrx_word' id='word_1_396' title='bbox 1419 2534 1501 2562; x_wconf 75' lang='lat' dir='ltr'>geu-</span> 
     </span>
     <span class='ocr_line' id='line_1_44' title="bbox 45 2561 1499 2602; baseline 0.001 -8"><span class='ocrx_word' id='word_1_397' title='bbox 45 2561 150 2602; x_wconf 78' lang='lat' dir='ltr'>ferri,</span> <span class='ocrx_word' id='word_1_398' title='bbox 166 2570 204 2596; x_wconf 86' lang='lat' dir='ltr'>ut</span> <span class='ocrx_word' id='word_1_399' title='bbox 218 2572 253 2597; x_wconf 80' lang='lat' dir='ltr'>et</span> <span class='ocrx_word' id='word_1_400' title='bbox 267 2567 357 2598; x_wconf 82' lang='lat' dir='ltr'>alibi.</span> <span class='ocrx_word' id='word_1_401' title='bbox 799 2569 872 2598; x_wconf 68' lang='lat' dir='ltr'>tilia</span> <span class='ocrx_word' id='word_1_402' title='bbox 901 2568 970 2597; x_wconf 86' lang='lat' dir='ltr'>sine</span> <span class='ocrx_word' id='word_1_403' title='bbox 1008 2567 1251 2597; x_wconf 79' lang='lat' dir='ltr'>admonitione:</span> <span class='ocrx_word' id='word_1_404' title='bbox 1290 2566 1364 2596; x_wconf 72' lang='lat' dir='ltr'>inde</span> <span class='ocrx_word' id='word_1_405' title='bbox 1398 2567 1499 2596; x_wconf 82' lang='lat' dir='ltr'>errori</span> 
     </span>
     <span class='ocr_line' id='line_1_45' title="bbox 57 2605 1501 2652; baseline 0.001 -16"><span class='ocrx_word' id='word_1_406' title='bbox 57 2645 65 2652; x_wconf 37' lang='lat'>⁸</span> <span class='ocrx_word' id='word_1_407' title='bbox 97 2605 138 2636; x_wconf 90' lang='grc'>60</span> <span class='ocrx_word' id='word_1_408' title='bbox 160 2617 302 2639; x_wconf 78' lang='lat' dir='ltr'>armam.</span> <span class='ocrx_word' id='word_1_409' title='bbox 322 2609 359 2640; x_wconf 91' lang='lat' dir='ltr'>T.</span> <span class='ocrx_word' id='word_1_410' title='bbox 377 2610 519 2650; x_wconf 75' lang='lat' dir='ltr'>aperire]</span> <span class='ocrx_word' id='word_1_411' title='bbox 545 2612 566 2642; x_wconf 85' lang='lat' dir='ltr'>i.</span> <span class='ocrx_word' id='word_1_412' title='bbox 589 2620 703 2640; x_wconf 85' lang='lat' dir='ltr'>curare</span> <span class='ocrx_word' id='word_1_413' title='bbox 719 2614 758 2640; x_wconf 87' lang='lat' dir='ltr'>ut</span> <span class='ocrx_word' id='word_1_414' title='bbox 800 2619 972 2650; x_wconf 80' lang='lat' dir='ltr'>operarum</span> <span class='ocrx_word' id='word_1_415' title='bbox 994 2609 1103 2639; x_wconf 83' lang='lat' dir='ltr'>deberi</span> <span class='ocrx_word' id='word_1_416' title='bbox 1125 2613 1237 2648; x_wconf 82' lang='lat' dir='ltr'>patet:</span> <span class='ocrx_word' id='word_1_417' title='bbox 1263 2617 1427 2638; x_wconf 74' lang='lat' dir='ltr'>servavere</span> <span class='ocrx_word' id='word_1_418' title='bbox 1449 2612 1501 2637; x_wconf 79' lang='lat' dir='ltr'>ta-</span> 
     </span>
     <span class='ocr_line' id='line_1_46' title="bbox 56 2645 1501 2684; baseline 0.003 -8"><span class='ocrx_word' id='word_1_419' title='bbox 56 2645 88 2676; x_wconf 77' lang='lat' dir='ltr'>ld</span> <span class='ocrx_word' id='word_1_420' title='bbox 102 2649 267 2680; x_wconf 85' lang='lat' dir='ltr'>occlusum</span> <span class='ocrx_word' id='word_1_421' title='bbox 290 2656 324 2682; x_wconf 83' lang='lat' dir='ltr'>et</span> <span class='ocrx_word' id='word_1_422' title='bbox 346 2653 512 2682; x_wconf 80' lang='lat' dir='ltr'>sublatum</span> <span class='ocrx_word' id='word_1_423' title='bbox 536 2662 646 2684; x_wconf 85' lang='lat' dir='ltr'>rursus</span> <span class='ocrx_word' id='word_1_424' title='bbox 663 2652 757 2682; x_wconf 84' lang='lat' dir='ltr'>resti·</span> <span class='ocrx_word' id='word_1_425' title='bbox 799 2661 875 2682; x_wconf 84' lang='lat' dir='ltr'>men</span> <span class='ocrx_word' id='word_1_426' title='bbox 901 2652 1047 2682; x_wconf 86' lang='lat' dir='ltr'>Gronov.</span> <span class='ocrx_word' id='word_1_427' title='bbox 1077 2657 1111 2681; x_wconf 87' lang='lat' dir='ltr'>et</span> <span class='ocrx_word' id='word_1_428' title='bbox 1139 2650 1297 2680; x_wconf 71' lang='lat' dir='ltr'>Graevius.</span> <span class='ocrx_word' id='word_1_429' title='bbox 1351 2650 1501 2680; x_wconf 69' lang='lat' dir='ltr'>varietas</span> 
     </span>
     <span class='ocr_line' id='line_1_47' title="bbox 55 2691 1501 2734; baseline 0.003 -16"><span class='ocrx_word' id='word_1_430' title='bbox 55 2694 182 2728; x_wconf 76' lang='lat' dir='ltr'>matur,</span> <span class='ocrx_word' id='word_1_431' title='bbox 197 2698 234 2722; x_wconf 84' lang='lat' dir='ltr'>ut</span> <span class='ocrx_word' id='word_1_432' title='bbox 256 2704 274 2723; x_wconf 87' lang='grc'>6</span> <span class='ocrx_word' id='word_1_433' title='bbox 296 2695 507 2732; x_wconf 74' lang='lat' dir='ltr'>sequentibus</span> <span class='ocrx_word' id='word_1_434' title='bbox 523 2700 615 2734; x_wconf 80' lang='lat' dir='ltr'>patet</span> <span class='ocrx_word' id='word_1_435' title='bbox 671 2695 754 2725; x_wconf 82' lang='lat' dir='ltr'>Sub·</span> <span class='ocrx_word' id='word_1_436' title='bbox 796 2693 909 2724; x_wconf 82' lang='lat' dir='ltr'>eadem</span> <span class='ocrx_word' id='word_1_437' title='bbox 925 2699 975 2723; x_wconf 82' lang='lat' dir='ltr'>est</span> <span class='ocrx_word' id='word_1_438' title='bbox 992 2693 1094 2723; x_wconf 79' lang='lat' dir='ltr'>etiam</span> <span class='ocrx_word' id='word_1_439' title='bbox 1117 2693 1152 2722; x_wconf 84' lang='lat' dir='ltr'>in</span> <span class='ocrx_word' id='word_1_440' title='bbox 1174 2692 1303 2731; x_wconf 83' lang='lat' dir='ltr'>scriptis</span> <span class='ocrx_word' id='word_1_441' title='bbox 1326 2691 1413 2730; x_wconf 76' lang='lat' dir='ltr'>apud</span> <span class='ocrx_word' id='word_1_442' title='bbox 1430 2691 1501 2722; x_wconf 77' lang='lat' dir='ltr'>Liv.</span> 
     </span>
     <span class='ocr_line' id='line_1_48' title="bbox 51 2727 914 2772; baseline 0.007 -13"><span class='ocrx_word' id='word_1_443' title='bbox 51 2727 158 2761; x_wconf 79' lang='lat' dir='ltr'>‘latum</span> <span class='ocrx_word' id='word_1_444' title='bbox 174 2739 283 2765; x_wconf 74' lang='lat' dir='ltr'>autern</span> <span class='ocrx_word' id='word_1_445' title='bbox 300 2743 371 2766; x_wconf 74' lang='lat' dir='ltr'>erat</span> <span class='ocrx_word' id='word_1_446' title='bbox 384 2747 403 2766; x_wconf 82' lang='lat' dir='ltr'>a</span> <span class='ocrx_word' id='word_1_447' title='bbox 417 2737 452 2766; x_wconf 90' lang='grc' dir='ltr'>Ρ.</span> <span class='ocrx_word' id='word_1_448' title='bbox 465 2736 570 2767; x_wconf 79' lang='lat' dir='ltr'>Clodii</span> <span class='ocrx_word' id='word_1_449' title='bbox 586 2738 699 2766; x_wconf 74' lang='lat' dir='ltr'>fratre.</span> <span class='ocrx_word' id='word_1_450' title='bbox 800 2735 846 2772; x_wconf 87' lang='grc' dir='ltr'>ΙΙ,</span> <span class='ocrx_word' id='word_1_451' title='bbox 863 2737 914 2765; x_wconf 72' lang='grc'>36.</span> 
     </span>
    </p>

    <p class='ocr_par' dir='ltr' id='par_1_11' title="bbox 53 2773 1502 2859">
     <span class='ocr_line' id='line_1_49' title="bbox 96 2773 1501 2816; baseline 0 -12"><span class='ocrx_word' id='word_1_452' title='bbox 96 2773 131 2802; x_wconf 86' lang='grc'>61</span> <span class='ocrx_word' id='word_1_453' title='bbox 157 2775 191 2805; x_wconf 74' lang='lat' dir='ltr'>in</span> <span class='ocrx_word' id='word_1_454' title='bbox 218 2776 380 2816; x_wconf 79' lang='lat' dir='ltr'>Coeliculu]</span> <span class='ocrx_word' id='word_1_455' title='bbox 416 2778 454 2808; x_wconf 88' lang='lat' dir='ltr'>In</span> <span class='ocrx_word' id='word_1_456' title='bbox 482 2779 585 2809; x_wconf 82' lang='lat' dir='ltr'>Coelio</span> <span class='ocrx_word' id='word_1_457' title='bbox 613 2780 753 2814; x_wconf 79' lang='lat' dir='ltr'>minore,</span> <span class='ocrx_word' id='word_1_458' title='bbox 839 2779 879 2808; x_wconf 73' lang='lat'>653</span> <span class='ocrx_word' id='word_1_459' title='bbox 893 2782 1016 2807; x_wconf 68' lang='lat' dir='ltr'>scalmo</span> <span class='ocrx_word' id='word_1_460' title='bbox 1028 2778 1104 2813; x_wconf 84' lang='lat' dir='ltr'>loeo,</span> <span class='ocrx_word' id='word_1_461' title='bbox 1120 2774 1353 2813; x_wconf 72' lang='lat' dir='ltr'>anniversarii]</span> <span class='ocrx_word' id='word_1_462' title='bbox 1370 2774 1501 2805; x_wconf 70' lang='lat' dir='ltr'>statuto</span> 
     </span>
     <span class='ocr_line' id='line_1_50' title="bbox 53 2813 1502 2859; baseline 0.001 -16"><span class='ocrx_word' id='word_1_463' title='bbox 53 2813 216 2855; x_wconf 80' lang='lat' dir='ltr'>colliculo,</span> <span class='ocrx_word' id='word_1_464' title='bbox 232 2819 379 2859; x_wconf 78' lang='lat' dir='ltr'>subjecto</span> <span class='ocrx_word' id='word_1_465' title='bbox 395 2821 501 2850; x_wconf 76' lang='lat' dir='ltr'>monti</span> <span class='ocrx_word' id='word_1_466' title='bbox 521 2821 634 2852; x_wconf 84' lang='lat' dir='ltr'>Coeiio.</span> <span class='ocrx_word' id='word_1_467' title='bbox 659 2820 755 2859; x_wconf 73' lang='lat' dir='ltr'>Apud</span> <span class='ocrx_word' id='word_1_468' title='bbox 799 2821 863 2850; x_wconf 82' lang='lat' dir='ltr'>loeo</span> <span class='ocrx_word' id='word_1_469' title='bbox 879 2819 1051 2854; x_wconf 74' lang='lat' dir='ltr'>redundat,</span> <span class='ocrx_word' id='word_1_470' title='bbox 1068 2828 1144 2849; x_wconf 85' lang='lat' dir='ltr'>nam</span> <span class='ocrx_word' id='word_1_471' title='bbox 1161 2817 1317 2848; x_wconf 79' lang='lat' dir='ltr'>sacellum</span> <span class='ocrx_word' id='word_1_472' title='bbox 1332 2824 1382 2847; x_wconf 81' lang='lat' dir='ltr'>est</span> <span class='ocrx_word' id='word_1_473' title='bbox 1396 2822 1502 2846; x_wconf 79' lang='lat' dir='ltr'>statu—</span> 
     </span>
    </p>
   </div>
   <div class='ocr_carea' id='block_1_4' title="bbox 687 2868 814 2910">
    <p class='ocr_par' dir='ltr' id='par_1_12' title="bbox 687 2868 814 2910">
     <span class='ocr_line' id='line_1_51' title="bbox 687 2868 814 2910; baseline 0 -8"><span class='ocrx_word' id='word_1_474' title='bbox 687 2868 814 2910; x_wconf 70' lang='lat'>302</span> 
     </span>
    </p>
   </div>
  </div>
 </body>
</html>
