1812 3147
455 94 584 134 POST
609 94 861 134 REDrrUM
885 94 946 133 IN
971 93 1192 134 SENATU.
1465 96 1544 137 827

161 199 242 237 dem
259 198 352 236 nihil
378 199 421 234 de
439 211 507 235 sua
522 199 753 248 fortitudine
779 201 818 235 in
846 198 1071 248 defendenda
1097 199 1214 234 salute
1240 198 1445 245 reipublicae
1473 198 1540 235 hoc

161 256 238 288 tam
252 252 358 299 gravi
375 263 458 286 casu
476 252 696 287 deminutum
715 262 799 294 esse,
819 251 1006 301 confirmat
1018 262 1088 298 pro
1108 251 1229 286 Domo
1247 262 1323 285 sua.

111 312 209 390 SI,
234 337 382 379 Patres
403 339 651 396 conscripti,
671 353 748 395 pro
769 339 920 380 vestris
942 338 1255 380 immortalibus
1278 338 1321 378 in
1344 353 1426 390 me,
1449 339 1532 381 fra·
1550 340 1576 387 1

109 404 300 450 tremque
320 409 478 447 meum,
499 396 740 451 liberosque
760 406 929 437 nostros
954 396 1115 437 meritis
1142 410 1289 451 parum
1316 397 1437 436 vobis
1459 412 1532 437 cu-
1549 411 1566 444 ι

107 452 266 493 mulate
310 453 468 508 gratias
507 467 664 510 egero·
655 487 665 504 ,
715 468 878 508 quae30,
910 453 1201 508 obtestorque,
1232 466 1286 493 ne
1318 466 1423 493 meae
1458 468 1533 494 na-

108 517 215 550 turae
240 511 396 565 potiuS,
418 524 546 565 quam
571 510 857 567 magnitudini
885 519 1122 551 vestrorum
1146 509 1466 559 beneficiorum,
1490 511 1532 550 id

44 596 45 599 η
104 565 379 607 tribuendum
430 568 602 623 putetis.
665 568 776 614 Quae
822 567 936 608 enim
986 575 1106 608 tanta
1148 576 1292 622 potest
1319 567 1533 607 lexistere

103 623 304 664 ubertas
295 626 454 679 ingenii
461 639 585 679 ,quae
610 633 728 665 tanta
747 624 915 665 dicendi
938 625 1077 681 copia,
1097 623 1211 687 quod
1232 633 1319 663 tam
1337 622 1534 665 divinum

103 688 232 736 atque
256 681 504 722 incredibile
527 695 663 738 genus
685 681 906 732 orationis,
927 696 1012 737 quo
1045 695 1270 736 quisquam
1296 680 1432 736 possit
1461 695 1533 721 vc-

103 747 190 778 stra
235 738 278 778 in
327 752 404 778 nos
452 739 649 779 universa
697 739 941 794 promerita,
982 753 1069 779 non
1118 738 1258 779 dicam
1301 737 1531 792 complecti

101 795 277 859 orandO,
301 795 370 836 sed
393 810 639 850 percensere
663 796 952 837 numerando.
947 797 958 825 Ρ
989 795 1062 851 qui
1084 795 1190 836 mihi
1213 794 1389 835 fratrem
1408 804 1532 850 opta-

102 851 329 902 tissimum,
360 867 429 893 me
459 852 578 894 fratri
616 853 924 903 amantissimo,
957 852 1099 893 liberis
1131 852 1288 893 nostris
1321 862 1531 907 parentes,

99 910 224 951 nobis
248 909 432 952 libei·:os
465 910 536 965 qui
569 909 840 966 dignitatem,
873 910 944 965 qui
979 910 1186 961 ordinem,
1216 910 1287 964 qui
1321 909 1529 960 fortunas,

96 966 170 1022 qui
195 967 501 1023 amplissimam
529 967 851 1031 rempublicam,
875 982 946 1022 qui
974 967 1171 1031 patriam,
1195 981 1278 1021 qua
1301 966 1409 1007 nihil
1431 976 1529 1022 pot-

100 1034 164 1066 est
194 1038 284 1065 esse
308 1024 653 1080 ι11101111(11115,(]111
678 1025 860 1088 denique
884 1025 1169 1080 nosmetipsos
1193 1024 1316 1064 nobis
1341 1025 1527 1065 16(1(11(1”1-

99 1082 190 1123 stis.
250 1081 416 1127 Quodsi
440 1092 636 1146 palentcs
655 1082 895 1122 0·11155111105
918 1082 1074 1122 habere
1092 1082 1310 1131 debemus,
1334 1081 1448 1136 quod
1470 1082 1562 1135 ·1bc3

97 1138 149 1180 iis
172 1139 295 1181 nobis
328 1139 429 1188 vita,
452 1139 774 1194 patrimonium,
797 1139 983 1190 libertas,
1006 1139 1157 1179 civitas
1190 1138 1347 1178 tradita
1373 1149 1458 1190 est3
1491 1139 1525 1179 si

96 1196 198 1237 deos
223 1196 498 1246 immortales,
521 1211 701 1251 quorum
726 1196 935 1237 beneficio
961 1207 1003 1237 et
1024 1197 1119 1237 haec
1144 1195 1372 1245 tenuimus,
1394 1205 1437 1236 et
1458 1210 1527 1236 ce-

98 1254 199 1295 teris
221 1254 345 1294 rebus
373 1254 488 1294 aucti
512 1268 683 1305 sumus,
716 1254 748 1294 si
773 1253 979 1309 populum
1014 1253 1275 1303 Romanum,
1298 1253 1420 1307 cujus
1450 1253 1529 1294 ho-

95 1311 272 1352 noribus
295 1312 338 1351 in
364 1311 628 1366 amplissimo
650 1311 845 1361 consilio,
869 1320 911 1351 et
931 1312 972 1351 in
997 1311 1203 1351 altissimo
1228 1310 1361 1365 gradu
1386 1310 1529 1366 digni-

97 1369 212 1420 tatis,
234 1377 362 1423 atque
383 1369 424 1409 in
454 1368 534 1409 hac
556 1368 749 1408 omnium
777 1377 980 1409 terrarum
1014 1382 1109 1408 arce
1130 1367 1327 1408 collocati
1353 1382 1496 1409 sumus
1515 1386 1526 1420 ;

96 1426 131 1467 si
154 1426 269 1467 hunc
300 1426 438 1481 ipsum
463 1426 669 1476 ordinem,
693 1440 717 1465 a
740 1440 825 1481 quo
849 1440 962 1480 saepe
993 1424 1431 1480 magnificentissimis
1453 1425 1525 1465 de-

97 1483 223 1525 cretis
253 1497 397 1523 sumus
427 1482 665 1523 honestati:
699 1483 954 1523 immensum
991 1481 1194 1537 quiddam
1229 1491 1272 1522 et
1306 1481 1525 1523 infinitum

96 1550 174 1592 est,
197 1540 343 1595 2quod
365 1540 486 1580 vobis
506 1539 724 1590 debemus,
747 1540 820 1594 qui
845 1549 984 1580 vestro
1009 1539 1213 1595 singulari
1233 1539 1374 1579 studio
1396 1549 1526 1594 atque

93 1612 317 1648 consensu,
352 1607 577 1652 parentum
614 1596 836 1647 beneficia,
866 1597 1046 1638 demum
1084 1596 1391 1637 immortalium
1431 1612 1526 1637 mu-

90 1668 207 1705 nera,
227 1653 373 1710 populi
400 1653 586 1695 Romani
609 1653 850 1704 h0no1·es‚3
871 1664 1008 1694 vestra
1029 1654 1081 1694 de
1102 1669 1170 1694 me
1192 1653 1568 1709 multajudiciaffi,

90 1712 216 1754 nobis
235 1726 380 1752 omnia
403 1725 486 1752 uno
510 1721 701 1767 tempore
724 1711 993 1752 reddidistis:
1023 1722 1084 1762 ut,
1108 1725 1205 1751 cum
1228 1710 1364 1751 multa
1386 1712 1524 1762 vobis,

91 1784 250 1825 magna
280 1768 439 1824 populo
473 1768 688 1819 Romano,
722 1768 1049 1809 innumeiabilia
1080 1768 1344 1824 parentibus,
1378 1769 1526 1809 omnia.

90 1803 190 1867 diist)
199 1825 510 1867 immortalibus
533 1825 818 1878 4debeamus3
850 1825 945 1867 haec
969 1835 1095 1866 antea
1126 1825 1294 1881 singula
1323 1839 1398 1881 per
1429 1825 1521 1866 illos

88 1882 394 1934 habuerimus3
427 1897 539 1923 nunc
563 1883 759 1924 universa
781 1897 855 1938 per
878 1898 952 1923 vos
974 1897 1204 1938 ercupelax
1208 1883 1380 1924 erimus.
1434 1881 1564 1928 Ita·
1535 1883 1566 1914 O

88 1955 188 1996 que,
217 1950 357 1997 patres
384 1940 633 1996 conscripti,
655 1941 770 1996 quod
797 1955 849 1980 ne
878 1940 1115 1996 optandum
1146 1940 1322 1995 quidem
1349 1948 1414 1980 est
1443 1939 1556 1987 ho-3.

69 1998 210 2049 .mini‚
251 1998 617 2039 immoitalitatem
653 1997 867 2053 quandam
905 2012 980 2053 pei
1018 2012 1093 2037 105
1133 1997 1277 2053 adepti
1313 1997 1520 2038 videmur.

90 2054 220 2102 Quod
245 2055 357 2095 enim
382 2063 550 2110 tempus
571 2054 652 2095 erit
674 2069 892 2110 umquam,
915 2069 1000 2118 quo
1023 2063 1263 2095 vestr-mum
1286 2054 1330 2095 in
1349 2069 1425 2095 nos
1449 2055 1523 2095 be-

87 2111 341 2154 neficiorum
372 2126 579 2153 memoria
609 2126 658 2152 ac
682 2111 796 2153 fama
825 2111 1152 2166 m01iatu13qui
1184 2111 1256 2152 illo
1288 2111 1382 2167 ipso
1414 2121 1523 2152 tem-

88 2176 206 2226 pore,
243 2184 342 2212 cum
379 2170 436 2220 xi,
468 2169 595 2219 ferro,
619 2179 753 2221 metu,
784 2169 912 2209 minis
948 2169 1111 2210 obsessi
1143 2169 1410 2220 teneremini,
1435 2184 1523 2211 non

86 2226 223 2268 multo
250 2236 349 2283 post
378 2227 614 2268 discessum
644 2241 802 2277 meum,
825 2226 928 2267 univ
931 2226 1011 2267 ersi
1043 2241 1111 2266 me
1141 2227 1434 2277 revocavistis,
1457 2241 1521 2267 re-

85 2282 248 2325 ferente
273 2284 320 2325 L.
346 2284 526 2334 Ninnio,
545 2283 781 2325 fortissimo
803 2293 933 2348 atque
955 2283 1122 2339 optimo
1147 2283 1262 2325 viro?
1294 2298 1422 2348 quem
1445 2283 1521 2324 ha-

87 2341 183 2382 buit
215 2340 285 2382 ille
317 2340 493 2397 pestifer
519 2355 653 2382 annus
687 2350 730 2381 et
759 2342 948 2381 maxime
984 2340 1166 2391 fidelem,
1189 2350 1232 2381 et
1257 2341 1436 2381 minime
1466 2342 1521 2381 ti-

86 2398 264 2451 midum,
296 2400 330 2439 si
368 2398 572 2440 dimicare
613 2398 858 2455 placuisset,
890 2397 1159 2439 defensorem
1198 2397 1346 2439 salutis
1383 2413 1518 2439 meae:

127 2561 142 2590 l
165 2559 300 2590 existere
327 2560 460 2591 ubertas
483 2560 568 2600 ing]
599 2559 779 2599 Eleganter
861 2563 880 2592 3
902 2565 1012 2592 vestra
1027 2561 1125 2591 deme
1140 2562 1247 2590 multa
1253 2558 1401 2599 judicia]
1426 2557 1518 2588 Mut-

82 2602 228 2638 ez-istere,
241 2612 301 2642 pro
317 2604 406 2639 oriri,
421 2603 512 2633 velut
527 2603 566 2633 de
578 2604 714 2633 flumine
730 2603 778 2632 lo-
820 2607 856 2633 ta
878 2608 1029 2634 accurate
1058 2602 1230 2644 respondet
1254 2602 1350 2632 verbo
1373 2609 1453 2640 soepe
1481 2601 1516 2630 in

83 2648 258 2682 queretur:
281 2644 377 2684 idque
389 2646 595 2685 aptissimum
610 2645 773 2675 ubertati:
819 2646 1052 2685 superioribus.

82 2693 124 2715 11?-
138 2686 209 2724 quis
224 2691 316 2726 putet
331 2697 389 2728 pro
403 2697 467 2718 esse
480 2688 555 2718 dici.
861 2690 882 2718 4
904 2688 1095 2719 debeamus;
1119 2687 1185 2716 Iioec
1197 2684 1310 2724 antea]
1337 2684 1388 2714 Sic
1403 2683 1486 2714 edidi
1497 2694 1516 2713 e

124 2729 144 2756 2
165 2728 249 2766 quod
260 2730 345 2759 vobis
361 2729 524 2769 debemus]
550 2730 603 2760 Sic
618 2733 706 2760 recte
717 2728 776 2760 ha·
818 2729 899 2760 Mss.
914 2730 1015 2760 etiam
1039 2727 1146 2759 Guelf.
1163 2733 1196 2758 et
1219 2727 1291 2758 edd.
1319 2726 1431 2766 primis
1446 2736 1516 2756 om-

81 2767 258 2851 ilfflgzgqllis.
276 2771 391 2803 Franc.
414 2771 522 2812 Vulgo
537 2772 719 2809 debeamus,
735 2776 776 2802 ut
817 2772 924 2803 uibus.
967 2771 1089 2811 Vulgo,
1105 2771 1287 2807 debeamus,
1301 2768 1386 2810 quod
1395 2769 1427 2799 Ιι.
1442 2777 1473 2798 α.
