1769 3174
551 109 669 148 PRO
698 108 755 147 M.
782 108 993 147 COELIO.
1393 113 1493 154 1001

56 225 171 257 nunc
192 214 247 256 ab
269 227 358 256 sese
380 213 627 255 inimicitias
649 213 880 267 odiumque
900 210 1134 268 propulset.
1176 211 1320 268 Atque
1341 222 1390 255 ut
1411 215 1555 263 iste76

51 272 330 328 interpositus
362 282 499 313 sermo
521 271 768 312 deliciarum
799 270 1060 324 ‹lesidiaeque
1081 280 1329 321 moreretur,
1351 271 1490 324 (fecit,

51 342 126 370 :me
162 328 404 369 mehercule
440 328 591 379 invito,
628 337 670 368 et
703 325 887 367 multum·
918 335 1199 382 repugnante,
1236 327 1307 366 sed
1348 337 1490 370 tamen

56 385 194 437 fecit,)
217 400 370 426 nomen
400 389 436 416 ¹⁰
449 385 574 426 amici
599 385 682 424 mei
714 383 766 424 de
796 383 962 424 ambitu
992 382 1175 424 detulit:
1208 397 1335 438 quem
1366 386 1491 426 abso·

55 441 194 483 lutum
217 443 469 498 insequitur,
492 450 684 482 revocat:
710 441 867 481 nemini
893 440 1087 481 nostrum
1110 440 1402 495 obtemperat:
1427 452 1493 483 est

52 499 299 550 violentior,
321 514 448 554 quam
471 498 636 539 vellem.
697 497 780 538 Sed
803 511 884 553 ego
907 511 994 538 non
1021 496 1173 553 loquor
1193 497 1245 538 de
1268 497 1492 553 sapientia,

51 570 152 612 quae
173 570 261 597 non
283 557 398 597 cadit
420 556 462 596 in
487 556 595 597 hanc
619 564 813 596 aetatem:
843 555 895 595 de
917 555 1081 610 impetu
1103 555 1232 595 animi
1258 554 1423 609 loquor,
1440 556 1492 596 de

56 613 297 669 cupiditate
321 613 531 664 vincendi,
554 613 607 653 de
629 613 776 653 ardore
798 612 954 652 mentis
976 612 1029 652 ad
1051 611 1231 668 gloriam
1250 627 1259 653 ε
1285 626 1380 666 quae
1405 621 1493 652 stu-

58 670 130 711 dia
150 670 195 711 in
224 671 286 710 his
311 671 405 726 jam
428 671 628 711 aetatibus
652 669 807 710 nostris
830 669 1119 710 contractiora
1140 683 1231 709 esse
1253 668 1426 720 debent,
1449 669 1493 709 in

57 726 345 768 adolescentia
367 741 481 778 vero,
505 737 723 781 tamquam
752 727 794 766 in
826 726 985 776 herbis,
1007 725 1268 781 significant,
1289 740 1387 780 quae
1411 726 1494 767 vir-

55 784 162 824 tutis
196 785 433 835 maturitas,
466 793 509 824 et
542 792 713 839 quantae
753 782 897 839 fruges
934 783 1155 837 industriae
1197 782 1283 822 sint
1320 782 1495 825 futuras.

59 839 232 882 Etenim
257 855 422 897 semper
444 854 601 896 magno
623 840 798 896 ingenio
827 840 1116 881 adolescentes
1147 839 1387 880 refrenandi
1418 855 1497 896 po-

57 898 143 938 tius
165 913 190 938 a
212 898 360 954 gloria,
377 912 504 952 quam
528 897 734 938 incitandi
757 896 951 939 fuerunt:
975 897 1237 953 amputanda
1258 896 1379 952 plura
1397 907 1498 939 sunt

59 954 118 995 illi
144 956 277 1002 aetati,
301 954 508 1010 siquidem
541 954 770 995 efflorescit
801 955 960 1010 ingenii
993 954 1204 1005 laudibus,
1225 969 1354 1009 quam
1385 955 1496 996 inse-

57 1011 202 1053 renda.
265 1012 424 1062 Quare,
453 1012 486 1052 si
518 1013 587 1052 cui
618 1012 799 1052 nimium
830 1011 1046 1052 effervisse
1069 1011 1236 1052 videtur
1265 1011 1408 1066 hujus,
1430 1012 1553 1055 vel7'7

59 1068 104 1111 in
143 1068 438 1124 suscipiendis,
474 1068 536 1109 vel
571 1069 614 1109 in
653 1068 850 1124 gerendis
883 1068 1136 1119 inimicitiis,
1170 1069 1248 1119 vis,
1279 1068 1496 1121 ferocitas,

60 1126 322 1182 pertinacia3
355 1129 389 1156 ¹1
406 1126 439 1166 si
463 1139 588 1180 quem
612 1128 742 1166 etiam
763 1126 978 1166 minorum
1000 1125 1155 1166 horum
1179 1125 1338 1181 aliquid
1360 1126 1498 1168 offen-

58 1183 146 1233 dit;
183 1185 218 1212 ¹²
233 1183 266 1223 si
291 1197 489 1239 purpurae
511 1198 661 1238 genus,
685 1183 718 1223 si
743 1183 978 1224 amicorum
1001 1191 1199 1233 catervae,
1223 1184 1256 1224 si
1282 1182 1499 1238 splendor,

61 1240 95 1280 si
119 1239 257 1281 nitor:
283 1242 375 1295 jam
399 1240 480 1280 ista
508 1239 781 1292 deferverint,
804 1240 899 1295 jam
929 1249 1033 1284 aetas
1063 1241 1223 1293 omnia,
1248 1240 1384 1296 lssjam
1414 1242 1497 1283 ista

60 1296 150 1337 dies
172 1297 397 1353 mitigarit.

117 1353 381 1395 Conservate
419 1355 552 1411 igitur
583 1355 848 1411 reipublicae,
880 1355 1066 1411 judiees,
1104 1357 1244 1398 civem
1282 1357 1574 1405 bonarum32

59 1411 233 1461 artium,
275 1412 482 1452 bonarum
521 1413 721 1467 partium,
762 1413 971 1453 bonorum
1013 1413 1217 1455 virorum.
1279 1414 1493 1456 Promitto
1505 1435 1538 1465 p.
1555 1428 1606 1456 54.

60 1466 147 1509 hoc
171 1468 309 1520 vobis,
330 1478 374 1508 et
404 1469 650 1525 reipublieae
683 1470 887 1526 spondeo,
912 1471 946 1510 si
974 1471 1106 1511 modo
1137 1486 1215 1512 nos
1246 1472 1327 1528 ipsi
1352 1472 1536 1527 reipu-a·

61 1524 186 1566 blicae
211 1525 508 1577 satisfecimus,
529 1541 764 1582 numquam
795 1527 909 1568 hunc
931 1543 956 1568 a
977 1529 1132 1568 nostris
1163 1530 1401 1570 rationibus
1433 1544 1498 1570 se-

56 1581 261 1638 junctum
294 1583 399 1623 sore.
432 1584 547 1638 quod
586 1598 683 1624 cum
720 1584 852 1625 fretus
891 1594 1037 1625 nostra
1074 1584 1363 1627 familiaritate
1398 1601 1498 1642 pro-

63 1639 206 1691 mitto,
231 1648 320 1680 tum
352 1641 468 1695 quod
499 1640 734 1681 durissimis
766 1656 809 1682 se
840 1642 931 1697 ipse
960 1641 1128 1697 legibus
1153 1642 1245 1697 jam
1278 1643 1495 1699 obligarit.

63 1695 216 1751 Neque
237 1697 351 1737 enim
384 1707 539 1753 potest,
560 1698 632 1753 qui
664 1697 882 1739 hominem
913 1699 1193 1750 consularem,
1216 1701 1329 1755 quod
1361 1702 1415 1741 ab
1445 1715 1559 1755 eoqs

62 1754 368 1809 rempublicam
411 1755 614 1795 violatam
651 1755 826 1806 diceret,
866 1756 908 1796 in
944 1756 1160 1811 judicium
1197 1759 1374 1807 vocarit,
1406 1759 1499 1814 ipse

60 1823 153 1850 esse
185 1810 230 1851 in
263 1811 483 1867 republica
514 1812 620 1853 civis
655 1812 949 1854 turbulentus:
984 1828 1068 1853 non
1109 1824 1264 1869 potest,
1297 1816 1370 1870 qui
1409 1830 1500 1856 am-

60 1866 158 1907 bitu
180 1882 234 1908 ne
255 1867 499 1909 absolutum
525 1869 697 1924 quidem
721 1870 882 1925 patitur
904 1884 994 1910 esse
1025 1871 1283 1922 absolutum,
1306 1872 1397 1927 ipse
1421 1873 1517 1924 im--n

63 1938 179 1980 pune
201 1939 403 1980 umquam
422 1940 513 1967 esse
534 1926 727 1981 largitor.
768 1926 917 1968 Habet
938 1943 962 1968 a
985 1926 1052 1967 M.
1078 1927 1222 1968 Coelio
1245 1929 1500 1984 respublica,

57 1981 245 2037 judices,
281 1983 384 2023 duas
421 1985 730 2034 accusationes,
760 1984 827 2024 vel
863 1984 1082 2025 l⁴obsides
1116 1985 1308 2040 periculi,
1336 1985 1403 2030 vel
1435 1987 1500 2043 pi-

64 2051 201 2093 gnora
228 2038 476 2080 voluntatis.
538 2040 683 2086 Quare
713 2055 803 2091 oro,
830 2041 1108 2096 obtestorque
1131 2056 1220 2093 vos,
1244 2042 1430 2098 judices,
1452 2054 1501 2086 ut

63 2109 149 2150 qua
170 2095 214 2136 in
237 2096 413 2137 civitate
436 2097 583 2152 paucis
605 2097 671 2137 his
694 2097 843 2138 diebus
867 2098 968 2139 Sex.
987 2097 1164 2139 Clodius
1187 2099 1407 2141 absolutus
1430 2101 1499 2152 sit,

63 2166 192 2207 quem
215 2167 289 2193 vos
321 2168 396 2209 per
426 2153 649 2195 biennium
679 2164 753 2195 aut
783 2155 1026 2196 ministrum
1058 2156 1295 2208 seditionis,
1318 2166 1393 2199 aut
1422 2159 1501 2199 du-

63 2223 165 2253 cem·
180 2209 361 2263 vidistis,
378 2211 451 2267 qui
476 2211 588 2253 aedes
611 2226 765 2263 sacras,
784 2212 858 2268 qui
883 2214 919 2243 15
933 2215 1107 2253 censum
1125 2214 1274 2270 populi
1299 2214 1500 2268 Romani,

107 2325 145 2353 10
167 2323 266 2354 amici
287 2324 363 2365 mei]
387 2324 548 2362 Atratini,
563 2323 601 2355 de
623 2334 687 2365 quo
709 2335 763 2356 su·
795 2323 876 2365 jam
898 2326 964 2356 dies
987 2326 1164 2365 mitigarit.
1207 2326 1327 2358 Omisit
1343 2327 1423 2368 jam
1449 2339 1503 2360 res

64 2374 136 2405 pra.
805 2367 930 2407 primus
943 2367 1062 2409 etjam
1076 2371 1139 2400 ista
1155 2370 1220 2400 dies
1234 2370 1323 2401 dedit
1337 2371 1372 2400 P.
1389 2371 1502 2402 Victo-

109 2409 143 2436 ll
167 2407 303 2447 siquem
325 2418 352 2438 e.
368 2409 532 2440 minorum
555 2408 684 2448 horum]
710 2408 763 2438 Sic
806 2410 884 2440 rius,

62 2447 134 2479 edd.
152 2459 200 2489 pr.
218 2456 316 2481 recte.
358 2450 398 2481 In
414 2451 463 2481 ed.
477 2451 603 2481 Victor.
619 2451 763 2490 primum
851 2455 889 2483 14
903 2452 1021 2483 obsides
1026 2452 1182 2493 periculi]
1199 2453 1318 2484 Sivera
1328 2460 1377 2485 est
1390 2455 1502 2494 lectio,

64 2492 170 2531 reperi
199 2492 369 2532 vulgatum
399 2494 611 2523 minimorum
637 2494 764 2523 horum.

62 2531 150 2563 forte
171 2534 253 2564 vitio
277 2544 449 2574 operarum
475 2535 540 2564 sive
562 2535 765 2565 correctoris.

63 2576 205 2605 minores
231 2581 310 2606 sunt
336 2577 487 2607 homines
513 2577 552 2607 de
577 2576 685 2618 plebe,
709 2577 766 2616 qui

63 2617 322 2648 circumstabant
332 2618 509 2658 judicium.

110 2661 148 2688 12
169 2660 197 2689 si
213 2669 375 2700 purpurae
395 2661 514 2700 genus]
539 2660 668 2701 Nempe
691 2665 764 2690 ute-

62 2699 161 2730 batur
187 2711 330 2740 purpura
354 2712 421 2732 non
445 2703 502 2732 illa
524 2702 616 2732 fusca
639 2708 672 2732 et
695 2703 765 2743 ple-

61 2740 146 2778 beia,
162 2747 201 2772 ut
224 2743 338 2773 Cicero
361 2744 437 2774 alibi
452 2744 544 2780 dicit,
560 2745 649 2774 Sext.
665 2748 694 2775 8.
709 2745 764 2775 sed

61 2783 175 2822 Tyria,
190 2785 387 2825 pretiosiori,
404 2797 468 2825 qua
484 2786 609 2816 nobiles
629 2791 662 2816 et
685 2786 765 2816 divi-

61 2830 124 2855 teS.

108 2868 145 2898 13
160 2865 239 2908 jam
258 2868 324 2900 ista
347 2869 425 2909 dsses]
451 2869 534 2901 Eud.
551 2868 689 2910 pr.jam
702 2880 766 2906 res,

806 2503 918 2524 sensus
955 2501 1028 2526 est:
1067 2496 1276 2526 securitatem
1316 2498 1503 2537 reipublicae

807 2542 981 2576 praestant‚
1011 2547 1179 2577 nunquam
1211 2537 1351 2568 Coelium
1380 2539 1503 2578 aliquid

808 2587 977 2616 ausurum,
1006 2580 1092 2619 quod
1120 2581 1149 2610 ei
1177 2580 1360 2620 periculum
1387 2582 1502 2612 afferre

807 2621 921 2660 possit.
965 2621 1077 2652 Simile
1091 2621 1173 2652 illud
1187 2622 1338 2661 Nepotis,
1356 2622 1454 2653 Phoc.
1471 2627 1503 2654 2.

807 2662 957 2701 Negavit
971 2673 1036 2694 esse
1046 2665 1245 2704 periculum,
1260 2673 1353 2704 seque
1366 2664 1437 2705 ejjus
1455 2666 1503 2695 rei

806 2704 943 2735 obsidem
948 2704 1040 2745 fore.

851 2749 888 2777 15
911 2756 1041 2778 censum
1052 2748 1165 2787 populi
1180 2746 1238 2785 R]
1262 2746 1406 2778 Tabulas
1428 2757 1504 2779 cen.-

807 2789 920 2825 serias,
939 2789 1072 2819 incenso
1094 2789 1271 2825 tabulario,
1286 2799 1350 2829 quo
1372 2795 1407 2820 et
1428 2800 1505 2821 mox

809 2831 965 2861 memoria
974 2833 1108 2871 publica
1123 2831 1276 2871 pertinet.
