1769 3174
222 108 325 146 1066
817 107 1061 148 ORATIO

220 222 301 249 nec
323 222 422 249 vero
453 207 614 265 aliquid
644 210 871 266 ejusmodi,
893 216 1008 269 quod
1039 215 1094 256 sit
1117 215 1174 255 6a
1202 214 1298 271 lege
1328 214 1584 271 sejunctum,
1606 222 1654 256 et
1679 236 1682 240 ·

222 280 322 305 cum
345 275 482 306 vestra
503 269 726 309 severitate
747 270 1043 324 conjunctum.
1065 271 1187 327 cujus
1210 274 1348 328 prima
1372 282 1475 314 aetas
1505 273 1652 314 dedita

224 321 460 377 disciplinis
494 323 589 375 fuit,
621 325 756 380 iisque
786 328 962 378 artibus,
994 329 1149 384 quibus
1177 329 1424 370 instruimur
1453 330 1505 370 ad
1538 330 1652 370 hunc

222 392 347 419 usum
381 380 606 432 forensem,
639 383 691 423 ad
731 386 1032 438 capessendam
1070 385 1390 441 rempublicam,
1426 388 1477 428 ad
1514 386 1652 426 liono-

223 448 326 486 rem,
358 437 553 490 gloriam,
583 439 862 493 dignitatem:
887 441 966 481 7iis
997 452 1139 482 autem
1171 442 1254 482 fuit
1284 443 1484 484 amicitiis
1515 442 1653 496 majo-

223 505 317 533 rum
341 504 456 543 natu,
478 510 659 549 quorum
684 496 839 537 imitari
867 497 1116 539 industriam
1144 500 1538 554 continentiamque
1563 513 1654 540 ma-

158 554 210 592 73
225 549 339 590 xime
364 551 499 600 vellet,
524 552 574 591 iis
599 552 826 606 aequalium
860 555 1024 604 studiis,
1047 564 1095 595 ut
1123 556 1319 605 eundem,
1341 570 1465 610 quem
1497 555 1652 611 optimi

221 621 271 647 ac
305 608 573 657 nobilissimi,
602 618 744 663 petere
777 624 946 651 cursum
979 611 1112 651 laudis
1145 613 1371 652 videretur.
1433 612 1545 653 Cum
1577 627 1650 658 au,-

220 672 306 703 tem
331 664 517 718 paullum
542 665 633 719 jain
660 667 823 706 roboris
846 669 1090 708 accessisset
1113 669 1245 719 aetati,
1270 670 1310 709 in
1335 668 1526 710 Africam
1551 683 1649 723 pro-

220 720 356 761 fectus
378 730 455 770 est,
480 721 535 767 Q.
559 721 766 777 Pompeio
792 724 1030 777 proconsuli
1055 725 1387 776 contubernalis,
1409 726 1650 766 castissimo

219 778 312 818 viro
345 788 472 831 atque
506 779 643 819 omnis
676 779 806 819 officii
839 780 1193 836 diligentissimo:
1228 783 1268 822 in
1303 798 1388 837 qua
1427 782 1651 838 provincia

220 849 317 875 cum
353 849 415 874 res
449 845 568 875 crant
601 846 643 875 et
678 837 961 891 possessiones
997 847 1200 894 paternae,
1235 849 1325 879 tum
1359 840 1488 880 etiam
1519 843 1652 879 gusus

221 891 395 945 quidam
429 892 714 947 provinciali&
740 908 821 933 non
849 894 938 934 sine
960 910 1087 936 causa
1108 911 1132 936 a
1154 896 1387 950 majoribus
1411 896 1510 936 huic
1533 896 1651 936 aetati

220 948 420 988 tributus.
452 949 646 989 discessit
676 950 792 990 illinc
826 950 1021 1006 Pompeii
1045 953 1212 1007 judicio
1243 953 1580 1008 probatissimuS,
1605 961 1651 993 ut

219 1004 351 1059 ipsius
385 1006 629 1046 testimonio
660 1009 944 1062 cognoscetis.
1006 1009 1154 1050 Voluit
1176 1020 1315 1051 vetcrc
1344 1011 1557 1059 instituto,
1579 1023 1651 1050 eo-

220 1076 314 1101 rum
337 1062 669 1103 adolescentium
691 1064 904 1120 exemplo,
921 1066 993 1120 qui
1019 1076 1115 1121 post
1136 1067 1178 1106 in
1201 1067 1374 1108 civitate
1397 1067 1551 1107 summi
1573 1066 1650 1107 viri

221 1127 266 1158 et
294 1117 516 1160 clarissimi
549 1120 663 1161 cives
695 1122 966 1173 exstiterunt,
1000 1123 1250 1164 industriam
1284 1139 1402 1165 suam
1434 1139 1459 1165 a
1493 1123 1651 1179 populo

141 1173 208 1222 31
227 1174 424 1216 Romano
458 1192 511 1216 ex
545 1177 687 1232 aliqua
722 1178 872 1219 illustri
906 1181 1177 1221 accusatione
1209 1182 1428 1237 cognosci.
1490 1180 1653 1221 Vellem

161 1246 212 1284 74
225 1232 308 1273 alio
332 1233 473 1288 potius
495 1248 591 1275 eum
614 1235 826 1290 cupiditas
850 1236 998 1291 gloriae
1021 1237 1264 1279 detulisset:
1297 1239 1367 1278 sed
1391 1238 1497 1278 abiit
1524 1237 1652 1291 hujus

224 1299 392 1345 tempus
415 1292 611 1345 qucrclae.
654 1292 888 1333 Accusavit
911 1294 963 1334 C.
981 1293 1232 1344 Antonium,
1255 1296 1461 1350 collegam
1485 1309 1623 1335 meum
1643 1310 1652 1334 τ

222 1348 290 1387 cui
332 1348 485 1388 misero
516 1349 744 1404 Spraeclari
785 1350 827 1390 in
868 1351 1177 1406 rempublicam
1215 1352 1410 1393 beneficii
1449 1351 1655 1392 memoria

221 1403 329 1443 nihil
352 1405 528 1460 profuit,
546 1406 694 1447 nocuit
717 1407 864 1462 opinio
888 1408 1085 1449 maleficii
1105 1409 1301 1464 cogitati.
1326 1419 1472 1464 postea
1495 1408 1652 1448 nemini

222 1462 434 1502 concessit
458 1463 700 1517 aequaliuin,
727 1464 816 1519 plus
840 1474 886 1505 ut
907 1466 949 1506 in
974 1465 1082 1516 foro,
1107 1465 1197 1521 plus
1220 1476 1266 1507 ut
1289 1467 1330 1506 in
1355 1465 1539 1522 negotiis
1562 1479 1654 1505 ver-

222 1527 399 1569 saretur,
435 1520 658 1574 causisque
696 1522 946 1572 amicorum,
985 1523 1078 1578 plus
1123 1535 1169 1563 ut
1209 1523 1364 1564 valeret
1406 1524 1514 1564 inter
1556 1536 1653 1562 suos

223 1576 375 1629 gratia.
407 1590 502 1630 quae
535 1577 614 1618 uisi
649 1577 874 1632 vigilantes
906 1579 1114 1631 homines,
1140 1580 1219 1620 nisi
1252 1580 1396 1629 sobrii,
1418 1579 1498 1620 nisi
1532 1579 1654 1619 indu-

223 1632 331 1682 strii,
352 1634 555 1688 consequi
587 1649 672 1674 non
705 1646 896 1690 possunt,
919 1637 1063 1677 omnia
1094 1637 1237 1678 labore
1267 1647 1309 1678 ct
1339 1637 1564 1692 diligentia
1591 1645 1655 1675 cst

161 1716 212 1755 75
225 1698 493 1731 consecutus.
527 1690 577 1730 In
596 1691 679 1732 hoc
702 1693 815 1733 flexu
836 1695 955 1747 quasi
976 1694 1114 1735 aetatis
1133 1694 1258 1746 (nihil
1278 1694 1390 1734 enim
1413 1693 1655 1742 occultabo,

180 1764 212 1796 b,
227 1745 357 1787 fretus
397 1746 663 1789 humanitate
695 1764 743 1789 ac
782 1751 992 1805 sapientia
1023 1754 1195 1801 vestra,)
1227 1751 1338 1792 fama
1375 1749 1655 1791 adolescentis

223 1803 414 1859 paullum
437 1804 562 1845 haesit
583 1805 633 1846 ad
658 1817 792 1847 metas
815 1808 968 1848 notitia
989 1822 1101 1848 nova
1123 1809 1322 1858 mulieris,
1345 1817 1388 1848 et
1410 1807 1567 1848 infelici
1595 1806 1655 1846 vi-

221 1861 414 1913 cinitate,
436 1870 479 1901 et
510 1862 737 1904 insolentia
769 1864 1066 1920 voluptatum:
1098 1880 1194 1920 quae
1226 1880 1322 1906 cuin
1356 1865 1529 1905 iuclusae
1561 1863 1656 1904 diu-

221 1917 321 1968 tius,
340 1928 382 1958 et
400 1919 537 1974 prima
555 1928 682 1960 aetate
698 1935 953 1977 compressae
973 1932 1015 1962 et
1036 1923 1280 1963 constrictae
1304 1922 1490 1972 fuerunt,
1510 1920 1652 1962 subito

220 1989 265 2015 se
295 1990 615 2030 nonnumquam
649 1977 915 2033 profundunt
944 1988 1072 2033 atque
1102 1978 1283 2034 ejiciunt
1315 1979 1539 2019 univcrsae.
1570 1992 1655 2032 qua

221 2045 276 2072 ex
302 2032 401 2083 vita,
426 2032 489 2073 vel
518 2033 674 2084 dicam,
696 2050 780 2090 quo
813 2050 865 2076 ex
892 2050 1085 2076 sermone
1107 2042 1396 2091 (nequaquam
1417 2035 1532 2076 enim
1555 2043 1648 2075 tan-

220 2097 314 2128 tum
352 2099 455 2141 erat,
493 2100 700 2145 quantum
741 2092 934 2133 homines
972 2093 1273 2147 loquebantur)
1308 2107 1453 2133 verum
1492 2106 1545 2132 ex
1587 2105 1653 2142 eo,

221 2145 429 2200 quidquid
463 2156 567 2199 erat,
596 2149 781 2200 emersit,
816 2159 1039 2205 totumque
1072 2165 1114 2191 se
1149 2150 1276 2204 ejecit
1309 2159 1436 2204 atquc
1468 2147 1650 2189 extulit:

221 2211 475 2259 tantumque
497 2205 617 2246 abest
638 2206 692 2247 ab
714 2206 825 2248 illius
849 2206 1149 2248 familiaritatis
1171 2206 1361 2258 infamia,
1387 2216 1432 2246 ut
1460 2205 1653 2262 ejusdem

265 2344 285 2374 6
307 2353 329 2373 α
345 2345 413 2382 lege
427 2343 609 2386 sejunctum
626 2351 655 2377 et
670 2357 743 2377 eum
759 2357 790 2376 υ.
806 2357 830 2376 s.
845 2356 917 2377 con·
957 2348 1101 2383 eialium,
1116 2358 1179 2387 quo
1195 2355 1457 2387 praepararcntur
1471 2347 1510 2377 ad
1521 2346 1652 2387 provin-

212 2383 388 2425 junclum]
415 2387 625 2419 Scribendum
649 2396 721 2419 est:
746 2393 781 2418 a!
796 2399 869 2418 cum
888 2400 917 2419 v.
960 2391 1024 2419 vias
1054 2391 1135 2420 benc
1163 2390 1434 2419 administrandas
1460 2389 1553 2425 olim,
1579 2397 1671 2426 cum,

221 2437 248 2457 s.
264 2427 491 2469 conjunctum:
516 2431 536 2460 i.
552 2442 578 2460 e.
602 2431 687 2469 quod
709 2430 837 2469 quidem
863 2430 919 2461 illa
961 2437 1151 2470 quwstoreS,
1181 2431 1279 2470 legati
1318 2433 1375 2462 &a
1405 2433 1438 2461 in
1475 2430 1655 2470 provincias

222 2468 294 2508 lege
308 2469 346 2500 de
361 2471 391 2499 vi
408 2480 473 2500 non
490 2473 597 2511 puniri
613 2474 726 2512 possit,
737 2473 792 2502 sed
806 2479 918 2503 tamen

221 2512 266 2541 sit
281 2522 376 2552 poena
389 2512 536 2551 dignum.

264 2557 283 2587 7
306 2555 346 2584 iis
359 2560 469 2585 antem
480 2554 557 2594 fuit
571 2557 725 2585 amicitiis
747 2556 818 2595 δρα]
843 2556 919 2587 Fuit

221 2599 346 2626 temere
362 2598 535 2637 repetitum
553 2597 690 2628 videtur.
709 2608 784 2628 nam
800 2599 919 2637 pendet

221 2636 297 2674 hoc,
311 2643 349 2669 ut
370 2649 507 2678 sequens
528 2641 568 2669 iis
589 2649 645 2679 φη.
659 2641 787 2676 studiis,
804 2641 843 2670 ab
865 2652 918 2671 su-

221 2681 341 2718 periori
364 2681 420 2711 illo
443 2681 551 2711 dedita
562 2681 649 2720 sitit.
674 2692 748 2712 mox
769 2692 825 2722 pro
843 2685 918 2713 velit

221 2720 368 2753 dedimus
383 2725 486 2753 vellet.
509 2724 554 2753 sic
577 2724 611 2754 in
625 2729 780 2763 sequente
796 2725 917 2755 videre-

221 2767 289 2795 tur.

265 2808 283 2836 8
306 2815 384 2837 usus
400 2807 626 2847 provincialis]
653 2808 673 2838 i.
696 2807 835 2839 facultas
858 2819 918 2839 usu

221 2849 438 2886 cognoscendi
468 2850 628 2881 rationem
655 2860 763 2882 rerum
786 2849 920 2891 ‘provin-

962 2475 1183 2504 niittcrmtur.
1227 2475 1334 2512 Hujus
1349 2483 1424 2503 usus
1439 2471 1656 2511 consequendi

960 2516 1104 2545 studium
1121 2517 1210 2546 :etati
1227 2517 1411 2546 tribuerunt
1433 2515 1479 2545 illi
1504 2518 1654 2555 majoreS,

962 2558 981 2587 i.
998 2568 1025 2587 e.
1041 2558 1217 2595 voluer-‚unt
1230 2568 1297 2587 csse
1313 2557 1589 2587 commendatum.

1003 2605 1022 2633 9
1051 2601 1205 2638 praelat-i
1233 2601 1265 2629 in
1297 2610 1396 2639 remp.
1428 2598 1582 2639 beneficii]
1617 2597 1656 2627 In

960 2643 1183 2678 coniuratione·
1213 2641 1416 2675 Catilinaria,
1445 2642 1530 2671 victo
1566 2650 1656 2671 excr-

961 2684 1027 2712 citu
1057 2684 1219 2714 Catilium.
1245 2694 1318 2713 mox
1347 2683 1542 2724 maleficium
1571 2684 1657 2722 cogi-

962 2729 1069 2755 tatum
1084 2725 1124 2755 ad
1146 2726 1279 2755 eandem
1304 2726 1563 2765 conjurationem
1587 2735 1659 2764 per-

959 2767 1057 2802 tinet,
1071 2769 1161 2807 cujus
1177 2769 1281 2798 socius
1304 2768 1401 2797 fuisse
1424 2767 1551 2798 occulte
1572 2766 1657 2797 dicc-

962 2815 1065 2839 retur.
