1812 3147
381 121 512 159 POST
538 119 790 157 REDITUM
816 118 876 156 1N
903 118 1122 155 SENATU.
1395 118 1473 156 829

37 237 132 266 mea
155 222 252 276 fuit,
275 232 322 265 ut
339 238 496 280 corpus
517 224 686 264 abesset
707 236 865 271 meum,
886 221 1076 277 dignitas
1101 220 1195 275 jam
1219 218 1261 258 in
1288 218 1472 274 patriam

36 281 292 322 revertisset.
339 281 439 327 Quo
461 281 635 335 quidem
658 293 817 330 mense,
839 278 940 332 quid
966 277 1076 317 inter
1100 291 1165 316 inc
1188 285 1231 316 et
1252 290 1368 316 ineos
1392 275 1508 317 ini-6

34 337 171 379 micos
188 338 425 389 interesset,
438 338 686 379 existimare
707 335 920 392 potuistis.
941 349 1023 389 cgo
1043 348 1180 373 meam
1202 333 1380 372 salutem
1400 332 1473 373 de-

36 395 163 447 serui,
186 409 239 436 ne
264 405 440 451 propter
464 409 533 435 me
554 395 714 436 civium
740 392 984 434 vulneribus
1010 389 1253 445 respublica
1276 398 1475 429 cruenta-

35 460 170 494 retur:
197 451 255 492 illi
279 467 421 493 mcum
445 453 628 493 reditum
654 465 739 491 non
766 449 911 506 populi
935 448 1121 489 Romani
1146 446 1375 502 suffragiis,
1399 446 1471 485 scd

35 509 211 549 flumine
229 509 449 566 sanguinis
470 509 838 550 intercludendum
866 513 1139 562 putaverunt.
1180 501 1333 558 Itaque
1355 512 1472 558 post-

32 579 84 607 ea
105 565 212 606 nihil
237 581 309 608 vos
332 566 514 616 civibus,
537 566 644 607 nihil
671 565 811 615 sociis,
835 563 943 604 nihil
969 563 1140 618 regibus
1166 559 1467 616 respondistis:

33 620 141 664 nihil
168 622 340 677 judices
372 624 611 673 sententiis,
646 623 750 663 nihil
784 621 966 677 populus
999 619 1229 671 suffragiis,
1260 618 1368 658 nihil
1401 616 1469 657 hic

33 679 138 721 ordo
163 683 420 723 auctoritate
451 680 707 722 declaravit:
741 690 906 719 nintuni
935 678 1091 727 iorum,
1113 675 1330 731 elinguem
1357 674 1471 715 curi-

32 750 116 787 am,
142 738 317 779 tacitam
341 748 386 779 et
415 738 592 779 fractam
627 738 848 778 civitatem
882 735 1108 776 videbatis.
1169 733 1270 779 Quo
1295 731 1468 787 quidem
1483 740 1506 777 7

33 802 242 850 tempore,
277 798 313 827 1⁶2
326 810 422 836 cum
449 796 482 836 is
505 796 773 844 excessisset,
800 793 872 848 qui
905 792 1013 833 caedi
1046 802 1090 832 et
1120 790 1324 841 flammae,
1347 789 1471 829 vobis

32 851 296 903 auctoribus,
328 855 555 904 restiterat,
586 867 685 893 cuni
726 851 838 892 ferro
873 859 916 890 et
947 849 1114 890 facibus
1151 847 1346 888 homines
1381 856 1474 887 tota

34 909 138 949 urbe
169 909 413 961 volitantes,
453 910 784 966 magistratuum
828 918 942 948 tecta
985 907 1256 962 impugnata,
1293 904 1472 945 deorum

35 964 194 1020 templa
216 967 497 1018 inflammata,
524 968 679 1008 summi
704 966 780 1006 viri
813 975 857 1006 et
887 963 1109 1006 clarissimi
1134 961 1320 1004 consulis
1338 961 1474 1002 fasces

32 1022 206 1075 fractos,
231 1024 450 1066 fortissimi
476 1034 604 1079 atque
633 1023 788 1079 optimi
814 1022 907 1073 viri,
932 1022 1092 1062 tribuni
1117 1020 1270 1076 plebis,
1293 1018 1473 1059 sanctis-

32 1079 188 1122 simum
211 1097 381 1138 corpuS,
404 1097 489 1123 non
517 1092 675 1123 tactum
701 1096 750 1121 ac
781 1080 987 1121 violatum
1012 1093 1156 1129 manu,
1182 1077 1253 1118 sed
1279 1076 1475 1117 vulnera-

14 1145 124 1178 vtum
146 1137 259 1180 ferro
281 1140 615 1194 confectumque
639 1137 819 1179 vidistis.
883 1137 983 1183 Qua
1002 1146 1144 1191 strage
1166 1133 1355 1176 nonnulli
1378 1148 1472 1190 per·
1485 1146 1515 1175 b.

29 1194 138 1242 moti
162 1197 454 1252 magistratus,
479 1198 632 1252 partim
658 1204 772 1237 metu
806 1195 971 1244 mortis,
996 1194 1150 1249 partim
1174 1192 1473 1247 desperatione

30 1251 297 1308 reipublicae,
329 1255 520 1310 paullum
551 1269 576 1295 a
605 1268 702 1294 mea
732 1267 861 1293 causa
890 1263 1169 1293 recesserunt.
1205 1249 1354 1304 reliqui
1382 1248 1475 1288 fue-

28 1319 144 1360 runt,
160 1324 268 1365 quos
288 1325 428 1367 neque
452 1323 601 1362 terror,
619 1325 758 1366 neque
781 1310 858 1360 vis,
883 1324 960 1350 nec
984 1323 1094 1364 spes,
1118 1322 1196 1348 nec
1219 1317 1374 1357 metus,
1397 1320 1473 1346 nec

29 1367 253 1422 promissa,
283 1383 363 1410 nec
386 1369 530 1420 ininae,
561 1384 640 1410 nec
664 1368 760 1417 tela,
792 1381 871 1408 nec
894 1366 1007 1407 faces
1030 1381 1055 1407 a
1082 1376 1220 1405 vestra
1242 1363 1474 1405 auctorita-

30 1434 86 1475 te,
118 1440 143 1465 a
176 1426 322 1482 populi
359 1426 545 1467 Romani
579 1426 806 1482 dignitate,
849 1439 872 1465 a
906 1439 1001 1464 mea
1029 1422 1165 1464 salute
1197 1420 1473 1477 depellerent.

31 1480 238 1538 Princeps
266 1483 316 1524 P.
341 1483 562 1534 Lentulus,
596 1498 746 1539 parens
779 1497 828 1522 ac
858 1481 962 1522 deus
993 1489 1151 1521 nostrae
1188 1479 1303 1529 vitae,
1336 1475 1521 1522 form-4

28 1553 113 1590 nae,
145 1541 378 1592 memoriae,
412 1540 612 1592 nominis,
656 1540 738 1581 hoc
772 1538 990 1594 specimen
1025 1537 1211 1586 virtutis,
1244 1535 1326 1576 hoc
1362 1535 1508 1579 indi-3

28 1596 145 1637 cium
166 1598 314 1649 animi,
346 1598 429 1640 hoc
451 1599 594 1640 lumen
621 1596 868 1640 consulatus
902 1596 966 1637 sui
1000 1594 1093 1636 fore
1121 1594 1305 1651 putavit,
1339 1593 1372 1633 si
1407 1607 1475 1633 me

29 1653 151 1704 milii,
183 1655 216 1695 si
240 1655 360 1706 meis,
391 1655 425 1696 si
451 1656 587 1706 vobis,
619 1656 652 1696 si
675 1653 926 1711 reipublicae
946 1652 1214 1694 reddidisset.
1246 1651 1319 1706 qui
1345 1660 1390 1690 ut
1413 1661 1477 1690 cst

29 1710 293 1767 designatus,
317 1727 550 1768 numquam
568 1713 785 1754 dubitavit
802 1710 1060 1752 sententiam
1082 1710 1136 1751 de
1153 1709 1288 1750 salute
1305 1722 1413 1758 mea,
1433 1722 1477 1748 se

29 1777 74 1808 et
95 1769 315 1824 republica
336 1770 528 1827 dignam,
560 1771 716 1812 dicere.
778 1769 890 1811 Cum
924 1784 949 1809 a
982 1765 1157 1809 tribuno
1190 1765 1327 1822 plebis
1361 1774 1477 1806 veta-

30 1833 160 1877 retur,
191 1841 287 1867 cum
313 1828 567 1883 praeclarum
589 1838 721 1884 caput
742 1827 1008 1877 recitaretur,
1042 1839 1109 1867 NE
1144 1838 1256 1877 QUIS
1293 1836 1357 1863 AD
1386 1836 1475 1863 vos

33 1895 307 1936 REFERRET,
333 1899 398 1926 NE
433 1900 546 1938 oms
583 1898 936 1934 DECERNERET,
961 1897 1027 1925 NE
1056 1888 1476 1930 DISPUTARET,‘NE

35 1952 384 1993 LOQUERETUR,
418 1957 484 1985 NE
516 1956 730 1985 PEDIBUS
754 1956 889 1993 1RET,
921 1955 986 1982 NE
1014 1952 1301 1982 SCRIBENDO
1330 1951 1478 1978 nons-

34 2010 146 2039 SET:
181 2008 316 2040 totam
339 1999 469 2051 illam,
502 2011 549 2041 ut
570 2009 669 2041 ante
697 2000 806 2052 dixi,
830 1998 1206 2055 proscriptionem,
1229 2009 1313 2036 non
1339 1995 1476 2051 legem

31 2056 214 2110 putavit,
236 2071 321 2111 qua
341 2057 448 2098 civis
472 2058 637 2114 optime
663 2058 716 2098 de
737 2056 957 2113 republica
981 2055 1174 2105 meritus,
1206 2053 1478 2102 nominatim,

32 2111 318 2168 sinejudicio,
336 2117 372 2145 12
389 2130 471 2156 una
489 2130 587 2156 cum
607 2125 757 2157 senatu
773 2113 1021 2170 reipublicae.
1039 2121 1151 2154 esset
1167 2121 1352 2166 ereptus.
1416 2110 1478 2151 L't

33 2181 132 2210 vero
166 2170 263 2212 iniit
293 2173 609 2228 magistratum,
640 2182 727 2213 non
753 2172 909 2222 dicam,
930 2173 966 2201 14
983 2170 1085 2226 quid
1117 2168 1209 2225 egit
1241 2167 1374 2223 prius,
1403 2167 1477 2207 sed

32 2226 133 2280 quid
155 2229 333 2276 omnino
353 2230 446 2285 egit
468 2230 598 2280 aliud,
623 2229 718 2279 nisi,
749 2239 812 2280 ut,
838 2243 908 2270 me
929 2237 1199 2275 conservam,
1223 2234 1406 2266 vestram
1433 2224 1474 2264 in

33 2293 250 2340 posterum
272 2287 529 2343 dignitatem
552 2287 941 2341 auctoritatemque
965 2286 1176 2326 sanciret?
1202 2282 1275 2324 Dii
1300 2283 1512 2326 immor-9

33 2339 150 2393 tales,
180 2353 390 2397 quantum
412 2344 518 2386 mihi
542 2345 797 2386 beneficium
822 2344 990 2385 dedisse
1009 2341 1230 2392 videmini,
1254 2340 1370 2394 quod
1395 2339 1477 2379 lioc

15 2410 144 2440 -anno
171 2398 220 2441 P.
236 2399 443 2443 Lentulus
459 2402 610 2444 consul
631 2404 723 2444 est?
743 2410 906 2457 quanto
930 2400 1068 2455 majus
1091 2397 1329 2447 dedissetis,
1355 2397 1388 2436 si
1412 2411 1480 2436 su-

79 2537 115 2565 12
137 2546 213 2568 cum
235 2538 471 2578 isare-essisset]
504 2539 554 2569 De
580 2548 614 2569 sc
640 2537 730 2578 loqui
774 2537 880 2568 dicere
907 2545 975 2566 non
998 2536 1132 2573 licebat,
1147 2539 1280 2565 sena-tus
1311 2534 1378 2573 ipse
1406 2534 1481 2564 sub-

32 2581 152 2624 putant
166 2590 176 2609 ι
199 2584 235 2610 at
249 2580 330 2611 mihi
354 2581 417 2611 hoc
435 2591 501 2611 non
516 2581 595 2611 satis
611 2580 730 2621 placet.
775 2580 863 2610 latus
879 2579 1062 2610 videbatur.

32 2617 186 2667 discessus
211 2622 378 2653 Ciceronis
402 2624 434 2654 id
455 2628 598 2663 tempus,
612 2623 651 2654 de
667 2632 732 2662 quo
822 2625 860 2652 14
887 2621 966 2661 quid
991 2620 1074 2660 egit]
1109 2619 1200 2650 Mate
1231 2618 1308 2649 Mss.
1345 2618 1479 2656 (guidam

0 2681 1 2686 ,
35 2659 87 2690 hic
115 2668 163 2692 est
192 2672 312 2700 ἐς-τιμε),
344 2665 473 2704 longius
508 2670 731 2706 pxaecesserat,
775 2668 809 2695 et
837 2663 910 2694 edd.
939 2660 1056 2702 egerit,
1086 2661 1172 2701 quod
1198 2670 1232 2690 et
1256 2661 1405 2690 Granius
1430 2668 1479 2688 ta-

34 2711 189 2751 quam-ut
213 2705 251 2735 df:
275 2716 313 2736 eo
337 2707 398 2738 dici
425 2713 532 2748 posset
549 2707 732 2744 commode,
776 2707 841 2736 cite
873 2705 985 2736 edidit.
1037 2705 1114 2735 Non
1141 2703 1261 2744 pendet
1287 2703 1348 2732 hoe
1377 2713 1394 2731 a
1419 2711 1480 2731 >zo-n

35 2753 108 2775 cum
128 2755 154 2774 lx
174 2749 364 2780 escesn'ssec.
409 2750 518 2789 Atque
540 2751 640 2780 etiam
665 2759 733 2779 ver·
777 2750 898 2786 dicam,
921 2753 960 2778 ut
985 2753 1141 2788 putavere
1171 2745 1305 2775 lib-sarii.
1367 2745 1481 2774 Cicero

36 2786 112 2816 burn
129 2789 307 2821 acc-esst'sset
329 2791 440 2822 durius
465 2802 522 2832 pro
545 2793 660 2822 abisset
684 2791 735 2821 vel
778 2800 894 2831 parum
917 2799 985 2820 esse
1013 2789 1164 2828 putabat,
1191 2788 1217 2818 si
1245 2787 1381 2819 diceret,
1406 2786 1486 2825 qnid

34 2829 166 2859 “hes-⁹⁶²2·
475 2851 477 2855 .
779 2834 845 2871 egit
863 2833 976 2871 prius:
999 2831 1080 2862 dixit
1108 2830 1193 2871 plus,
1219 2829 1297 2868 quid
1323 2829 1390 2866 egit
1419 2838 1484 2857 om-

80 2873 115 2900 13
133 2880 198 2901 ema
213 2882 287 2904 cum
305 2875 434 2914 senatu]
455 2876 540 2916 Quia
556 2875 736 2907 sententias
779 2876 867 2904 nino.

91 2926 200 2954 vot„
227 2929 280 2956 11.
315 2931 354 2957 P.
380 2931 434 2958 11.
781 2923 804 2958 8
830 2931 845 2956 1
