1769 3174
189 94 289 128 1060
770 91 805 127 Ο
817 91 853 127 R
863 92 897 128 A
908 91 941 127 T
953 91 971 127 I
984 91 1019 127 O

185 194 402 236 mulieris?
434 193 494 236 sic
524 194 639 235 enim
669 194 890 250 objectum
919 204 998 235 est.
1020 203 1063 235 et
1093 202 1183 235 erat
1216 202 1300 235 tam
1332 193 1504 236 demens
1534 192 1622 243 hic,

186 252 256 293 cui
290 266 365 292 vos
404 251 624 307 ingenium
665 261 779 292 certe
810 252 1013 301 tribuitis,
1047 251 1215 293 etiamsi
1257 260 1411 302 cetera,
1444 250 1621 292 1111111103

186 308 382 350 oratione
412 308 649 358 detiahitiS,
690 318 736 349 ut
767 322 912 350 omnes
953 323 1047 349 suas
1079 307 1272 349 fortunas
1305 308 1451 349 alienis
1489 306 1622 349 servis

187 366 505 407 committeret?
536 365 597 406 At
617 365 772 420 quibus
799 366 956 407 servis?
987 364 1116 406 refert
1145 365 1259 405 enim
1289 379 1550 430 magnopere
1580 362 1625 404 id

186 422 354 486 ipsum:
387 422 522 474 hisne,
553 436 660 477 quos
701 421 970 478 intellioebat
1001 437 1088 462 non
1126 423 1344 463 communi
1376 421 1626 463 conditione

187 479 405 520 servitutis
437 480 514 530 uti,
546 479 618 520 sed
648 479 861 529 licentius,
891 479 1082 528 liberius,
1113 478 1363 519 familiarius
1405 493 1503 519 cum
1546 477 1623 518 do-

188 536 305 576 mina
343 537 510 578 viv-eie?
541 536 636 591 quis
677 535 791 575 enim
822 534 904 576 hoc
934 549 1021 575 non
1055 535 1183 586 videt,
1199 535 1394 589 judices?
1425 543 1499 576 aut
1530 534 1626 589 quis

189 590 273 634 hoc
295 592 481 648 ign01at,
505 593 547 633 in
568 592 779 647 ejusmodi
810 591 987 641 domo,
978 606 1020 632 111
1045 606 1128 646 qua
1149 591 1468 632 materfamilias
1491 605 1628 632 mere·

191 649 318 690 tricio
349 664 467 690 more
498 649 629 698 vivat,
660 663 703 689 111
734 662 818 703 qua
849 648 954 688 nihil
987 657 1173 704 ‹rer·,atui
1195 649 1309 703 quod
1341 648 1454 689 foras
1485 647 1628 704 profe-

191 706 369 747 rendum
402 706 470 756 sit,
490 705 533 746 in
565 720 650 769 qua
678 705 824 754 lustra,
856 705 1069 756 libidines,
1099 705 1302 754 luxuries,
1333 706 1478 746 omnia
1508 705 1629 746 deni-

190 777 273 818 que
295 763 488 804 inaudita
511 763 615 803 vitia
642 773 769 817 atque
794 762 960 818 flagitia
991 773 1234 814 versentui3
1265 762 1336 803 hie
1367 777 1509 803 servos
1539 776 1629 803 non

190 834 281 861 esse
304 823 475 861 servos?
507 820 662 874 quibus
694 819 839 860 omnia
852 798 1222 861 Ocommittantui?
1254 834 1328 875 per
1349 834 1505 875 quos,³
1480 833 1630 860 nferun·-

192 879 287 917 tui?
318 876 392 932 qui
425 887 643 918 versentur
674 876 825 917 iisdem
856 876 900 916 in
931 877 1251 932 voluptatibus?
1282 877 1436 931 quibus
1459 852 1631 917 occulta

191 933 443 976 credantur?
476 934 527 974 ad
551 947 657 988 quos
679 933 943 987 aliquantum
963 934 1091 974 etiam
1115 949 1168 974 ex
1192 933 1452 989 quotidianis
1477 933 1628 974 sumti-

131 994 179 1026 58
193 991 271 1031 bus
303 1006 351 1031 ac
384 991 552 1031 luxuria
584 990 817 1032 redundet?
858 989 907 1030 Id
951 990 1082 1046 igitur
1115 990 1281 1032 Coe-lius
1313 1005 1398 1032 non
1430 991 1630 1032 videbat?

193 1047 226 1088 si
249 1047 363 1089 enim
387 1057 474 1087 tam
496 1047 716 1088 familiaris
739 1056 829 1088 erat
850 1046 1052 1098 mulieris,
1074 1062 1201 1102 quam
1234 1062 1308 1089 vos
1340 1047 1492 1089 vultis:
1525 1047 1630 1089 istos

82 1123 112 1161 p·
129 1125 176 1152 50
193 1118 363 1159 quoque
401 1118 542 1144 servos
575 1105 804 1146 familiaies
833 1118 923 1145 esse
954 1104 1140 1146 dominae
1164 1105 1339 1146 sciebat.
1362 1105 1426 1145 sin
1448 1105 1486 1146 ei
1511 1114 1631 1146 tanta

152 1175 179 1194 a
195 1161 474 1211 consuetudo,
496 1171 658 1216 quanta
687 1177 712 1202 a
743 1161 864 1202 vobis
897 1162 1128 1249 inducitur,
1150 1176 1237 1203 non
1267 1171 1381 1203 e1·:at
1412 1177 1507 1217 quae
1531 1176 1632 1204 cum

112 1214 326 1262 24sc1·vis
357 1218 501 1274 potuit
532 1217 797 1259 familiaritas
828 1233 919 1259 esse
950 1221 1095 1260 tauta?
1133 1218 1273 1275 Ipsius
1304 1229 1445 1259 autem
1479 1218 1631 1259 veneni

196 1290 292 1330 quoe
313 1275 420 1316 latio
444 1275 648 1330 fingitur?
674 1276 745 1317 ubi
762 1276 999 1339 quaesitum
1014 1278 1105 1317 est?
1127 1276 1485 1331 quemadmodum
1512 1290 1632 1330 para-

196 1334 316 1374 tum?
348 1347 432 1387 quo
476 1334 632 1388 pacto?
674 1333 758 1383 cui,
797 1347 883 1387 quo
924 1333 968 1373 in
1011 1332 1106 1374 loco
1150 1333 1383 1375 traditum?
1416 1332 1633 1373 Habuisse

195 1390 317 1430 aiunt
341 1389 472 1452 domi,
496 1404 667 1444 vimque
697 1389 789 1445 ejus
821 1404 911 1430 esse
943 1402 1169 1446 expeitum
1207 1391 1249 1431 in
1287 1404 1407 1430 servo
1430 1389 1633 1444 quodam,

195 1446 300 1487 TOad
335 1460 422 1487 iem
461 1446 597 1502 ipsam
641 1456 812 1502 palato:
845 1446 967 1501 cujus
1000 1447 1200 1501 per-celeri
1238 1447 1413 1487 interitu
1450 1460 1540 1487 esse
1578 1446 1633 1487 ab

135 1501 280 1544 591100
302 1505 632 1559 compiobatum
654 1518 880 1545 venenum.
941 1504 1057 1544 Proh
1074 1505 1132 1544 dii
1156 1504 1441 1545 immortales!
1475 1503 1635 1545 curin·

196 1559 393 1601 terdum
384 1574 428 1600 111
450 1559 674 1601 hominum
698 1561 926 1602 sceleribus
949 1576 1002 1601 111
1006 1562 1163 1612 tximis,
1185 1572 1258 1602 aut
1280 1576 1436 1602 (30111111
1440 1570 1534 1611 etis,
1557 1567 1632 1600 aut

193 1617 417 1671 praesentis
439 1616 486 1658 fr·
480 1618 599 1658 mdis
622 1633 741 1674 poen
730 1633 772 1658 15
805 1618 847 1658 in
870 1619 984 1658 diem
1006 1633 1145 1659 reseiv
1150 1618 1257 1660 atis?
1290 1618 1388 1659 Vidi
1417 1619 1546 1668 enim,
1570 1617 1633 1658 vi·-

192 1674 251 1725 di,
283 1682 327 1715 et
357 1673 475 1714 illum
506 1674 628 1715 hausi
659 1675 849 1715 doloiem
883 1675 947 1715 101
978 1675 1299 1716 acerbissimum
1333 1675 1375 1716 in
1408 1675 1509 1723 vita,
1532 1688 1632 1715 cum

193 1730 252 1778 Q.
277 1730 479 1772 Metellus
503 1732 819 1773 abstiwaheretui
841 1746 863 1772 e
885 1733 976 1773 sinu
999 1733 1248 1787 gremioque
1270 1733 1432 1788 patiiae,
1449 1744 1633 1786 cumque

192 1787 262 1828 ille
296 1787 523 1843 vi1,80qui
566 1803 609 1829 se
645 1798 793 1830 natum
829 1788 931 1830 huic
962 1789 1142 1845 imperio
1177 1790 1359 1853 putzwit,
1399 1789 1525 1829 teitio
1563 1788 1634 1828 die

192 1847 228 1874 8¹
247 1854 358 1899 post,
381 1859 509 1899 quam
533 1845 576 1886 in
598 1846 703 1886 cuii·
693 1861 729 1896 1,
752 1861 881 1901 quam
912 1846 955 1886 in
989 1846 1173 1896 Rostris,
1196 1861 1323 1901 quam
1348 1847 1388 1886 in
1414 1845 1635 1910 republica

192 1900 422 1952 floruisset,
454 1903 730 1958 integerrima
762 1913 903 1953 aetate,
936 1903 1102 1958 optimo
1136 1903 1303 1953 habitu,
1337 1904 1537 1944 maximis
1571 1916 1636 1942 vl-

191 1957 323 2009 ribus,
359 1936 593 2023 eripeietur
634 1959 932 2015 indignissime
971 1961 1093 2000 bonis
1129 1961 1344 2011 omnibus,
1378 1970 1506 2015 atque
1541 1959 1636 2000 uni-

191 2028 325 2055 veisae
348 2015 531 2056 civitati.
554 2032 640 2071 quo
670 2017 842 2072 quidem
867 2027 1059 2073 tempore
1082 2017 1164 2068 ille,
1188 2017 1388 2066 moriens,
1410 2031 1508 2057 cum
1535 2016 1631 2071 jam

191 2072 343 2112 ceteris
362 2087 416 2112 ex
441 2073 633 2128 partibus
653 2088 855 2129 opplessa
874 2088 992 2115 mens
1005 2084 1130 2126 esset,
1146 2084 1386 2115 extremum
1410 2077 1449 2106 82
1463 2086 1635 2114 sensum

192 2128 244 2168 ad
267 2129 517 2170 memmium
540 2131 787 2187 ieipublicae
811 2132 1079 2173 reserzvabat
1112 2147 1209 2173 cum
1243 2146 1311 2172 me
1335 2131 1502 2172 intuens
1528 2130 1633 2170 flen-

193 2194 280 2226 tem
332 2185 608 2241 significabat
657 2188 906 2245 interruptis
949 2198 1078 2244 atque
1117 2189 1400 2230 morientibus
1439 2187 1635 2238 vocibus,

232 2327 274 2359 79
288 2325 334 2354 ad
346 2335 413 2355 rem
430 2326 534 2365 ipsam
543 2327 678 2366 parato]
698 2327 809 2367 Ipsam
823 2337 890 2358 non

191 2367 346 2396 convenit
372 2368 556 2398 sententiae.
595 2379 646 2398 rec
680 2370 750 2408 ipsa
777 2374 826 2400 est
856 2371 891 2400 in

191 2414 297 2438 morte
324 2408 422 2448 legati
447 2409 574 2440 Dionis.
618 2412 734 2441 Servus
758 2416 890 2451 paratus

189 2460 232 2479 er
227 2455 261 2480 1t
276 2455 349 2481 tant
353 2461 408 2481 um
423 2451 587 2482 ειάιεηεηὶ
599 2455 889 2492 comparationem.

191 2491 428 2532 corrigendum
449 2498 498 2524 est
521 2495 630 2525 istam.
647 2495 816 2526 observata
842 2501 891 2526 et-

190 2534 256 2565 iam
271 2534 348 2565 alibi
359 2539 410 2565 est
421 2536 568 2566 confusio
580 2536 696 2567 110111111
708 2539 889 2568 101110111111.

233 2579 273 2606 80
295 2577 350 2615 qm*
364 2587 396 2607 se
412 2581 528 2608 natum
552 2580 626 2608 huic
645 2580 780 2619 imperio
789 2585 889 2619 puta-

188 2618 251 2656 vit]
278 2619 488 2650 Scribendum
513 2625 620 2659 putat
624 2622 708 2659 isset,
735 2623 785 2652 uti
813 2632 888 2653 mox

189 2659 427 2700 estfloruisset‚
443 2672 508 2692 non
515 2661 646 2702 floruit.

233 2705 268 2733 81
290 2707 374 2741 post,
390 2713 490 2743 quam
504 2705 539 2733 in
553 2708 658 2742 curia,
674 2715 774 2754 quam
792 2707 827 2737 in
844 2707 886 2738 R.

189 2753 288 2782 quam
303 2746 337 2774 in
352 2755 370 2774 ⁷
374 2745 396 2784 .]
411 2746 478 2776 Ter
490 2756 589 2785 quam
604 2749 694 2788 posui
711 2752 784 2787 post
799 2750 889 2780 Grae-

189 2785 292 2823 1111111,
308 2787 364 2825 qui
387 2788 421 2818 in
443 2788 505 2819 Ms.
524 2788 592 2820 Erf.
611 2791 741 2831 reperit.
784 2791 829 2823 At
843 2793 889 2824 sie

189 2828 291 2860 ctiam
313 2829 383 2860 edd.
410 2830 449 2862 R.
471 2831 528 2862 Br.
546 2831 635 2864 Med.
682 2831 723 2864 ln
744 2832 816 2866 edd.
830 2834 886 2868 W.

933 2332 966 2358 et
984 2331 1075 2360 1480.
1095 2333 1144 2359 est
1159 2333 1211 2360 ter
1220 2334 1407 2369 postquam,
1423 2339 1461 2360 ex
1477 2336 1543 2368 quo
1565 2327 1640 2358 vul·

934 2375 1045 2410 gatum
1071 2371 1196 2401 sactum
1220 2376 1269 2402 est
1294 2372 1328 2402 in
1353 2371 1403 2402 ed.
1431 2370 1586 2408 Juntina,
1602 2371 1637 2402 in

933 2423 996 2452 qua
1009 2413 1108 2443 semel
1130 2418 1180 2443 est
1201 2423 1314 2453 quam,
1329 2414 1395 2444 sive
1418 2414 1527 2452 potius
1547 2419 1635 2453 post-

934 2465 1032 2495 quam
1047 2465 1114 2485 uno
1130 2456 1236 2487 verbo.

975 2501 1015 2528 82
1044 2507 1173 2528 sensum
1197 2498 1243 2527 ad
1267 2508 1362 2528 mem.
1387 2499 1467 2538 reip.
1489 2507 1637 2528 reserva-

933 2539 1001 2578 bat]
1043 2539 1062 2568 i.
1092 2550 1121 2569 e.
1153 2541 1199 2570 ita
1236 2540 1434 2576 reservabat,
1466 2545 1503 2570 ut
1538 2539 1634 2570 unius

932 2581 1118 2621 reipublicae
1145 2591 1271 2612 memor
1294 2588 1389 2613 esset.
1432 2582 1579 2612 Graevins
1601 2584 1636 2612 et

930 2624 1002 2654 dae.
1019 2623 1201 2653 Gronovius
1217 2629 1329 2655 tamen
1346 2625 1525 2664 praeferunt
1542 2624 1638 2654 lecti·

930 2675 1025 2696 onem
1041 2666 1105 2696 Μ5.
1116 2666 1300 2696 Rubeniani
1315 2667 1498 2702 revocabat,
1513 2675 1571 2706 pro
1586 2676 1635 2696 re-

930 2708 1066 2739 ferebat.
1082 2718 1143 2747 ego
1159 2718 1239 2739 non.
1257 2719 1316 2740 nec
1329 2715 1402 2749 post
1425 2718 1483 2749 pro
1498 2709 1572 2738 urbi
1588 2707 1635 2738 le·

931 2760 1006 2789 gam
1023 2751 1097 2786 civi,
1112 2755 1150 2781 ut
1166 2750 1374 2792 intelligatur
1388 2751 1514 2784 Cicero.
1529 2751 1633 2783 immo

931 2792 1066 2825 dixisset
1080 2793 1173 2827 mihi.
