1785 3185
449 129 565 168 PRO
591 129 636 166 T.
665 128 857 166 ANNIO
884 128 1137 166 MILONE.
1416 124 1514 163 1157

379 309 450 358 Μ.
483 309 754 358 TULLII
793 307 1227 357 CICERONIS

767 437 843 462 »uo

226 525 307 590 Ὗ.
373 526 428 588 Α
462 524 527 591 N
563 524 630 591 N
664 524 693 589 I
728 524 787 589 O
872 525 948 592 Μ
981 521 1012 587 I
1046 521 1100 587 L
1132 521 1191 586 O
1226 519 1290 586 N
1329 518 1385 583 ,E

371 665 586 710 ORATlo,
614 665 823 702 OCTAVA
850 665 919 702 ET
945 662 1243 701 TmcssslMA.

672 784 948 806 ψ

605 874 1009 914 ARGUMENTUM.

92 949 183 990 ,Qum
207 959 364 984 summas
391 947 455 982 diu
481 947 577 982 inter
603 957 640 981 se
667 946 878 982 inimicitias
905 947 1142 981 exercuissent
1166 945 1204 980 T.
1224 945 1366 981 Annius
1386 943 1481 980 Milo
1498 948 1534 980 et

147 1000 298 1037 Publius
327 999 485 1039 Clodius,
506 1002 540 1034 et
567 1010 658 1045 saepe
677 998 771 1034 alter
789 998 897 1034 alteri
918 1002 1069 1034 mortem
1088 998 1245 1033 ¹minatus
1263 1002 1364 1039 esset,
1384 999 1530 1037 accidit,

143 1057 195 1092 ut,
217 1064 286 1100 quo
315 1063 408 1088 anno
436 1051 531 1086 lWilo
560 1051 799 1093 consulatum,
821 1050 967 1086 Clodius
990 1055 1190 1098 prceturam
1213 1050 1367 1098 petebat,
1386 1050 1454 1085 sibi
1473 1049 1534 1084 ob-

145 1107 240 1141 viam
269 1105 308 1139 in
335 1105 396 1140 via
413 1104 538 1152 Appia
565 1115 645 1138 cum
664 1115 794 1151 magno
812 1114 994 1139 servorum
1014 1104 1189 1138 comitatu
1205 1103 1350 1151 fierent.
1407 1101 1535 1137 Clodio

147 1156 301 1193 Romam
320 1160 530 1198 revertente,
547 1155 688 1191 Milone
705 1160 824 1191 autem
841 1154 1219 1204 Lanuviumflaminis
1235 1155 1412 1202 prodendi
1427 1165 1535 1189 causa

142 1209 401 1258 proficiscente.
456 1208 530 1244 Hic
557 1212 639 1243 orta
662 1210 823 1256 primum
850 1209 945 1243 inter
960 1219 1078 1243 servos
1096 1209 1190 1249 rixa,
1208 1209 1372 1255 pervenit
1391 1207 1537 1242 tandem

147 1262 196 1298 ad
215 1263 310 1309 ipsos
328 1262 490 1296 dominos
507 1272 642 1309 pugna,
664 1273 735 1308 qua
754 1260 798 1297 P.
821 1260 968 1297 Clodius
985 1258 1197 1308 interfectus
1222 1264 1285 1295 est.
1340 1259 1480 1294 Delato
1499 1260 1537 1294 in

145 1314 269 1350 urbem
289 1313 464 1349 Clodiano
483 1314 668 1355 cadavere,
681 1313 903 1349 vehementer
916 1316 999 1347 sunt
1019 1312 1199 1353 Clodiani,
1221 1324 1300 1347 cum
1317 1324 1384 1347 sua
1398 1315 1536 1359 sponte,

150 1371 227 1402 tum
245 1366 508 1402 concitantibus
526 1365 653 1401 Fulvia
670 1377 791 1405 uxore,
812 1369 846 1401 et
866 1364 1038 1400 Munatio
1058 1365 1208 1404 Planco,
1230 1369 1264 1400 et
1285 1365 1327 1405 Q.
1349 1364 1537 1411 Pompeio,

153 1418 271 1454 Tribb.
289 1418 356 1466 pt„
377 1418 556 1457 commoti,
577 1422 612 1453 et
630 1430 765 1465 magna
783 1417 919 1453 Miloni
936 1418 1077 1453 invidia
1105 1421 1229 1453 creata
1256 1421 1318 1453 est.
1374 1416 1538 1463 Populus

147 1472 272 1512 etiam,
293 1470 403 1506 Sexto
425 1471 551 1506 Clodio
569 1470 686 1506 scriba
704 1471 803 1510 duce,
826 1481 953 1517 corpus
973 1471 1109 1505 mortui
1131 1470 1257 1505 intulit
1277 1470 1397 1509 curioe,
1418 1469 1539 1515 ibique

148 1525 322 1559 cremavit
336 1537 349 1563 ;
380 1535 450 1570 quo
466 1524 547 1569 igne
566 1524 668 1559 curia
687 1527 721 1558 et
740 1521 914 1568 adjuncta
933 1522 1068 1557 Porcia
1094 1522 1244 1558 basilica
1271 1521 1454 1557 combusta
1474 1525 1538 1556 est.

150 1575 210 1611 Ea
226 1587 282 1610 res
307 1587 387 1611 curn
406 1575 582 1610 invidiam
604 1575 790 1625 conflasset
812 1574 1010 1615 Clodianis,
1030 1575 1139 1610 rediit
1158 1576 1196 1610 in
1214 1575 1336 1609 urbem
1356 1573 1463 1614 Milo,
1483 1575 1541 1609 ni-

151 1628 295 1675 hiloque
307 1629 424 1663 minus
439 1631 548 1674 atque
562 1631 670 1663 antea
682 1627 907 1664 consulatum
919 1627 1041 1674 petiit.
1071 1627 1241 1666 Tandem,
1257 1638 1337 1661 curn
1349 1625 1445 1661 SCto
1457 1638 1542 1674 per-

148 1681 259 1715 missa
274 1684 361 1716 esset
383 1679 445 1716 Cn.
459 1679 633 1727 Pompeio
651 1679 862 1728 respublica,
880 1680 980 1726 isque
997 1691 1039 1715 eoe
1057 1680 1178 1715 eodem
1195 1678 1291 1714 SCto
1307 1679 1543 1728 delectus-ha-

151 1732 280 1768 buisset
299 1732 488 1772 celeriter‚·
519 1732 588 1768 duo
608 1733 861 1774 adolescentes,
881 1733 996 1780 Appii
1017 1731 1173 1771 Claudii,
1196 1732 1266 1767 duo
1291 1730 1426 1766 Valerii
1445 1736 1479 1767 et
1499 1731 1542 1768 L.

150 1784 355 1820 Herennius
374 1784 523 1826 Balbus,
542 1785 605 1832 qui
623 1789 775 1820 mortem
796 1784 916 1820 Clodii
939 1786 1106 1832 persequi
1125 1785 1402 1824 constituerant,
1417 1789 1544 1831 postu-

156 1837 320 1872 laverunt
348 1838 446 1885 apud
473 1848 552 1872 eum
569 1836 762 1886 familiam
781 1841 816 1872 et
833 1836 987 1872 Milonis
1004 1841 1038 1871 et
1056 1836 1197 1872 Faustae
1214 1837 1335 1871 uxoris
1354 1834 1428 1882 ejus
1445 1837 1544 1873 exhi·

155 1888 316 1925 bendam.
345 1889 486 1925 Aderat
505 1889 640 1925 Miloni
661 1889 704 1930 Q.
717 1889 944 1929 Hortensius,
965 1889 1019 1924 M.
1033 1889 1168 1929 Cicero,
1190 1889 1243 1925 M.
1258 1888 1468 1929 [Uar-celius,
1489 1889 1545 1928 M.

159 1941 336 1983 Calidius,
357 1941 411 1977 M.
433 1941 534 1981 Cato,
556 1941 708 1978 Faustus
727 1941 844 1979 Sulla.
885 1941 927 1982 Q.
947 1953 1032 1988 ergo
1050 1941 1266 1977 Hortensius
1284 1941 1450 1987 negabat,
1470 1954 1545 1978 ser-

153 2005 215 2030 vos
230 1992 383 2029 Milonis
401 1993 558 2030 exhiberi
572 1991 689 2041 posse,
705 1995 801 2042 quod
820 1998 933 2029 essent
948 1995 1170 2034 manumissi,
1188 2006 1266 2030 cum
1281 1997 1389 2041 caput
1409 1995 1559 2043 domi-ni

154 2045 226 2082 ulti
244 2050 368 2081 essent.
405 2046 540 2081 Postea
558 2058 640 2082 vero
659 2058 768 2093 quam
789 2047 850 2081 Cn.
873 2047 1067 2094 Pompeius
1086 2047 1209 2082 consul
1227 2050 1307 2082 erat
1325 2058 1368 2081 ex
1386 2045 1483 2083 SCto
1502 2047 1546 2083 ab

157 2099 336 2145 interrege
354 2097 430 2133 Ser.
447 2097 611 2145 Sulpicio
630 2103 771 2134 creatus
790 2098 829 2134 V.
846 2098 933 2134 Kal.
949 2098 1065 2134 Mart.
1087 2100 1214 2134 statim
1232 2099 1420 2134 consulatu
1440 2101 1546 2141 inim,

157 2148 271 2198 legem
290 2150 375 2186 tulit
395 2151 438 2186 de
455 2152 504 2192 vi,
525 2162 597 2197 qua
614 2152 830 2186 nominatim
848 2151 978 2186 caedem
996 2153 1034 2186 in
1052 2153 1113 2187 via
1131 2152 1257 2198 Appia
1274 2151 1424 2200 factam
1451 2156 1547 2188 comss

153 2203 281 2253 plexus
308 2206 372 2242 est,
392 2207 427 2238 et
455 2202 547 2238 hanc
565 2201 703 2249 judicii
731 2203 884 2239 habendi
911 2205 1090 2239 rationem
1114 2205 1350 2252 praescripsit,
1369 2209 1410 2240 ut
1425 2207 1546 2252 primo

161 2254 340 2296 Quasitor
366 2266 438 2290 non
466 2260 567 2296 esset,
587 2256 630 2291 de
656 2266 766 2297 more,
788 2256 943 2297 Praetor‚
962 2257 1024 2291 sed
1049 2255 1235 2304 suffragiis
1258 2257 1389 2304 populi
1415 2269 1435 2292 e
1455 2257 1547 2294 Con«-

157 2307 336 2344 sularibus
355 2307 549 2354 eligeretur
559 2321 572 2347 ,·
601 2308 738 2347 deinde,
761 2308 873 2343 tribus
892 2308 1012 2344 diebus
1031 2312 1136 2344 testes
1154 2310 1368 2344 audirentur
1377 2323 1390 2349 ;
1421 2310 1549 2346 deinde

160 2371 232 2398 uno
245 2360 436 2407 eodemque
455 2361 512 2395 die
526 2360 570 2396 ab
589 2365 798 2395 accusatore
816 2365 850 2395 et
865 2371 924 2395 reo
938 2366 1182 2408 peroraretur.
1214 2361 1280 2397 Cui
1299 2362 1371 2408 legi
1390 2374 1468 2398 cum
1486 2363 1545 2399 ob-

159 2413 310 2449 stitisset
328 2412 545 2459 aliquandiu
564 2412 619 2448 M.
641 2412 767 2448 Coelius
786 2412 949 2448 tribunus
966 2413 1029 2461 pl.,
1051 2414 1147 2460 quod
1160 2415 1395 2461 privilegium
1414 2416 1451 2450 in
1470 2415 1546 2453 Mi-

163 2463 279 2499 lonem
295 2462 396 2512 ferri
425 2465 570 2506 diceret,
588 2465 734 2512 perlata
759 2466 904 2500 tandem
922 2471 985 2501 est.
1044 2466 1192 2501 Creatus
1211 2471 1262 2502 est
1283 2466 1464 2507 Quoesitor
1483 2468 1545 2504 Cn.

159 2514 351 2553 Domitius
369 2516 637 2553 Ahenobarbus.
693 2516 729 2552 Is
748 2529 827 2552 cum
847 2517 1041 2565 Pompeius
1049 2516 1193 2563 judices
1211 2530 1252 2554 ex
1271 2519 1431 2554 omnibus
1449 2521 1548 2556 ordi-

162 2567 265 2604 nibus
283 2568 399 2604 claros
427 2580 554 2616 eosque
581 2574 754 2605 trecentos
779 2571 1036 2617 proposuisset,
1056 2573 1244 2618 octoginta
1262 2575 1296 2606 et
1315 2583 1424 2606 unum
1444 2583 1485 2606 ex
1503 2574 1549 2609 iis

162 2621 311 2657 sortitus
329 2625 392 2656 est.
422 2621 480 2656 Ex
498 2621 552 2656 his
569 2626 761 2669 postquam
780 2627 969 2658 accusator
986 2627 1019 2657 et
1038 2635 1119 2658 reus
1137 2625 1263 2670 quinos
1282 2635 1301 2658 e
1317 2623 1471 2669 singulis
1488 2636 1547 2660 or-

166 2671 306 2706 dinibus
324 2671 538 2716 rejecissent,
557 2685 649 2709 unus
666 2678 702 2709 et
721 2676 989 2722 quinquaginta
1015 2676 1135 2711 relicti
1160 2680 1256 2717 sunt,
1277 2673 1425 2710 XVIII.
1445 2687 1548 2713 sena-

167 2726 273 2764 tores,
293 2723 418 2760 XVII.
439 2727 575 2772 equites
593 2729 628 2760 et
647 2725 751 2761 XVI.
772 2727 908 2762 tribuni
936 2729 1068 2764 cerarii.
1125 2727 1208 2774 Ipso
1227 2726 1364 2773 judicii
1392 2731 1554 2776 tempore

165 2785 284 2810 omnes
303 2779 381 2811 tota
398 2777 483 2812 urbe
502 2778 656 2813 tabernae
683 2778 823 2818 clausae,
844 2783 878 2814 et
895 2780 932 2814 in
940 2778 1032 2825 foro
1051 2779 1282 2826 omnibusque
1300 2777 1375 2825 ejus
1393 2780 1553 2820 aditibus

159 2827 337 2876 praesidia
363 2829 540 2875 disposita
566 2835 681 2866 erant.
735 2828 1014 2866 Accusa'toribus
1043 2832 1156 2866 tribus
1180 2833 1364 2878 respondit
1381 2842 1472 2868 unus
1494 2834 1553 2871 Ci-

166 2888 259 2917 cero,
278 2880 340 2914 sed
357 2891 427 2915 non
444 2892 497 2920 ea,
518 2893 591 2928 qua
604 2882 741 2918 solebat
760 2884 977 2926 constantia,
998 2884 1107 2930 quod,
1128 2895 1207 2919 cum
1233 2885 1407 2932 inciperet
1425 2885 1555 2930 dicere,
