1817 3169
639 94 708 134 {N
750 95 796 133 L.
840 95 1145 135 PISONEM.
1512 100 1613 149 1119

173 198 313 240 dicam
337 198 525 255 gravius,
545 213 674 254 quam
703 198 819 255 quod
849 214 997 241 omnes
1029 198 1252 252 fatentur‚)
1283 200 1500 258 impeditis
1531 204 1615 246 rei·

171 255 359 312 publicae
383 257 662 312 temporibus,
680 256 985 297 dissidentibus
1007 256 1254 298 consulibus
1277 258 1449 301 Caesare
1469 270 1513 302 et
1536 261 1612 302 Bi·

177 312 292 363 bulo,
321 327 420 354 cum
451 313 533 355 hoc
564 328 650 354 non
684 327 913 364 recusares,
944 313 1048 368 quin
1085 313 1131 364 ii,
1163 328 1189 354 a
1217 316 1373 369 quibus
1411 318 1610 360 dicebare

170 369 336 422 consul,
351 379 392 411 te
407 369 501 412 luce
519 370 699 426 dignum
721 385 808 412 non
831 379 1045 426 putarent,
1060 369 1141 411 nisi
1162 372 1358 426 nequior,
1371 387 1500 427 quam
1518 376 1609 416 Ga-

171 426 328 478 binius,
343 428 595 470 exstitisses.
638 427 716 469 Me
737 436 897 469 cuncta
919 426 1058 478 Italia,
1079 441 1149 468 me
1170 442 1318 469 omnes
1337 430 1522 483 ordines,
1536 446 1605 474 me

168 484 369 525 universa
388 485 539 526 civitas
561 499 646 526 non
679 485 795 541 prius
827 484 996 535 tabella,
1017 498 1146 539 quam
1170 499 1274 526 voce
1296 487 1483 541 priorem
1504 503 1607 529 eon-

162 540 302 582 sulem
324 542 570 584 declaravit.
608 542 692 583 Sed
710 542 881 593 omitto,
898 551 942 583 ut
961 543 1017 582 sit
1036 541 1174 583 factus
1195 551 1372 598 uterque
1395 545 1604 586 nostrum.
1619 553 1649 599 2

167 598 226 638 sit
258 612 358 639 sane
400 599 504 640 Fors
546 599 723 640 domina
761 599 919 655 campi.
956 598 1303 655 magnificentius
1345 611 1410 641 est
1450 601 1605 652 dicere,

163 656 529 721 quemadmodum
559 657 815 713 gesserimus
846 632 1132 708 consulatum,
1162 671 1308 713 quam,
1329 659 1607 713 quemadmo-

167 713 271 753 dum
290 715 543 769 ceperimus.

226 768 321 826 Ego
344 771 548 812 Kalendis
570 770 670 812 Jan.
694 779 903 818 senatum,
925 780 967 810 ct
990 770 1127 811 bonos
1149 784 1316 821 omnes,
1338 770 1444 827 legis
1466 771 1638 828 Aura-4

165 826 255 877 riae,
278 829 648 883 maximarumque
676 827 954 882 ialgitionum
989 838 1104 868 metu
1135 802 1327 868 libeiaxi.
1351 843 1433 884 ego
1452 844 1604 885 agrum

167 884 452 940 Campanum,
475 886 508 925 si
538 884 670 926 dividi
693 899 780 924 non
803 885 1009 940 oportuit,
1031 885 1304 927 conservati:
1338 886 1370 926 si
1376 863 1603 941 0oportuit,

164 941 410 983 melioribus
441 942 688 983 auctoribus
721 955 949 982 reservavi
1013 940 1107 997 Ego
1140 942 1182 982 in
1213 942 1264 984 C.
1290 941 1485 993 Rabirio,
1510 958 1604 1000 pei-

163 998 388 1039 duellionis
420 1014 508 1049 reo,
540 1013 603 1040 xi.
637 999 758 1039 annis
799 1009 899 1039 ante
941 1012 1008 1039 me
1045 999 1263 1040 consulem
1303 999 1602 1055 interpositam

163 1065 332 1097 senatus
366 1058 667 1098 auctoritatem
707 1057 888 1096 sustinui
921 1066 1072 1096 contra
1111 1056 1319 1097 invidiam
1361 1068 1490 1113 atque
1529 1058 1602 1099 de-

162 1110 294 1154 feudi.
357 1112 450 1170 Ego
473 1114 762 1155 adolescentes
789 1114 921 1154 bonos
942 1123 986 1153 et
1007 1112 1154 1164 fortes,
1177 1113 1249 1154 sed
1274 1128 1371 1155 usos
1395 1117 1477 1155 5ea
1497 1130 1601 1157 con-

159 1169 325 1211 ditione
350 1170 549 1222 fortunae,
570 1181 630 1221 ut,
651 1171 683 1211 si
703 1181 844 1211 essent
867 1170 1143 1225 magistratus
1157 1171 1326 1234 adepti,
1348 1171 1598 1227 reipublicae

156 1235 320 1268 statum
351 1229 595 1270 convulsuri
629 1228 886 1278 viderentur,
909 1228 1014 1267 meis
1046 1227 1300 1280 inimicitiis,
1332 1228 1448 1270 nulla
1478 1244 1599 1272 sena-

159 1293 226 1324 tus
248 1284 360 1325 mala
379 1288 532 1342 gratia,
555 1285 860 1326 Geomitiorum
892 1285 1058 1325 ratione
1089 1285 1270 1341 privavi.
1331 1284 1427 1342 Ego
1458 1285 1632 1335 Anto-5

156 1341 278 1382 nium
321 1318 546 1399 collegam,
584 1343 790 1399 cupidum
827 1342 1077 1398 provinciae,
1118 1342 1254 1383 multa
1294 1342 1338 1384 in
1374 1344 1596 1407 republica

157 1399 421 1451 molientem,
459 1401 666 1456 pitientia
694 1409 822 1454 atque
853 1399 1061 1454 obsequio
1091 1413 1188 1440 meo
1219 1400 1434 1456 mitigavi.
1496 1401 1593 1458 Ego

155 1457 424 1511 provinciam
458 1457 659 1508 Galliam,
693 1460 897 1497 7senatus
928 1456 1199 1507 auctoritate,
1221 1458 1414 1498 exercitu
1445 1468 1489 1499 et
1521 1472 1625 1515 pe-b
1629 1493 1636 1502 .

153 1514 283 1554 cunia
314 1515 562 1555 instructam
601 1526 646 1555 et
683 1524 893 1564 ornatam,
918 1528 1048 1569 quam
1082 1489 1214 1555 8curi1
1247 1513 1441 1556 Antonio
1473 1531 1592 1557 com-

155 1572 332 1621 mutavi,
354 1573 469 1626 quod
492 1576 553 1613 ita
573 1572 875 1612 existimabam
901 1581 1094 1627 tempora
1122 1571 1372 1627 reipublicae
1403 1572 1560 1624 fer‘re,
1552 1588 1595 1615 in

148 1629 362 1670 concione
402 1629 596 1684 deposui,
630 1628 887 1669 reclamante
928 1628 1089 1693 populo
1130 1628 1345 1671 Romano.
1406 1628 1503 1686 Ego
1545 1630 1594 1673 L

151 1684 402 1737 Catilinam,
436 1687 599 1727 caedein
641 1696 828 1736 senatus,
861 1685 1081 1727 interitum
1117 1686 1248 1737 urbis,
1279 1701 1363 1727 non
1396 1687 1592 1738 obscure,

154 1742 226 1783 sed
250 1743 389 1799 palam
412 1744 675 1794 molientem,
696 1743 841 1799 egredi
872 1757 928 1783 ex
959 1742 1357 1797 u1·bejussi:ut,a
1378 1758 1465 1799 quo
1485 1744 1594 1802 legi-

153 1799 231 1840 bus
253 1815 337 1841 non
364 1811 621 1856 poteramus,
641 1801 860 1841 moenibus
884 1800 965 1841 tuti
987 1814 1078 1841 esse
1100 1814 1336 1856 possemus,
1391 1800 1441 1841 E
1427 1816 1485 1857 go
1509 1779 1592 1845 tela

150 1865 344 1898 extremo
374 1872 518 1899 mense
550 1857 796 1899 consulatus
827 1858 910 1898 mei
942 1866 1109 1898 intenta
1122 1857 1290 1913 Juo'ulls
1313 1858 1517 1910 civitatis,
1538 1860 1591 1901 de

147 1913 471 1969 conjuratorum
491 1915 662 1956 nefariis
684 1915 883 1956 manibus
904 1915 1083 1955 extorsi.
1146 1914 1240 1971 Ego
1272 1914 1385 1955 faces
1402 1930 1463 1971 Ja·
1457 1931 1496 1956 .n
1519 1931 1590 1957 ae-

148 1984 296 2012 censas
334 1972 387 2013 ad
426 1973 552 2028 huius
595 1973 710 2013 urbis
745 1972 1008 2036 incendium,
1049 1948 1371 2027 comprehendi,
1415 1973 1588 2029 protuli,

146 2028 353 2069 exstinxi.
415 2029 493 2070 Me
515 2030 573 2076 Q.
588 2028 783 2080 Catulus,
804 2029 1004 2085 plinceps
1026 2028 1154 2084 hujus
1177 2029 1354 2079 ordinis,
1376 2041 1419 2070 et
1438 2027 1633 2073 auct013

145 2085 308 2140 publici
327 2086 510 2138 consilii,
533 2087 879 2142 frequentissimo
905 2095 1070 2137 senatu,
1093 2097 1311 2141 parentem
1336 2088 1486 2142 patriae
1511 2102 1586 2128 no-
1600 2099 1624 2132 6

141 2143 340 2185 minavit.
399 2143 516 2185 Mihi
550 2144 621 2185 hic
658 2158 721 2185 vir
759 2143 1032 2194 clarissimus,
1061 2144 1134 2198 qui
1167 2154 1344 2199 proptei
1379 2156 1419 2184 te
1453 2145 1586 2196 sedet,

185 2301 204 2331 5
238 2310 278 2330 ea
303 2301 481 2331 conditione
495 2299 661 2339 fortunoe]
699 2299 838 2340 Opinor,
881 2299 989 2330 vincia
1002 2299 1112 2330 ornari
1125 2303 1258 2329 senatus
1273 2298 1491 2331 auctoritate:
1510 2309 1589 2331 nam

142 2342 199 2382 qui
214 2342 253 2373 de
269 2352 303 2373 re
317 2343 471 2374 familiari
493 2343 578 2373 male
601 2343 775 2373 constituti
791 2352 841 2372 es·
881 2342 914 2372 id
928 2341 1128 2381 intelligitur
1149 2351 1207 2381 per
1229 2351 1275 2372 se.
1320 2341 1486 2373 Excidisse
1501 2342 1588 2373 vide-

141 2389 228 2422 oent,
245 2391 295 2422 ut,
308 2386 334 2415 si
358 2387 569 2425 magistratus
592 2385 722 2422 fierent,
746 2384 841 2417 facile
882 2388 939 2414 tur
963 2385 1113 2421 verbum,
1138 2389 1178 2413 ut
1200 2384 1396 2415 mandatam
1420 2384 1471 2415 vel
1497 2394 1589 2415 acee-

143 2427 254 2459 induci
268 2434 398 2468 possent
412 2428 453 2459 ad
468 2428 625 2465 facinora,
641 2427 756 2467 quibus
770 2437 839 2458 rem
875 2430 985 2466 ptam.
1029 2426 1117 2457 Ante
1146 2425 1292 2457 Faernus
1320 2428 1429 2458 multa
1456 2437 1474 2457 e
1506 2428 1586 2458 Mss.

142 2468 298 2500 facerent.
881 2469 1066 2509 corrigebat
1080 2469 1260 2508 multaque.

185 2511 205 2541 6
226 2512 429 2543 comitiorum
451 2513 577 2543 racione
594 2510 742 2551 privavi]
768 2511 789 2542 i.
809 2521 838 2542 e.
924 2514 942 2542 8
957 2521 1033 2541 cum
1046 2510 1125 2541 Ant.
1136 2509 1388 2550 communicavi]
1404 2510 1482 2541 Non
1496 2521 1586 2541 coma

144 2553 248 2590 effeci,
263 2559 302 2584 ut
317 2564 430 2584 eorum
453 2555 487 2585 in
505 2554 646 2585 comitiis
670 2554 842 2593 magistra·
883 2553 1078 2590 municavit‚
1100 2552 1245 2592 adeoque
1268 2562 1344 2583 curn
1372 2562 1411 2582 eo
1437 2562 1586 2583 commu-

143 2595 293 2634 tibusque
307 2596 436 2626 creandi
453 2598 537 2627 ratio
551 2596 662 2627 haberi
685 2605 752 2627 non
768 2606 841 2636 pos·
883 2604 958 2625 nem
975 2595 1103 2631 habuit,
1118 2594 1174 2624 sed
1192 2595 1222 2625 ci
1245 2604 1304 2635 pro
1320 2593 1514 2625 Macedonia
1530 2594 1584 2625 de·

143 2641 204 2667 set.
218 2638 329 2677 paullo
343 2638 453 2669 durius
469 2640 604 2669 dictum.
882 2637 944 2675 dit,
960 2647 1058 2677 quam
1080 2637 1109 2668 ei
1133 2645 1201 2667 sors
1224 2636 1370 2673 dederat,
1384 2637 1459 2675 quia
1482 2636 1585 2667 Galli·

185 2681 204 2712 7
225 2684 356 2710 senatus
380 2681 589 2720 auctoritate]
628 2680 704 2710 Non
730 2683 841 2720 potest
883 2689 936 2710 am
952 2680 1097 2710 malebat
1111 2678 1241 2709 habere.
1285 2679 1387 2709 Recte
1406 2687 1485 2718 ergo
1501 2687 1585 2709 com-

144 2717 218 2757 hoc,
233 2726 273 2752 ut
286 2722 413 2762 opinor,
430 2723 470 2753 ad
483 2725 679 2753 instructam
698 2726 729 2752 et
742 2732 840 2753 orna·
883 2723 1011 2752 mutam·
1025 2731 1193 2752 correxere
1215 2720 1397 2751 Lambinus
1419 2725 1454 2750 et
1476 2721 1583 2754 Hoto-

105 2801 110 2805 η
144 2764 215 2792 tam
241 2763 372 2794 referri.
409 2765 497 2804 quod
523 2770 656 2795 tantum
679 2764 719 2794 de
742 2773 840 2795 orna·
883 2773 1034 2794 mannus.
1044 2774 1104 2795 nec
1119 2762 1320 2795 dubitavisic
1334 2761 1475 2795 edei-ein
1487 2769 1584 2795 tant*

143 2804 264 2836 mentis
287 2806 528 2846 provinciarum
555 2807 688 2843 dicitur,
710 2816 782 2846 quae
805 2810 840 2836 et
882 2805 1059 2838 evidentia.

141 2843 177 2876 h.
189 2845 212 2876 1.
225 2855 540 2881 commemorantur:
558 2859 617 2880 nee
632 2848 753 2879 dicitur
764 2858 840 2889 pro-

783 2895 915 2933 4122
