1785 3185
296 137 392 171 1192
891 134 1138 173 ORATIO

292 237 408 287 abes,
431 237 618 278 consorti
642 252 809 279 mecum
831 246 1072 295 temporum
1104 236 1301 279 illorum.
1296 241 1307 267 Ρ
1340 252 1406 278 me
1428 253 1512 279 non
1536 239 1726 294 potuisse

295 292 476 334 Milonis
511 294 685 335 salutem
721 296 827 336 tueri
862 311 936 351 per
968 295 1155 345 eosdem,
1193 309 1264 350 per
1296 310 1403 350 quos
1437 305 1624 336 nostram
1658 296 1726 337 ille

294 361 523 392 servasset.
518 353 530 381 Ρ
550 351 641 391 At
634 367 674 392 m
689 367 773 407 qua
792 367 920 393 causa
941 367 1027 393 nou
1051 351 1262 407 potuisse?
1285 367 1357 407 qua
1346 367 1379 392 oe
1400 363 1464 393 est
1483 362 1602 408 grata
1622 367 1725 409 gen-

296 407 425 448 tibus.
453 423 478 448 a
498 409 653 462 quibus
675 423 760 449 non
785 410 1001 464 potuisse?
1032 410 1116 449 ιἰΙ)
1109 423 1173 458 us,
1196 409 1268 463 qui
1291 409 1478 449 maxime
1512 409 1560 450 P.
1582 387 1723 450 Clodii

209 475 280 509 103
295 473 432 505 morte
462 465 735 529 acquietum.
779 480 865 520 quo
904 467 1189 521 deprecante?
1227 479 1307 506 me.
1370 466 1599 511 Quodnam
1641 481 1723 522 ego

293 522 472 577 concepi
507 531 673 562 tantum
705 522 855 571 scelus,
877 532 952 562 aut
972 522 1086 576 quod
1117 535 1161 562 ιιι
1183 535 1249 561 me
1273 529 1439 562 tantum
1462 523 1626 564 facinus
1649 524 1723 564 ad-

290 578 404 628 misi,
433 578 616 633 judiceS,
648 593 745 619 cum
781 577 850 618 illa
883 579 1042 619 indicia
1073 578 1312 618 communis
1343 579 1466 619 exitii
1504 580 1720 635 indagavi,

291 636 492 690 patefeci,
522 635 692 690 protuli,
720 635 942 676 exstinxi?
974 649 1121 675 omnes
1156 635 1199 675 in
1232 648 1301 675 me
1336 649 1538 689 meosque
1572 638 1723 677 redun-

290 693 395 732 dant
425 706 478 733 ex
511 694 628 732 sonte
660 691 731 732 illo
762 691 943 732 dolores.
1005 691 1123 738 Quid
1154 705 1221 731 me
1251 691 1449 732 reducem
1471 706 1561 732 esse
1585 692 1722 733 volui-

290 750 391 790 stis?
413 764 466 789 an
491 759 551 798 ut,
571 749 836 803 inspectante
857 763 940 798 me,
962 748 1275 804 expellerentur
1297 748 1342 798 ii,
1365 763 1439 804 per
1457 763 1564 803 quos
1586 763 1720 791 essem

289 807 539 847 restitutus?
572 805 734 856 Nolite,
759 805 937 846 obsecro
969 820 1058 855 vos,
1090 805 1195 860 pati,
1226 805 1332 846 mihi
1363 806 1624 846 acerbiorem
1658 821 1720 848 re-

289 863 427 904 ditum
450 877 553 913 esse,
576 877 704 916 quam
727 862 854 903 fuerit
880 861 948 902 ille
970 862 1061 918 ipse
1082 863 1305 903 discessus.
1328 877 1425 902 nam
1449 862 1521 918 qui
1545 877 1717 919 possum

290 930 439 975 putare
470 933 538 959 me
568 919 814 960 restitutum
843 933 948 968 esse,
977 922 1018 950 42
1034 919 1068 959 si
1098 919 1312 960 distrahor
1342 920 1396 960 ab
1428 920 1494 970 iis,
1519 934 1591 975 per
1612 935 1719 976 quos

205 977 648 1057 38restitutus'sum?
674 976 850 1017 Utinam
872 976 930 1016 dii
957 976 1214 1017 immortales
1238 976 1458 1017 fecissent:
1482 980 1607 1032 (pace
1631 988 1718 1028 tua,

289 1034 440 1089 patria,
479 1033 691 1075 dixerim:
723 1042 868 1074 metuo
905 1032 1034 1097 enim,
1076 1047 1128 1074 ne
1167 1033 1366 1074 scele1ate
1401 1034 1541 1074 dicam
1580 1034 1623 1074 in
1660 1044 1716 1084 te,

288 1091 401 1145 quod
426 1104 501 1145 pro
526 1089 693 1130 Milone
715 1090 853 1131 dicam
879 1090 947 1145 pie
964 1092 994 1140 :)
1024 1090 1188 1132 utinam
1213 1089 1263 1131 P.
1279 1090 1455 1131 Clodius
1477 1105 1563 1132 non
1586 1091 1716 1132 modo

289 1148 464 1198 viveret,
488 1147 559 1188 secl
591 1147 721 1187 etiam
753 1156 925 1203 praetor,
956 1147 1120 1198 consul,
1146 1147 1385 1188 43dictat0r
1415 1157 1524 1188 esset
1557 1148 1716 1203 potius,

202 1217 272 1250 104
286 1219 416 1259 quam
446 1204 529 1246 hoc
560 1204 852 1268 spectaculum
884 1204 1085 1245 viderem.
1147 1202 1187 1244 O
1218 1204 1277 1244 dii
1312 1204 1595 1246 immortales!
1629 1203 1715 1246 for-

287 1270 374 1302 tem
410 1266 453 1302 et
491 1278 516 1302 a
548 1261 685 1312 vobis,
719 1261 904 1316 judices,
938 1260 1276 1302 conseivandum
1314 1261 1476 1302 virum!
1511 1260 1713 1312 Minime,

284 1318 477 1368 minime,
500 1319 654 1373 inquit.
687 1319 817 1359 immo
842 1333 940 1359 vero
973 1333 1124 1374 poenas
1156 1318 1224 1358 ille
1256 1318 1420 1359 debitas
1452 1318 1600 1360 luerit:
1633 1333 1710 1360 nos

284 1376 526 1426 subeamus,
550 1376 582 1416 si
606 1376 666 1416 ita
686 1390 856 1416 necesse
877 1385 955 1426 est,
979 1390 1063 1416 non
1095 1375 1276 1416 debitas.
1338 1375 1522 1416 Hiccine
1546 1375 1608 1415 vir
1639 1390 1711 1431 pa-

282 1433 377 1474 triae
400 1441 538 1483 natus,
562 1447 752 1487 usquam,
775 1433 854 1473 nisi
889 1433 930 1473 in
963 1433 1114 1496 patria,
1137 1432 1369 1474 morietur?
1400 1442 1487 1482 aut,
1519 1432 1552 1472 si
1585 1432 1710 1483 forte,

151 1518 182 1548 p
201 1509 267 1536 122
284 1503 359 1545 pro
390 1490 558 1545 patria?
591 1490 716 1544 hujus
745 1505 816 1530 vos
847 1490 977 1529 animi
1012 1499 1289 1530 monumenta
1318 1463 1584 1530 retinebitis:
1617 1504 1710 1531 cor-

239 1559 268 1578 a·
281 1547 395 1602 poris
419 1561 460 1587 m
486 1546 611 1587 [talia
635 1546 792 1587 nullum
816 1546 1055 1602 sepulcrum
1087 1561 1177 1586 esse
1209 1546 1459 1602 patiemini?
1490 1545 1603 1587 hunc
1634 1562 1710 1587 sua

281 1604 504 1658 quisquam
530 1604 740 1644 sententia
769 1618 821 1643 cx
853 1603 933 1643 hac
966 1605 1068 1645 urbe
1097 1603 1296 1658 expellet,
1319 1617 1446 1658 quem
1468 1617 1615 1644 omnes
1639 1618 1707 1644 ur-

196 1669 267 1702 105
282 1661 354 1701 bes
390 1660 616 1716 expulsum
655 1676 680 1701 ιι
715 1661 836 1701 vobis
875 1661 926 1701 ad
965 1675 1008 1701 se
1048 1661 1292 1702 vocabunt?
1325 1659 1365 1701 O
1402 1669 1554 1701 terram
1591 1659 1706 1701 illam

283 1719 466 1767 beatam,
487 1732 583 1772 quae
608 1718 720 1758 hunc
743 1718 880 1757 virum
896 1717 1145 1781 exceperit:
1178 1717 1289 1757 hanc
1313 1717 1538 1772 ingratam,
1564 1716 1597 1757 si
1619 1717 1706 1772 eje-

280 1776 412 1816 cerit:
447 1775 658 1825 miseram,
682 1775 713 1814 si
738 1774 952 1815 amiserit!
988 1775 1070 1816 Sed
1099 1774 1194 1814 finis
1225 1774 1292 1814 sit.
1316 1788 1453 1829 neque
1481 1774 1596 1814 euim
1620 1788 1706 1829 prae

278 1831 462 1872 lacrimis
487 1832 581 1886 jam
612 1831 727 1886 loqui
762 1846 963 1887 possum:
995 1841 1038 1871 et
1058 1831 1130 1872 hic
1156 1845 1198 1870 se
1225 1829 1409 1871 lacrimis
1439 1829 1610 1871 defendi
1635 1845 1706 1872 ve-

278 1898 354 1929 tat.
416 1889 502 1928 Vos
534 1903 623 1938 or0,
646 1888 1136 1943 obtestorque,judices,
1162 1897 1206 1928 ut
1239 1888 1280 1928 in
1313 1888 1534 1928 sententiis
1566 1886 1704 1929 feren-

274 1946 355 1996 dis,
381 1946 496 2001 quod
530 1947 736 1996 sentietis,
772 1945 1037 1986 idaudeatis.
1098 1945 1292 1985 Vestram
1332 1945 1548 1995 virtutem,
1572 1943 1703 1999 justi-

275 2003 393 2053 tiam,
417 2003 558 2053 fidem,
581 2002 684 2043 mihi
709 2003 882 2052 meclite,
905 2003 938 2042 is
963 2001 1149 2043 maxime
1172 2002 1386 2065 probabit,
1409 2001 1481 2057 qui
1514 2001 1556 2041 in
1582 2001 1701 2056 judi-

273 2060 395 2100 cibus
418 2060 622 2115 legendis,
644 2060 871 2116 optimum,
891 2070 932 2100 et
956 2059 1330 2115 sapientissimum,
1355 2068 1397 2100 et
1421 2058 1701 2100 f-01tissimum

274 2131 486 2171 quemque
509 2117 626 2172 legit.

315 2230 355 2257 42
384 2228 411 2257 si
439 2228 727 2257 dislralmr—rest.
755 2226 842 2266 snm]
873 2226 963 2256 Grae-
1005 2226 1089 2256 edidi
1112 2233 1241 2258 secutus
1264 2226 1379 2257 Lamb.
1397 2232 1431 2256 ct
1446 2226 1624 2263 Graevium,
1639 2227 1694 2265 qui

273 2271 342 2299 vius
355 2269 455 2298 edidit
469 2270 638 2298 distr-ahm-
653 2274 725 2308 post
749 2268 930 2299 Fabricium
945 2280 962 2299 e
1005 2280 1022 2299 e
1042 2269 1122 2300 Mas.
1146 2280 1300 2306 sumsere,
1317 2278 1512 2308 quamquam
1535 2273 1569 2298 et
1592 2278 1640 2298 res
1662 2273 1697 2299 et

275 2312 353 2342 Mss.
371 2312 463 2341 bene.
501 2311 562 2341 sed
575 2321 640 2341 non
656 2311 744 2350 sequi
761 2311 856 2341 debet
873 2312 962 2340 resti·
1007 2311 1153 2342 latinitas
1169 2312 1368 2354 postulabat,
1385 2321 1443 2352 pro
1456 2310 1591 2351 vulgato
1605 2314 1696 2341 ante·
1780 2307 1783 2353 ξ

274 2358 364 2383 tulus
377 2355 436 2382 sim
449 2354 465 2382 .7
1006 2363 1116 2393 quam.
1712 2368 1715 2369 ⁷
1779 2356 1783 2378 ἱ

315 2398 355 2426 43
378 2396 517 2426 dictator
539 2400 615 2426 essct
632 2395 754 2436 polius,
771 2394 884 2434 quam]
910 2395 961 2425 Sic
