1785 3185
435 143 784 184 PHILIPPICA
813 142 1142 182 UNDECIMA.
1402 143 1502 183 189⁷

79 258 197 291 mum
229 247 457 304 aliquando
488 248 541 289 ad
573 246 838 289 Dolabellam
871 246 1223 301 persequendum,
1259 252 1303 286 et
1337 252 1546 300 partemb.

76 305 260 360 aliquam
284 306 327 346 in
349 304 494 346 Asiam
525 314 568 345 et
598 305 765 360 Syriam
795 304 985 345 derivare
1010 317 1124 344 curae
1154 313 1197 343 et
1226 302 1505 358 cogitationis

79 371 181 403 tuae.
241 361 285 402 Si
315 371 456 403 autem
489 362 578 403 fieri
618 369 773 417 posset,
810 360 875 401 vel
909 360 1046 415 plures
1079 370 1121 399 te
1151 359 1315 399 animos
1349 358 1507 399 habere

78 418 244 470 vellem,
265 434 371 474 quos
395 433 541 460 omnes
563 419 614 460 ad
639 418 857 459 Mutinam
881 417 1134 458 intenderes.
1165 415 1280 470 quod
1302 416 1507 469 quoniam

78 475 169 517 fieri
189 490 274 516 non
297 485 451 531 potest,
475 477 583 517 istoc
604 475 762 525 animo,
789 488 915 530 quem
947 473 1076 514 habes
1104 472 1506 529 praestantissimum

78 543 207 588 atque
233 534 460 588 optimum,
494 533 601 574 nihil
633 542 673 573 te
696 532 905 581 volumus,
937 531 1016 572 nisi
1049 530 1101 571 de
1134 528 1269 569 Bruto
1301 528 1507 583 cogitare.

77 589 202 631 Facis
232 599 277 630 tu
307 590 348 631 id
379 590 568 645 quidem,
599 598 642 630 et
671 604 722 631 eo
754 589 940 630 maxime
968 586 1204 629 incumbis:
1238 585 1342 626 duas
1365 595 1506 626 tamen
1519 593 1570 627 23

76 660 158 697 res,
186 660 362 702 magnas
394 648 644 704 praesertim,
671 661 757 688 non
786 645 913 686 modo
936 658 1060 700 agere
1083 658 1167 684 uno
1198 653 1405 698 tempore,
1435 641 1508 682 sed

76 717 131 744 ne
152 704 384 759 cogitando
406 704 578 759 quidem
600 703 815 758 explicare
844 703 1069 757 quisquam
1101 709 1257 756 potest.
1319 698 1506 740 Incitare

78 771 123 800 et
144 760 409 801 inflammare
434 771 554 801 tuum
577 761 687 801 istud
708 758 1107 815 praestantissimum
1125 757 1329 805 studium,
1351 770 1436 796 non
1453 755 1506 796 ad

79 816 203 858 aliam
228 817 311 858 ulla
331 832 386 858 ex
411 827 529 873 parte
549 832 694 859 curam
717 817 942 858 transferre
963 816 1183 856 debemus.
1243 812 1367 854 Adde
1397 813 1506 853 istuc
1525 816 1592 865 10

79 887 293 915 sermones
316 874 552 925 hominum,
579 874 686 915 adde
710 873 989 930 suspiciones,
1012 872 1118 913 adde
1140 871 1362 912 invidiam.
1406 868 1510 910 Imi-

80 939 170 972 tare
192 944 274 982 me,
296 945 422 986 quem
441 941 485 972 tu
509 945 674 986 semper
694 931 899 972 laudasti:
923 931 996 985 qui
1021 930 1270 970 instructam
1295 936 1512 968 ornatam-

78 1002 164 1042 que
201 1003 226 1030 a
261 997 407 1030 senatu
449 988 712 1044 provinciam
750 987 943 1043 deposui,
978 997 1027 1027 ut
1064 985 1310 1026 incendium
1347 985 1514 1040 patriae,

80 1046 121 1075 ⁵⁰
135 1045 293 1086 omissa
312 1045 428 1087 omni
453 1046 732 1102 cogitatione,
751 1045 1074 1100 restinguerem.
1097 1057 1224 1083 nemo
1243 1042 1337 1091 erit,
1361 1051 1517 1097 praeter

81 1115 214 1142 unum
238 1116 320 1153 me,
347 1103 522 1158 quicum
546 1102 756 1158 profecto,
787 1103 820 1142 si
850 1101 951 1157 quid
982 1101 1183 1141 interesse
1207 1109 1279 1139 tua
1309 1109 1516 1154 putasses,

81 1172 160 1214 pro
183 1173 349 1200 summa
379 1159 668 1200 familiaritate
689 1170 833 1200 nostra
854 1157 1230 1207 communicasses,
1261 1157 1331 1211 qui
1356 1154 1517 1205 credat,

81 1224 124 1256 te
143 1216 296 1266 invito,
322 1217 583 1272 provinciam
609 1215 687 1257 tibi
712 1230 802 1257 esse
825 1216 1054 1256 decretam.
1089 1214 1231 1263 Hanc,
1253 1227 1415 1268 quaeso,
1438 1226 1515 1267 pro

81 1280 156 1313 tua
179 1273 384 1329 singulari
408 1274 632 1330 sapientia,
656 1274 836 1330 reprime
859 1272 1041 1314 famam:
1074 1282 1202 1326 atque
1224 1271 1361 1320 effice,
1383 1283 1436 1310 ne
1458 1268 1515 1319 id,

80 1330 196 1384 quod
227 1345 311 1371 non
347 1346 483 1382 curas,
514 1345 671 1387 cupere
695 1331 877 1372 videare.
940 1328 1069 1375 Quod
1089 1329 1273 1383 -quidem
1306 1341 1357 1368 eo
1390 1326 1584 1371 velie-⁶24.

80 1387 267 1428 mentius
292 1386 369 1428 tibi
395 1388 676 1429 laborandum
699 1398 777 1439 cst,
799 1387 900 1443 quia
924 1387 965 1427 in
998 1386 1177 1427 eandem
1200 1384 1352 1426 cadere
1380 1383 1516 1438 suspi-

81 1443 250 1485 cionem
291 1444 470 1501 collega,
505 1447 571 1486 vir
606 1445 877 1494 clarissimus,
909 1458 995 1485 non
1036 1451 1191 1499 potest.
1223 1441 1331 1482 nihil
1362 1441 1517 1481 horum

83 1501 178 1552 scit,
202 1501 309 1542 nihil
332 1503 585 1557 suspicatur.
619 1501 775 1543 bellum
799 1501 933 1557 gerit:
957 1501 1000 1541 in
1023 1500 1114 1540 acie
1136 1508 1242 1540 stat:
1265 1499 1317 1539 de
1341 1497 1516 1554 sangui-

83 1572 137 1598 ne
158 1566 203 1599 et
222 1558 275 1599 de
297 1559 447 1615 spiritu
464 1559 677 1601 decertat:
702 1567 800 1600 ante
821 1558 1086 1615 provinciam
1110 1557 1191 1597 sibi
1208 1556 1423 1597 decretam
1441 1569 1515 1594 au-

83 1615 186 1666 diet,
208 1630 336 1670 quam
359 1617 548 1672 potuerit
572 1629 737 1672 tempus
760 1616 797 1656 ei
824 1616 881 1656 rei
905 1615 1051 1656 datum
1075 1613 1295 1669 suspicari.
1340 1613 1514 1662 Vereor,

83 1686 138 1713 ne
154 1673 367 1714 exercitus
386 1688 556 1728 quoque
577 1674 726 1724 nostri,
748 1673 820 1728 qui
841 1687 926 1713 non
946 1672 1134 1713 delectus
1153 1670 1421 1720 necessitate,
1442 1669 1515 1709 sed

84 1729 337 1770 voluntariis
359 1731 510 1771 studiis
531 1746 573 1771 se
592 1731 642 1771 ad
665 1730 968 1786 rempublicam
991 1728 1279 1777 contulerunt,
1297 1727 1518 1767 tardentur

84 1787 254 1837 animis,
276 1787 310 1827 si
332 1788 564 1842 quidquam
587 1788 700 1828 aliud
723 1803 747 1828 a
769 1788 907 1838 nobis,
934 1787 1015 1827 nisi
1037 1786 1089 1826 de
1111 1783 1422 1826 instanti-bello
1445 1798 1518 1824 co-

85 1844 272 1899 gitatum
294 1846 522 1900 putabunt.
555 1845 720 1892 Quodsi
742 1845 975 1900 provinciae
997 1843 1243 1884 consulibus
1258 1840 1516 1896 expetendae

85 1900 300 1952 videntur,
331 1901 441 1942 sicut
468 1917 582 1958 saepe
603 1902 748 1943 multis
776 1901 1018 1943 clarissimis
1042 1900 1140 1940 viris
1163 1899 1368 1955 expetitae
1393 1906 1516 1938 sunt:

86 1957 252 1999 reddite
274 1958 389 2014 prius
421 1960 546 1999 nobis
569 1959 767 2008 Brutum,
797 1959 938 1999 lumen
966 1968 1009 1998 et
1040 1957 1168 1997 decus
1196 1956 1411 1997 civitatis:
1443 1952 1649 2010 quw-2362

88 2014 150 2055 ita
178 2016 493 2056 conservandus
515 2025 593 2066 est,
626 2019 662 2047 51
683 2025 729 2056 ut
751 2015 793 2057 id
815 2015 1000 2072 signum,
1033 2015 1147 2069 quod
1170 2013 1222 2054 de
1243 2012 1350 2054 eaelo
1372 2011 1517 2068 delap·
1530 2005 1560 2025 ³·

90 2086 198 2123 sum,
217 2072 360 2113 Vestae
385 2073 591 2113 custodiis
612 2073 878 2114 continetur:
901 2086 986 2127 quo
1009 2071 1140 2122 salvo,
1163 2070 1266 2110 salvi
1285 2084 1429 2110 sumus
1451 2068 1518 2109 fu-

87 2129 188 2170 turi.
220 2137 323 2170 tunc
345 2128 410 2171 vel
433 2130 476 2170 in
499 2129 651 2170 caelum
674 2144 764 2181 vos,
787 2129 820 2170 si
844 2129 934 2170 fieri
956 2128 1129 2185 poterit,
1151 2126 1339 2168 humeris
1362 2126 1518 2167 nostris

88 2186 314 2229 tollemus:
369 2187 608 2241 provincias
650 2196 764 2228 certe
799 2186 1072 2242 dignissimas
1109 2184 1231 2225 vobis
1268 2183 1519 2239 deligemus.

88 2258 204 2285 nunc
225 2243 339 2299 quod
363 2243 519 2299 agitur,
541 2257 732 2300 agamus
762 2242 922 2299 Agitur
938 2252 1096 2292 autem,
1114 2240 1293 2283 liberine
1313 2241 1521 2289 vivamus,

90 2315 143 2342 an
176 2310 359 2342 mortem
380 2301 606 2342 obeamus:
639 2316 735 2356 quae
763 2309 878 2342 certe
899 2299 1093 2341 servituti
1121 2297 1421 2354 anteponenda
1441 2308 1520 2338 est.

92 2357 226 2408 Quid,
248 2358 283 2399 si
301 2357 430 2398 etiam
449 2357 572 2398 affert
589 2358 834 2399 tarditatem
851 2357 933 2398 ista
950 2356 1161 2399 sententia
1178 2356 1230 2396 ad
1249 2354 1516 2396 Dolabellam
1531 2366 1581 2400 25

90 2415 458 2471 persequendum?
481 2415 652 2470 quando
673 2415 786 2455 enim
810 2415 952 2456 veniet
972 2412 1148 2456 consul?
1170 2416 1210 2444 52
1226 2427 1277 2454 an
1302 2412 1346 2453 id
1367 2425 1521 2468 exspe-

90 2481 272 2523 ctamus,
293 2487 378 2527 quo
397 2486 450 2512 ne
472 2472 701 2528 vestigium
723 2472 895 2527 quidem
916 2471 1033 2512 Asiae
1056 2470 1281 2512 civitatum
1303 2478 1431 2524 atque
1453 2483 1523 2509 ur-

92 2529 213 2570 bium
233 2527 518 2584 relinquatur?
540 2528 600 2570 At
618 2530 792 2570 mittent
812 2529 997 2584 aliquem
1018 2528 1070 2569 de
1091 2542 1168 2568 suo
1190 2540 1383 2567 numero.
1423 2524 1524 2565 Val-

91 2586 146 2628 de
167 2585 274 2627 mihi
296 2586 467 2642 probari
489 2596 648 2643 potest,
668 2587 741 2643 qui
773 2586 915 2643 paullo
938 2596 1037 2627 ante
1057 2584 1292 2626 clarissimo
1317 2583 1407 2624 viro
1436 2581 1524 2638 pri-

91 2715 196 2745 verim
211 2719 242 2745 te
255 2717 441 2747 necessario.
488 2715 552 2747 Ms.
578 2715 621 2747 H.
646 2725 713 2747 non
729 2716 786 2747 ha·
828 2716 974 2755 signum,
995 2715 1047 2746 vel
1061 2714 1197 2745 omnino
1213 2720 1395 2753 pronomen
1410 2709 1525 2746 deleri,

94 2757 150 2788 bet
165 2761 205 2788 te·
828 2758 914 2798 quod
925 2767 1010 2798 saepe
1025 2768 1044 2788 a
1057 2755 1290 2797 glossatoribus
1302 2752 1449 2783 additum
1461 2756 1524 2783 est.

136 2803 177 2831 50
191 2800 308 2830 omissa
321 2809 347 2829 o.
361 2799 405 2840 c.]
424 2799 486 2831 Ms.
500 2799 545 2831 H.
560 2800 648 2832 delet
659 2801 787 2831 omissa.
872 2802 911 2831 59
926 2809 971 2831 an
982 2800 1019 2831 id
1029 2796 1265 2840 exspectamus]
1282 2796 1344 2831 int·
1360 2799 1495 2836 tempus.
1505 2804 1525 2827 e

95 2841 134 2873 In
150 2841 283 2882 vulgato
296 2844 359 2872 int.
382 2843 463 2873 alia.
827 2843 966 2884 quando.

129 2887 173 2916 51
194 2889 234 2916 ut
247 2883 284 2915 id
295 2885 441 2924 signum,
457 2884 555 2927 quod]
572 2884 687 2917 Malim
702 2885 787 2917 illud
