<?xml version="1.0" encoding="UTF-8"?>
<!DOCTYPE html PUBLIC "-//W3C//DTD XHTML 1.0 Transitional//EN"
    "http://www.w3.org/TR/xhtml1/DTD/xhtml1-transitional.dtd">
<html xmlns="http://www.w3.org/1999/xhtml" xml:lang="en" lang="en">
 <head>
  <title>
</title>
<meta http-equiv="Content-Type" content="text/html;charset=utf-8" />
  <meta name='ocr-system' content='tesseract 3.04.00' />
  <meta name='ocr-capabilities' content='ocr_page ocr_carea ocr_par ocr_line ocrx_word'/>
</head>
<body>
  <div class='ocr_page' id='page_1' title='image "./p2operaomnia02ciceuoft_0305.png"; bbox 0 0 1769 3174; ppageno 0'>
   <div class='ocr_carea' id='block_1_1' title="bbox 602 130 1539 174">
    <p class='ocr_par' dir='ltr' id='par_1_1' title="bbox 602 130 1539 174">
     <span class='ocr_line' id='line_1_1' title="bbox 602 130 1539 174; baseline 0.006 -6"><span class='ocrx_word' id='word_1_1' title='bbox 602 130 719 169; x_wconf 86' lang='lat' dir='ltr'>PRO</span> <span class='ocrx_word' id='word_1_2' title='bbox 745 130 789 169; x_wconf 85' lang='grc' dir='ltr'>Ρ.</span> <span class='ocrx_word' id='word_1_3' title='bbox 818 131 1050 169; x_wconf 83' lang='lat' dir='ltr'><strong>SEXTIO.</strong></span> <span class='ocrx_word' id='word_1_4' title='bbox 1446 140 1539 174; x_wconf 65' lang='lat'>1021</span> 
     </span>
    </p>
   </div>
   <div class='ocr_carea' id='block_1_2' title="bbox 78 235 1640 1092">
    <p class='ocr_par' dir='ltr' id='par_1_2' title="bbox 85 235 1541 577">
     <span class='ocr_line' id='line_1_2' title="bbox 91 235 1541 300; baseline 0.003 -23"><span class='ocrx_word' id='word_1_5' title='bbox 91 235 213 300; x_wconf 71' lang='lat' dir='ltr'>riam,</span> <span class='ocrx_word' id='word_1_6' title='bbox 247 236 577 292; x_wconf 86' lang='lat' dir='ltr'>sempiternam:</span> <span class='ocrx_word' id='word_1_7' title='bbox 611 249 747 291; x_wconf 86' lang='lat' dir='ltr'>neque</span> <span class='ocrx_word' id='word_1_8' title='bbox 778 235 889 276; x_wconf 85' lang='lat' dir='ltr'>hanc</span> <span class='ocrx_word' id='word_1_9' title='bbox 919 235 1170 291; x_wconf 85' lang='lat' dir='ltr'>opinionem</span> <span class='ocrx_word' id='word_1_10' title='bbox 1201 237 1234 277; x_wconf 90' lang='lat' dir='ltr'>si</span> <span class='ocrx_word' id='word_1_11' title='bbox 1268 237 1309 277; x_wconf 88' lang='lat' dir='ltr'>in</span> <span class='ocrx_word' id='word_1_12' title='bbox 1342 237 1413 279; x_wconf 85' lang='lat' dir='ltr'>illo</span> <span class='ocrx_word' id='word_1_13' title='bbox 1445 254 1541 282; x_wconf 88' lang='lat' dir='ltr'>san-</span> 
     </span>
     <span class='ocr_line' id='line_1_3' title="bbox 90 292 1540 358; baseline 0.004 -26"><span class='ocrx_word' id='word_1_14' title='bbox 90 292 286 335; x_wconf 86' lang='lat' dir='ltr'>ctissimo</span> <span class='ocrx_word' id='word_1_15' title='bbox 319 292 506 334; x_wconf 83' lang='lat' dir='ltr'>Hercule</span> <span class='ocrx_word' id='word_1_16' title='bbox 537 302 832 333; x_wconf 61' lang='lat' dir='ltr'>consecti-atim</span> <span class='ocrx_word' id='word_1_17' title='bbox 861 292 1064 343; x_wconf 83' lang='lat' dir='ltr'>videmus,</span> <span class='ocrx_word' id='word_1_18' title='bbox 1087 307 1209 347; x_wconf 67' lang='lat' dir='ltr'>cujus</span> <span class='ocrx_word' id='word_1_19' title='bbox 1241 308 1419 358; x_wconf 80' lang='lat' dir='ltr'>corpore</span> <span class='ocrx_word' id='word_1_20' title='bbox 1450 312 1540 338; x_wconf 87' lang='lat' dir='ltr'>am-</span> 
     </span>
     <span class='ocr_line' id='line_1_4' title="bbox 91 349 1537 406; baseline 0.002 -15"><span class='ocrx_word' id='word_1_21' title='bbox 91 350 233 402; x_wconf 87' lang='lat' dir='ltr'>busto,</span> <span class='ocrx_word' id='word_1_22' title='bbox 268 351 401 391; x_wconf 85' lang='lat' dir='ltr'>vitam</span> <span class='ocrx_word' id='word_1_23' title='bbox 437 350 529 405; x_wconf 83' lang='lat' dir='ltr'>ejus</span> <span class='ocrx_word' id='word_1_24' title='bbox 566 360 609 389; x_wconf 86' lang='lat' dir='ltr'>et</span> <span class='ocrx_word' id='word_1_25' title='bbox 645 350 846 390; x_wconf 77' lang='lat' dir='ltr'>virtutem</span> <span class='ocrx_word' id='word_1_26' title='bbox 883 349 1181 390; x_wconf 77' lang='lat' dir='ltr'>immortalitas</span> <span class='ocrx_word' id='word_1_27' title='bbox 1217 353 1438 406; x_wconf 71' lang='lat' dir='ltr'><strong>excepisse</strong></span> <span class='ocrx_word' id='word_1_28' title='bbox 1473 354 1537 394; x_wconf 82' lang='lat' dir='ltr'>‹li-</span> 
     </span>
     <span class='ocr_line' id='line_1_5' title="bbox 87 406 1535 463; baseline 0.003 -17"><span class='ocrx_word' id='word_1_29' title='bbox 87 406 215 458; x_wconf 88' lang='lat' dir='ltr'>citur,</span> <span class='ocrx_word' id='word_1_30' title='bbox 246 409 388 449; x_wconf 88' lang='lat' dir='ltr'>minus</span> <span class='ocrx_word' id='word_1_31' title='bbox 420 407 716 447; x_wconf 76' lang='lat' dir='ltr'>existimemus</span> <span class='ocrx_word' id='word_1_32' title='bbox 747 422 834 456; x_wconf 83' lang='lat' dir='ltr'>COS,</span> <span class='ocrx_word' id='word_1_33' title='bbox 855 407 924 461; x_wconf 80' lang='lat' dir='ltr'>qui</span> <span class='ocrx_word' id='word_1_34' title='bbox 961 407 998 447; x_wconf 86' lang='lat' dir='ltr'>h</span> <span class='ocrx_word' id='word_1_35' title='bbox 991 421 1070 447; x_wconf 88' lang='lat' dir='ltr'>mc</span> <span class='ocrx_word' id='word_1_36' title='bbox 1103 416 1266 447; x_wconf 70' lang='lat' dir='ltr'>mutam</span> <span class='ocrx_word' id='word_1_37' title='bbox 1299 410 1535 463; x_wconf 85' lang='lat' dir='ltr'>rempubli-</span> 
     </span>
     <span class='ocr_line' id='line_1_6' title="bbox 89 464 1532 514; baseline 0.002 -9"><span class='ocrx_word' id='word_1_38' title='bbox 89 478 184 504; x_wconf 88' lang='lat' dir='ltr'>cam</span> <span class='ocrx_word' id='word_1_39' title='bbox 212 467 266 495; x_wconf 84' lang='lat'>101</span> <span class='ocrx_word' id='word_1_40' title='bbox 284 479 369 505; x_wconf 79' lang='lat' dir='ltr'>suls</span> <span class='ocrx_word' id='word_1_41' title='bbox 392 464 581 505; x_wconf 89' lang='lat' dir='ltr'>consiliis</span> <span class='ocrx_word' id='word_1_42' title='bbox 612 479 661 504; x_wconf 81' lang='lat' dir='ltr'>ac</span> <span class='ocrx_word' id='word_1_43' title='bbox 692 464 910 504; x_wconf 69' lang='lat' dir='ltr'>lz·1b01ibus</span> <span class='ocrx_word' id='word_1_44' title='bbox 941 474 1015 504; x_wconf 83' lang='lat' dir='ltr'>aut</span> <span class='ocrx_word' id='word_1_45' title='bbox 1045 465 1260 514; x_wconf 77' lang='lat' dir='ltr'>auxerint,</span> <span class='ocrx_word' id='word_1_46' title='bbox 1282 474 1356 505; x_wconf 84' lang='lat' dir='ltr'>aut</span> <span class='ocrx_word' id='word_1_47' title='bbox 1386 466 1532 508; x_wconf 58' lang='grc' dir='ltr'>(Μετι-</span> 
     </span>
     <span class='ocr_line' id='line_1_7' title="bbox 85 520 1503 577; baseline 0.002 -16"><span class='ocrx_word' id='word_1_48' title='bbox 85 520 241 571; x_wconf 85' lang='lat' dir='ltr'>derint,</span> <span class='ocrx_word' id='word_1_49' title='bbox 264 531 338 563; x_wconf 82' lang='lat' dir='ltr'>aut</span> <span class='ocrx_word' id='word_1_50' title='bbox 359 521 580 571; x_wconf 82' lang='lat' dir='ltr'>servarint,</span> <span class='ocrx_word' id='word_1_51' title='bbox 602 536 692 561; x_wconf 86' lang='lat' dir='ltr'>esse</span> <span class='ocrx_word' id='word_1_52' title='bbox 716 520 997 562; x_wconf 79' lang='lat' dir='ltr'>immortalem</span> <span class='ocrx_word' id='word_1_53' title='bbox 1022 520 1203 577; x_wconf 82' lang='lat' dir='ltr'>gloriam</span> <span class='ocrx_word' id='word_1_54' title='bbox 1234 533 1503 564; x_wconf 88' lang='lat' dir='ltr'>consecutos.</span> 
     </span>
    </p>

    <p class='ocr_par' dir='ltr' id='par_1_3' title="bbox 78 565 1640 1092">
     <span class='ocr_line' id='line_1_8' title="bbox 143 565 1613 634; baseline -0.001 -16"><span class='ocrx_word' id='word_1_55' title='bbox 143 577 228 618; x_wconf 88' lang='lat' dir='ltr'>Sed</span> <span class='ocrx_word' id='word_1_56' title='bbox 262 594 331 620; x_wconf 88' lang='lat' dir='ltr'>me</span> <span class='ocrx_word' id='word_1_57' title='bbox 369 588 558 634; x_wconf 83' lang='lat' dir='ltr'>repente,</span> <span class='ocrx_word' id='word_1_58' title='bbox 589 579 775 633; x_wconf 82' lang='lat' dir='ltr'>judices,</span> <span class='ocrx_word' id='word_1_59' title='bbox 809 579 861 618; x_wconf 86' lang='lat' dir='ltr'>de</span> <span class='ocrx_word' id='word_1_60' title='bbox 896 578 1226 619; x_wconf 76' lang='lat' dir='ltr'>fortissimorum</span> <span class='ocrx_word' id='word_1_61' title='bbox 1267 588 1310 619; x_wconf 89' lang='lat' dir='ltr'>et</span> <span class='ocrx_word' id='word_1_62' title='bbox 1348 565 1613 626; x_wconf 76' lang='lat' dir='ltr'>clarissi—69</span> 
     </span>
     <span class='ocr_line' id='line_1_9' title="bbox 85 635 1617 691; baseline 0.001 -16"><span class='ocrx_word' id='word_1_63' title='bbox 85 648 254 676; x_wconf 88' lang='lat' dir='ltr'>morum</span> <span class='ocrx_word' id='word_1_64' title='bbox 276 636 435 677; x_wconf 89' lang='lat' dir='ltr'>civium</span> <span class='ocrx_word' id='word_1_65' title='bbox 459 636 671 691; x_wconf 77' lang='lat' dir='ltr'>dignitate</span> <span class='ocrx_word' id='word_1_66' title='bbox 702 645 744 676; x_wconf 86' lang='lat' dir='ltr'>et</span> <span class='ocrx_word' id='word_1_67' title='bbox 775 635 911 691; x_wconf 82' lang='lat' dir='ltr'>gloria</span> <span class='ocrx_word' id='word_1_68' title='bbox 939 636 1168 687; x_wconf 80' lang='lat' dir='ltr'>dicentem,</span> <span class='ocrx_word' id='word_1_69' title='bbox 1192 645 1234 676; x_wconf 88' lang='lat' dir='ltr'>et</span> <span class='ocrx_word' id='word_1_70' title='bbox 1257 635 1378 691; x_wconf 84' lang='lat' dir='ltr'>plura</span> <span class='ocrx_word' id='word_1_71' title='bbox 1398 638 1528 678; x_wconf 86' lang='lat' dir='ltr'>etiam</span> <span class='ocrx_word' id='word_1_72' title='bbox 1545 644 1617 677; x_wconf 68' lang='lat'>144</span> 
     </span>
     <span class='ocr_line' id='line_1_10' title="bbox 84 691 1640 750; baseline 0 -18"><span class='ocrx_word' id='word_1_73' title='bbox 84 691 226 733; x_wconf 85' lang='lat' dir='ltr'>dicere.</span> <span class='ocrx_word' id='word_1_74' title='bbox 257 703 494 750; x_wconf 85' lang='lat' dir='ltr'>parantem,</span> <span class='ocrx_word' id='word_1_75' title='bbox 522 692 673 733; x_wconf 86' lang='lat' dir='ltr'>horum</span> <span class='ocrx_word' id='word_1_76' title='bbox 705 692 931 747; x_wconf 82' lang='lat' dir='ltr'>adspectus</span> <span class='ocrx_word' id='word_1_77' title='bbox 964 693 1006 733; x_wconf 86' lang='lat' dir='ltr'>iu</span> <span class='ocrx_word' id='word_1_78' title='bbox 1038 692 1132 748; x_wconf 86' lang='lat' dir='ltr'>ipso</span> <span class='ocrx_word' id='word_1_79' title='bbox 1163 708 1289 734; x_wconf 90' lang='lat' dir='ltr'>cursu</span> <span class='ocrx_word' id='word_1_80' title='bbox 1320 695 1527 735; x_wconf 85' lang='lat' dir='ltr'>orationis</span> <span class='ocrx_word' id='word_1_81' title='bbox 1540 705 1640 740; x_wconf 61' lang='lat' dir='ltr'>suffla.</span> 
     </span>
     <span class='ocr_line' id='line_1_11' title="bbox 85 749 1557 814; baseline 0.002 -25"><span class='ocrx_word' id='word_1_82' title='bbox 85 752 301 814; x_wconf 78' lang='lat' dir='ltr'>repressit.</span> <span class='ocrx_word' id='word_1_83' title='bbox 364 750 501 790; x_wconf 87' lang='lat' dir='ltr'>Video</span> <span class='ocrx_word' id='word_1_84' title='bbox 535 750 584 790; x_wconf 87' lang='grc' dir='ltr'>Ρ</span> <span class='ocrx_word' id='word_1_85' title='bbox 619 750 831 800; x_wconf 83' lang='lat' dir='ltr'>Sextium,</span> <span class='ocrx_word' id='word_1_86' title='bbox 863 764 969 790; x_wconf 80' lang='lat' dir='ltr'>nieae</span> <span class='ocrx_word' id='word_1_87' title='bbox 1002 749 1164 800; x_wconf 82' lang='lat' dir='ltr'>salutis,</span> <span class='ocrx_word' id='word_1_88' title='bbox 1197 760 1347 791; x_wconf 85' lang='lat' dir='ltr'>vestrae</span> <span class='ocrx_word' id='word_1_89' title='bbox 1378 756 1557 792; x_wconf 84' lang='lat' dir='ltr'>aucto-²</span> 
     </span>
     <span class='ocr_line' id='line_1_12' title="bbox 82 806 1529 864; baseline 0.003 -18"><span class='ocrx_word' id='word_1_90' title='bbox 82 806 238 858; x_wconf 86' lang='lat' dir='ltr'>ritatis,</span> <span class='ocrx_word' id='word_1_91' title='bbox 272 807 455 864; x_wconf 87' lang='lat' dir='ltr'>publicae</span> <span class='ocrx_word' id='word_1_92' title='bbox 487 822 627 848; x_wconf 82' lang='lat' dir='ltr'>causae</span> <span class='ocrx_word' id='word_1_93' title='bbox 659 806 942 856; x_wconf 76' lang='lat' dir='ltr'>defensorem,</span> <span class='ocrx_word' id='word_1_94' title='bbox 974 817 1356 863; x_wconf 85' lang='lat' dir='ltr'>propuonatorem,</span> <span class='ocrx_word' id='word_1_95' title='bbox 1379 819 1529 850; x_wconf 86' lang='lat' dir='ltr'>aucto-</span> 
     </span>
     <span class='ocr_line' id='line_1_13' title="bbox 80 863 1529 920; baseline 0.002 -16"><span class='ocrx_word' id='word_1_96' title='bbox 80 877 185 914; x_wconf 87' lang='lat' dir='ltr'>rem,</span> <span class='ocrx_word' id='word_1_97' title='bbox 208 879 356 907; x_wconf 91' lang='lat' dir='ltr'>rcum:</span> <span class='ocrx_word' id='word_1_98' title='bbox 392 864 514 905; x_wconf 84' lang='lat' dir='ltr'>video</span> <span class='ocrx_word' id='word_1_99' title='bbox 547 863 660 905; x_wconf 83' lang='lat' dir='ltr'>hunc</span> <span class='ocrx_word' id='word_1_100' title='bbox 690 873 996 920; x_wconf 81' lang='lat' dir='ltr'>praetextatum</span> <span class='ocrx_word' id='word_1_101' title='bbox 1019 879 1111 919; x_wconf 65' lang='lat' dir='ltr'>ejus</span> <span class='ocrx_word' id='word_1_102' title='bbox 1141 863 1276 905; x_wconf 86' lang='lat' dir='ltr'>filium</span> <span class='ocrx_word' id='word_1_103' title='bbox 1306 865 1440 906; x_wconf 88' lang='lat' dir='ltr'>oculis</span> <span class='ocrx_word' id='word_1_104' title='bbox 1469 866 1529 907; x_wconf 79' lang='lat' dir='ltr'>la-</span> 
     </span>
     <span class='ocr_line' id='line_1_14' title="bbox 87 921 1528 976; baseline 0.002 -15"><span class='ocrx_word' id='word_1_105' title='bbox 87 922 384 976; x_wconf 83' lang='lat' dir='ltr'>crymantibus</span> <span class='ocrx_word' id='word_1_106' title='bbox 418 936 484 961; x_wconf 88' lang='lat' dir='ltr'>me</span> <span class='ocrx_word' id='word_1_107' title='bbox 517 921 786 963; x_wconf 81' lang='lat' dir='ltr'>intuentem:</span> <span class='ocrx_word' id='word_1_108' title='bbox 822 921 945 962; x_wconf 89' lang='lat' dir='ltr'>video</span> <span class='ocrx_word' id='word_1_109' title='bbox 980 921 1281 973; x_wconf 83' lang='lat' dir='ltr'>¹02Milonem,</span> <span class='ocrx_word' id='word_1_110' title='bbox 1312 922 1528 964; x_wconf 82' lang='lat' dir='ltr'>vindicem</span> 
     </span>
     <span class='ocr_line' id='line_1_15' title="bbox 81 977 1525 1029; baseline 0.002 -11"><span class='ocrx_word' id='word_1_111' title='bbox 81 987 234 1019; x_wconf 87' lang='lat' dir='ltr'>vestrae</span> <span class='ocrx_word' id='word_1_112' title='bbox 257 978 481 1029; x_wconf 83' lang='lat' dir='ltr'>libertatis,</span> <span class='ocrx_word' id='word_1_113' title='bbox 503 979 726 1019; x_wconf 83' lang='lat' dir='ltr'>custodem</span> <span class='ocrx_word' id='word_1_114' title='bbox 756 977 901 1019; x_wconf 82' lang='lat' dir='ltr'>salutis</span> <span class='ocrx_word' id='word_1_115' title='bbox 933 993 1056 1029; x_wconf 64' lang='lat' dir='ltr'>meze,</span> <span class='ocrx_word' id='word_1_116' title='bbox 1080 979 1318 1020; x_wconf 87' lang='lat' dir='ltr'>subsidium</span> <span class='ocrx_word' id='word_1_117' title='bbox 1350 980 1525 1022; x_wconf 70' lang='lat' dir='ltr'>afflictae</span> 
     </span>
     <span class='ocr_line' id='line_1_16' title="bbox 78 1035 1526 1092; baseline 0.002 -16"><span class='ocrx_word' id='word_1_118' title='bbox 78 1035 344 1091; x_wconf 78' lang='lat' dir='ltr'>reipublicae,</span> <span class='ocrx_word' id='word_1_119' title='bbox 375 1037 685 1076; x_wconf 78' lang='lat' dir='ltr'>exstinctorem</span> <span class='ocrx_word' id='word_1_120' title='bbox 716 1035 940 1076; x_wconf 86' lang='lat' dir='ltr'>domestici</span> <span class='ocrx_word' id='word_1_121' title='bbox 981 1035 1210 1087; x_wconf 82' lang='lat' dir='ltr'>latrocinii,</span> <span class='ocrx_word' id='word_1_122' title='bbox 1241 1051 1526 1092; x_wconf 86' lang='lat' dir='ltr'>repressorem</span> 
     </span>
    </p>
   </div>
   <div class='ocr_carea' id='block_1_3' title="bbox 5 1090 1526 1149">
    <p class='ocr_par' dir='ltr' id='par_1_4' title="bbox 5 1090 1526 1149">
     <span class='ocr_line' id='line_1_17' title="bbox 5 1090 1526 1149; baseline 0.002 -17"><span class='ocrx_word' id='word_1_123' title='bbox 5 1134 27 1149; x_wconf 66' lang='lat'>,-</span> <span class='ocrx_word' id='word_1_124' title='bbox 49 1090 210 1133; x_wconf 42' lang='lat' dir='ltr'>&#39;jacendis</span> <span class='ocrx_word' id='word_1_125' title='bbox 237 1093 518 1147; x_wconf 82' lang='lat' dir='ltr'>quotidianae,</span> <span class='ocrx_word' id='word_1_126' title='bbox 549 1093 817 1134; x_wconf 84' lang='lat' dir='ltr'>defensorem</span> <span class='ocrx_word' id='word_1_127' title='bbox 848 1092 1105 1148; x_wconf 88' lang='lat' dir='ltr'>templorum</span> <span class='ocrx_word' id='word_1_128' title='bbox 1137 1103 1266 1148; x_wconf 83' lang='lat' dir='ltr'>atque</span> <span class='ocrx_word' id='word_1_129' title='bbox 1298 1103 1526 1148; x_wconf 89' lang='lat' dir='ltr'>tectorum,</span> 
     </span>
    </p>
   </div>
   <div class='ocr_carea' id='block_1_4' title="bbox 65 1150 1607 2523">
    <p class='ocr_par' dir='ltr' id='par_1_5' title="bbox 65 1150 1607 2465">
     <span class='ocr_line' id='line_1_18' title="bbox 78 1150 1525 1205; baseline 0.002 -15"><span class='ocrx_word' id='word_1_130' title='bbox 78 1150 329 1205; x_wconf 84' lang='lat' dir='ltr'>praesidium</span> <span class='ocrx_word' id='word_1_131' title='bbox 351 1151 498 1201; x_wconf 86' lang='lat' dir='ltr'>curiae,</span> <span class='ocrx_word' id='word_1_132' title='bbox 521 1150 784 1191; x_wconf 80' lang='lat' dir='ltr'>sordidatum</span> <span class='ocrx_word' id='word_1_133' title='bbox 807 1161 850 1190; x_wconf 87' lang='lat' dir='ltr'>et</span> <span class='ocrx_word' id='word_1_134' title='bbox 872 1164 1018 1191; x_wconf 85' lang='lat' dir='ltr'>reum.</span> <span class='ocrx_word' id='word_1_135' title='bbox 1053 1150 1175 1191; x_wconf 88' lang='lat' dir='ltr'>video</span> <span class='ocrx_word' id='word_1_136' title='bbox 1205 1151 1254 1192; x_wconf 90' lang='lat' dir='ltr'>P.</span> <span class='ocrx_word' id='word_1_137' title='bbox 1280 1150 1525 1204; x_wconf 88' lang='lat' dir='ltr'>Lentulum,</span> 
     </span>
     <span class='ocr_line' id='line_1_19' title="bbox 78 1207 1526 1264; baseline 0.003 -17"><span class='ocrx_word' id='word_1_138' title='bbox 78 1221 203 1261; x_wconf 68' lang='lat' dir='ltr'>cujus</span> <span class='ocrx_word' id='word_1_139' title='bbox 225 1221 306 1263; x_wconf 83' lang='lat' dir='ltr'>ego</span> <span class='ocrx_word' id='word_1_140' title='bbox 331 1217 510 1263; x_wconf 88' lang='lat' dir='ltr'>patr,em</span> <span class='ocrx_word' id='word_1_141' title='bbox 533 1207 659 1249; x_wconf 85' lang='lat' dir='ltr'>deum</span> <span class='ocrx_word' id='word_1_142' title='bbox 679 1223 728 1249; x_wconf 83' lang='lat' dir='ltr'>ac</span> <span class='ocrx_word' id='word_1_143' title='bbox 750 1216 968 1264; x_wconf 76' lang='lat' dir='ltr'>parentem</span> <span class='ocrx_word' id='word_1_144' title='bbox 1001 1215 1144 1248; x_wconf 80' lang='lat' dir='ltr'>statuo</span> <span class='ocrx_word' id='word_1_145' title='bbox 1167 1207 1353 1249; x_wconf 72' lang='lat' dir='ltr'>fortunae</span> <span class='ocrx_word' id='word_1_146' title='bbox 1375 1224 1425 1250; x_wconf 83' lang='lat' dir='ltr'>ac</span> <span class='ocrx_word' id='word_1_147' title='bbox 1449 1225 1526 1251; x_wconf 90' lang='lat' dir='ltr'>no-</span> 
     </span>
     <span class='ocr_line' id='line_1_20' title="bbox 78 1263 1526 1320; baseline 0.003 -16"><span class='ocrx_word' id='word_1_148' title='bbox 78 1264 206 1305; x_wconf 90' lang='lat' dir='ltr'>minis</span> <span class='ocrx_word' id='word_1_149' title='bbox 242 1265 341 1316; x_wconf 88' lang='lat' dir='ltr'>mei,</span> <span class='ocrx_word' id='word_1_150' title='bbox 374 1275 417 1306; x_wconf 90' lang='lat' dir='ltr'>et</span> <span class='ocrx_word' id='word_1_151' title='bbox 447 1263 605 1316; x_wconf 83' lang='lat' dir='ltr'>fratris,</span> <span class='ocrx_word' id='word_1_152' title='bbox 636 1279 861 1320; x_wconf 87' lang='lat' dir='ltr'>rerumque</span> <span class='ocrx_word' id='word_1_153' title='bbox 891 1273 1148 1316; x_wconf 82' lang='lat' dir='ltr'>nostrarum,</span> <span class='ocrx_word' id='word_1_154' title='bbox 1181 1265 1223 1306; x_wconf 88' lang='lat' dir='ltr'>in</span> <span class='ocrx_word' id='word_1_155' title='bbox 1255 1265 1338 1307; x_wconf 87' lang='lat' dir='ltr'>hoc</span> <span class='ocrx_word' id='word_1_156' title='bbox 1371 1266 1526 1308; x_wconf 75' lang='lat' dir='ltr'>misem</span> 
     </span>
     <span class='ocr_line' id='line_1_21' title="bbox 80 1321 1525 1377; baseline 0.003 -16"><span class='ocrx_word' id='word_1_157' title='bbox 80 1321 274 1376; x_wconf 83' lang='lat' dir='ltr'>squalore</span> <span class='ocrx_word' id='word_1_158' title='bbox 304 1331 348 1363; x_wconf 88' lang='lat' dir='ltr'>et</span> <span class='ocrx_word' id='word_1_159' title='bbox 379 1322 604 1364; x_wconf 88' lang='lat' dir='ltr'>sordibus.</span> <span class='ocrx_word' id='word_1_160' title='bbox 637 1322 706 1363; x_wconf 91' lang='lat' dir='ltr'>cui</span> <span class='ocrx_word' id='word_1_161' title='bbox 739 1321 931 1377; x_wconf 85' lang='lat' dir='ltr'>superior</span> <span class='ocrx_word' id='word_1_162' title='bbox 962 1337 1099 1362; x_wconf 83' lang='lat' dir='ltr'>annus</span> <span class='ocrx_word' id='word_1_163' title='bbox 1129 1323 1256 1373; x_wconf 85' lang='lat' dir='ltr'>idem,</span> <span class='ocrx_word' id='word_1_164' title='bbox 1279 1332 1324 1363; x_wconf 90' lang='lat' dir='ltr'>et</span> <span class='ocrx_word' id='word_1_165' title='bbox 1344 1324 1525 1375; x_wconf 87' lang='lat' dir='ltr'>virilem,</span> 
     </span>
     <span class='ocr_line' id='line_1_22' title="bbox 78 1379 1524 1443; baseline 0.001 -24"><span class='ocrx_word' id='word_1_166' title='bbox 78 1379 226 1434; x_wconf 75' lang='lat' dir='ltr'>patriS,</span> <span class='ocrx_word' id='word_1_167' title='bbox 242 1389 286 1420; x_wconf 91' lang='lat' dir='ltr'>et</span> <span class='ocrx_word' id='word_1_168' title='bbox 312 1381 653 1435; x_wconf 74' lang='lat' dir='ltr'>¹03praetextam,</span> <span class='ocrx_word' id='word_1_169' title='bbox 674 1379 1022 1443; x_wconf 64' lang='lat' dir='ltr'>populijtrdicio,</span> <span class='ocrx_word' id='word_1_170' title='bbox 1043 1388 1188 1435; x_wconf 80' lang='lat' dir='ltr'>togam</span> <span class='ocrx_word' id='word_1_171' title='bbox 1211 1380 1390 1431; x_wconf 86' lang='lat' dir='ltr'>dederit,</span> <span class='ocrx_word' id='word_1_172' title='bbox 1409 1381 1524 1422; x_wconf 86' lang='lat' dir='ltr'>hunc</span> 
     </span>
     <span class='ocr_line' id='line_1_23' title="bbox 77 1436 1524 1492; baseline 0.001 -15"><span class='ocrx_word' id='word_1_173' title='bbox 77 1437 160 1477; x_wconf 78' lang='lat' dir='ltr'>hoc</span> <span class='ocrx_word' id='word_1_174' title='bbox 177 1448 305 1487; x_wconf 84' lang='lat' dir='ltr'>anno,</span> <span class='ocrx_word' id='word_1_175' title='bbox 328 1437 371 1477; x_wconf 90' lang='lat' dir='ltr'>in</span> <span class='ocrx_word' id='word_1_176' title='bbox 391 1438 469 1477; x_wconf 80' lang='lat' dir='ltr'>hac</span> <span class='ocrx_word' id='word_1_177' title='bbox 488 1446 606 1492; x_wconf 85' lang='lat' dir='ltr'>toga,</span> <span class='ocrx_word' id='word_1_178' title='bbox 625 1437 862 1492; x_wconf 83' lang='lat' dir='ltr'>rogationis</span> <span class='ocrx_word' id='word_1_179' title='bbox 883 1436 1176 1491; x_wconf 71' lang='lat' dir='ltr'>injustissima:</span> <span class='ocrx_word' id='word_1_180' title='bbox 1201 1437 1327 1478; x_wconf 86' lang='lat' dir='ltr'>subit·</span> <span class='ocrx_word' id='word_1_181' title='bbox 1319 1453 1385 1478; x_wconf 84' lang='lat' dir='ltr'>un</span> <span class='ocrx_word' id='word_1_182' title='bbox 1405 1453 1524 1479; x_wconf 85' lang='lat' dir='ltr'>acer-</span> 
     </span>
     <span class='ocr_line' id='line_1_24' title="bbox 78 1492 1520 1550; baseline 0.002 -17"><span class='ocrx_word' id='word_1_183' title='bbox 78 1492 258 1534; x_wconf 83' lang='lat' dir='ltr'>bitatem</span> <span class='ocrx_word' id='word_1_184' title='bbox 276 1508 353 1550; x_wconf 89' lang='lat' dir='ltr'>pro</span> <span class='ocrx_word' id='word_1_185' title='bbox 376 1503 497 1550; x_wconf 71' lang='lat' dir='ltr'>patre</span> <span class='ocrx_word' id='word_1_186' title='bbox 518 1493 754 1534; x_wconf 81' lang='lat' dir='ltr'>fortissimo</span> <span class='ocrx_word' id='word_1_187' title='bbox 773 1505 814 1534; x_wconf 86' lang='lat' dir='ltr'>et</span> <span class='ocrx_word' id='word_1_188' title='bbox 837 1493 1073 1534; x_wconf 77' lang='lat' dir='ltr'>clarissimo</span> <span class='ocrx_word' id='word_1_189' title='bbox 1090 1509 1184 1535; x_wconf 77' lang='lat' dir='ltr'>cive</span> <span class='ocrx_word' id='word_1_190' title='bbox 1203 1495 1520 1550; x_wconf 81' lang='lat' dir='ltr'>deprecantem.</span> 
     </span>
     <span class='ocr_line' id='line_1_25' title="bbox 132 1549 1607 1606; baseline 0.002 -16"><span class='ocrx_word' id='word_1_191' title='bbox 132 1549 278 1606; x_wconf 91' lang='lat' dir='ltr'>Atque</span> <span class='ocrx_word' id='word_1_192' title='bbox 309 1551 380 1593; x_wconf 87' lang='lat' dir='ltr'>hic</span> <span class='ocrx_word' id='word_1_193' title='bbox 411 1559 477 1592; x_wconf 86' lang='lat' dir='ltr'>tot</span> <span class='ocrx_word' id='word_1_194' title='bbox 507 1560 551 1591; x_wconf 90' lang='lat' dir='ltr'>et</span> <span class='ocrx_word' id='word_1_195' title='bbox 582 1551 729 1592; x_wconf 85' lang='lat' dir='ltr'>talium</span> <span class='ocrx_word' id='word_1_196' title='bbox 762 1551 922 1592; x_wconf 83' lang='lat' dir='ltr'>civium</span> <span class='ocrx_word' id='word_1_197' title='bbox 954 1551 1139 1606; x_wconf 83' lang='lat' dir='ltr'>squalor,</span> <span class='ocrx_word' id='word_1_198' title='bbox 1163 1551 1233 1593; x_wconf 84' lang='lat' dir='ltr'>hic</span> <span class='ocrx_word' id='word_1_199' title='bbox 1264 1553 1419 1603; x_wconf 83' lang='lat' dir='ltr'>luctus,</span> <span class='ocrx_word' id='word_1_200' title='bbox 1450 1553 1607 1598; x_wconf 74' lang='lat' dir='ltr'>hae145</span> 
     </span>
     <span class='ocr_line' id='line_1_26' title="bbox 75 1608 1520 1665; baseline 0.002 -17"><span class='ocrx_word' id='word_1_201' title='bbox 75 1608 235 1659; x_wconf 73' lang='lat' dir='ltr'>sordes,</span> <span class='ocrx_word' id='word_1_202' title='bbox 258 1617 469 1664; x_wconf 86' lang='lat' dir='ltr'>susceptae</span> <span class='ocrx_word' id='word_1_203' title='bbox 493 1618 593 1649; x_wconf 87' lang='lat' dir='ltr'>sunt</span> <span class='ocrx_word' id='word_1_204' title='bbox 614 1618 791 1665; x_wconf 87' lang='lat' dir='ltr'>propter</span> <span class='ocrx_word' id='word_1_205' title='bbox 819 1623 950 1649; x_wconf 86' lang='lat' dir='ltr'>unum</span> <span class='ocrx_word' id='word_1_206' title='bbox 983 1623 1064 1658; x_wconf 86' lang='lat' dir='ltr'>me,</span> <span class='ocrx_word' id='word_1_207' title='bbox 1087 1609 1188 1663; x_wconf 86' lang='lat' dir='ltr'>quia</span> <span class='ocrx_word' id='word_1_208' title='bbox 1219 1623 1286 1650; x_wconf 86' lang='lat' dir='ltr'>mc</span> <span class='ocrx_word' id='word_1_209' title='bbox 1317 1610 1520 1651; x_wconf 75' lang='lat' dir='ltr'>deiende-</span> 
     </span>
     <span class='ocr_line' id='line_1_27' title="bbox 74 1665 1522 1722; baseline 0.003 -17"><span class='ocrx_word' id='word_1_210' title='bbox 74 1673 188 1716; x_wconf 86' lang='lat' dir='ltr'>r‚unt</span> <span class='ocrx_word' id='word_1_211' title='bbox 227 1680 329 1720; x_wconf 81' lang='lat' dir='ltr'>qula</span> <span class='ocrx_word' id='word_1_212' title='bbox 364 1679 509 1706; x_wconf 85' lang='lat' dir='ltr'>meum</span> <span class='ocrx_word' id='word_1_213' title='bbox 551 1680 696 1706; x_wconf 83' lang='lat' dir='ltr'>casum</span> <span class='ocrx_word' id='word_1_214' title='bbox 738 1665 989 1720; x_wconf 84' lang='lat' dir='ltr'>luctumque</span> <span class='ocrx_word' id='word_1_215' title='bbox 1029 1666 1273 1717; x_wconf 79' lang='lat' dir='ltr'>doluerunt,</span> <span class='ocrx_word' id='word_1_216' title='bbox 1311 1667 1414 1722; x_wconf 84' lang='lat' dir='ltr'>quia</span> <span class='ocrx_word' id='word_1_217' title='bbox 1453 1683 1522 1709; x_wconf 88' lang='lat' dir='ltr'>me</span> 
     </span>
     <span class='ocr_line' id='line_1_28' title="bbox 72 1721 1521 1779; baseline 0.003 -17"><span class='ocrx_word' id='word_1_218' title='bbox 72 1721 239 1778; x_wconf 86' lang='lat' dir='ltr'>lugenti</span> <span class='ocrx_word' id='word_1_219' title='bbox 279 1723 446 1778; x_wconf 86' lang='lat' dir='ltr'>patriae,</span> <span class='ocrx_word' id='word_1_220' title='bbox 482 1722 696 1779; x_wconf 83' lang='lat' dir='ltr'>flagitanti</span> <span class='ocrx_word' id='word_1_221' title='bbox 741 1723 924 1773; x_wconf 89' lang='lat' dir='ltr'>senatui,</span> <span class='ocrx_word' id='word_1_222' title='bbox 968 1724 1162 1778; x_wconf 90' lang='lat' dir='ltr'>poscenti</span> <span class='ocrx_word' id='word_1_223' title='bbox 1207 1723 1361 1775; x_wconf 81' lang='lat' dir='ltr'>Italic,</span> <span class='ocrx_word' id='word_1_224' title='bbox 1399 1726 1521 1766; x_wconf 84' lang='lat' dir='ltr'>vobis</span> 
     </span>
     <span class='ocr_line' id='line_1_29' title="bbox 73 1756 1522 1826; baseline 0.003 -7"><span class='ocrx_word' id='word_1_225' title='bbox 73 1779 275 1820; x_wconf 88' lang='lat' dir='ltr'>omnibus</span> <span class='ocrx_word' id='word_1_226' title='bbox 313 1780 536 1821; x_wconf 83' lang='lat' dir='ltr'>orantibus</span> <span class='ocrx_word' id='word_1_227' title='bbox 541 1756 858 1821; x_wconf 69' lang='lat' dir='ltr'>0reddiderunt.</span> <span class='ocrx_word' id='word_1_228' title='bbox 921 1780 1049 1826; x_wconf 77' lang='lat' dir='ltr'>Quod</span> <span class='ocrx_word' id='word_1_229' title='bbox 1084 1790 1249 1822; x_wconf 85' lang='lat' dir='ltr'>tantum</span> <span class='ocrx_word' id='word_1_230' title='bbox 1282 1791 1345 1821; x_wconf 90' lang='lat' dir='ltr'>est</span> <span class='ocrx_word' id='word_1_231' title='bbox 1377 1781 1421 1822; x_wconf 88' lang='lat' dir='ltr'>in</span> <span class='ocrx_word' id='word_1_232' title='bbox 1453 1797 1522 1824; x_wconf 89' lang='lat' dir='ltr'>me</span> 
     </span>
     <span class='ocr_line' id='line_1_30' title="bbox 74 1835 1522 1893; baseline 0.002 -17"><span class='ocrx_word' id='word_1_233' title='bbox 74 1835 239 1878; x_wconf 81' lang='lat' dir='ltr'>scelus?</span> <span class='ocrx_word' id='word_1_234' title='bbox 270 1837 371 1892; x_wconf 88' lang='lat' dir='ltr'>quid</span> <span class='ocrx_word' id='word_1_235' title='bbox 406 1846 630 1892; x_wconf 80' lang='lat' dir='ltr'>tantopeie</span> <span class='ocrx_word' id='word_1_236' title='bbox 660 1836 820 1893; x_wconf 88' lang='lat' dir='ltr'>deliqui</span> <span class='ocrx_word' id='word_1_237' title='bbox 853 1836 940 1888; x_wconf 89' lang='lat' dir='ltr'>illo,</span> <span class='ocrx_word' id='word_1_238' title='bbox 964 1836 1036 1878; x_wconf 88' lang='lat' dir='ltr'>illo</span> <span class='ocrx_word' id='word_1_239' title='bbox 1060 1837 1143 1887; x_wconf 91' lang='lat' dir='ltr'>die,</span> <span class='ocrx_word' id='word_1_240' title='bbox 1168 1852 1267 1879; x_wconf 90' lang='lat' dir='ltr'>cum</span> <span class='ocrx_word' id='word_1_241' title='bbox 1287 1838 1338 1878; x_wconf 77' lang='lat' dir='ltr'>-1d</span> <span class='ocrx_word' id='word_1_242' title='bbox 1362 1853 1437 1879; x_wconf 69' lang='lat' dir='ltr'>xos</span> <span class='ocrx_word' id='word_1_243' title='bbox 1458 1839 1522 1879; x_wconf 84' lang='lat' dir='ltr'>in·</span> 
     </span>
     <span class='ocr_line' id='line_1_31' title="bbox 71 1893 1521 1946; baseline 0.003 -13"><span class='ocrx_word' id='word_1_244' title='bbox 71 1893 200 1944; x_wconf 85' lang='lat' dir='ltr'>dicia,</span> <span class='ocrx_word' id='word_1_245' title='bbox 236 1893 414 1946; x_wconf 77' lang='lat' dir='ltr'>litteras,</span> <span class='ocrx_word' id='word_1_246' title='bbox 446 1893 738 1936; x_wconf 85' lang='lat' dir='ltr'>confessiones</span> <span class='ocrx_word' id='word_1_247' title='bbox 780 1895 1024 1935; x_wconf 85' lang='lat' dir='ltr'>communis</span> <span class='ocrx_word' id='word_1_248' title='bbox 1063 1895 1188 1936; x_wconf 78' lang='lat' dir='ltr'>exitii</span> <span class='ocrx_word' id='word_1_249' title='bbox 1229 1895 1391 1937; x_wconf 85' lang='lat' dir='ltr'>detuli?</span> <span class='ocrx_word' id='word_1_250' title='bbox 1421 1911 1521 1938; x_wconf 86' lang='lat' dir='ltr'>cum</span> 
     </span>
     <span class='ocr_line' id='line_1_32' title="bbox 71 1950 1520 2008; baseline 0.003 -18"><span class='ocrx_word' id='word_1_251' title='bbox 71 1950 194 2006; x_wconf 82' lang='lat' dir='ltr'>parui</span> <span class='ocrx_word' id='word_1_252' title='bbox 227 1951 379 1992; x_wconf 88' lang='lat' dir='ltr'>vobis?</span> <span class='ocrx_word' id='word_1_253' title='bbox 410 1950 484 2003; x_wconf 90' lang='lat' dir='ltr'>At,</span> <span class='ocrx_word' id='word_1_254' title='bbox 519 1953 552 1992; x_wconf 89' lang='lat' dir='ltr'>si</span> <span class='ocrx_word' id='word_1_255' title='bbox 587 1951 812 1993; x_wconf 88' lang='lat' dir='ltr'>scelestum</span> <span class='ocrx_word' id='word_1_256' title='bbox 845 1960 910 1992; x_wconf 86' lang='lat' dir='ltr'>est</span> <span class='ocrx_word' id='word_1_257' title='bbox 952 1965 1095 1992; x_wconf 85' lang='lat' dir='ltr'>amare</span> <span class='ocrx_word' id='word_1_258' title='bbox 1136 1953 1334 2008; x_wconf 80' lang='lat' dir='ltr'>patriam,</span> <span class='ocrx_word' id='word_1_259' title='bbox 1365 1955 1520 2008; x_wconf 88' lang='lat' dir='ltr'>pertuli</span> 
     </span>
     <span class='ocr_line' id='line_1_33' title="bbox 72 2008 1520 2063; baseline 0.002 -15"><span class='ocrx_word' id='word_1_260' title='bbox 72 2022 302 2063; x_wconf 85' lang='lat' dir='ltr'>poenarum</span> <span class='ocrx_word' id='word_1_261' title='bbox 337 2009 466 2050; x_wconf 72' lang='lat' dir='ltr'>satis:</span> <span class='ocrx_word' id='word_1_262' title='bbox 503 2023 651 2050; x_wconf 85' lang='lat' dir='ltr'>eversa</span> <span class='ocrx_word' id='word_1_263' title='bbox 684 2009 837 2050; x_wconf 87' lang='lat' dir='ltr'>domus</span> <span class='ocrx_word' id='word_1_264' title='bbox 875 2017 953 2059; x_wconf 87' lang='lat' dir='ltr'>est,</span> <span class='ocrx_word' id='word_1_265' title='bbox 987 2008 1173 2050; x_wconf 87' lang='lat' dir='ltr'>fortunae</span> <span class='ocrx_word' id='word_1_266' title='bbox 1210 2019 1395 2060; x_wconf 58' lang='lat' dir='ltr'>vex-itai,</span> <span class='ocrx_word' id='word_1_267' title='bbox 1435 2011 1520 2051; x_wconf 87' lang='lat' dir='ltr'>dis-</span> 
     </span>
     <span class='ocr_line' id='line_1_34' title="bbox 70 2065 1518 2121; baseline 0.002 -16"><span class='ocrx_word' id='word_1_268' title='bbox 70 2065 198 2120; x_wconf 86' lang='lat' dir='ltr'>sipati</span> <span class='ocrx_word' id='word_1_269' title='bbox 243 2065 381 2116; x_wconf 88' lang='lat' dir='ltr'>liberi,</span> <span class='ocrx_word' id='word_1_270' title='bbox 426 2074 595 2121; x_wconf 84' lang='lat' dir='ltr'>raptata</span> <span class='ocrx_word' id='word_1_271' title='bbox 633 2066 814 2121; x_wconf 83' lang='lat' dir='ltr'>conjux,</span> <span class='ocrx_word' id='word_1_272' title='bbox 857 2065 989 2107; x_wconf 85' lang='lat' dir='ltr'>frater</span> <span class='ocrx_word' id='word_1_273' title='bbox 1030 2066 1235 2121; x_wconf 78' lang='lat' dir='ltr'>optimuS,</span> <span class='ocrx_word' id='word_1_274' title='bbox 1276 2067 1518 2109; x_wconf 88' lang='lat' dir='ltr'>incredibili</span> 
     </span>
     <span class='ocr_line' id='line_1_35' title="bbox 69 2122 1518 2187; baseline 0.002 -25"><span class='ocrx_word' id='word_1_275' title='bbox 69 2122 246 2177; x_wconf 84' lang='lat' dir='ltr'>pietate,</span> <span class='ocrx_word' id='word_1_276' title='bbox 268 2136 414 2163; x_wconf 86' lang='lat' dir='ltr'>amore</span> <span class='ocrx_word' id='word_1_277' title='bbox 444 2122 654 2187; x_wconf 81' lang='lat' dir='ltr'>inaudito,</span> <span class='ocrx_word' id='word_1_278' title='bbox 681 2124 875 2164; x_wconf 79' lang='lat' dir='ltr'>maximo</span> <span class='ocrx_word' id='word_1_279' title='bbox 907 2123 950 2164; x_wconf 92' lang='lat' dir='ltr'>in</span> <span class='ocrx_word' id='word_1_280' title='bbox 983 2123 1177 2178; x_wconf 85' lang='lat' dir='ltr'>squalore</span> <span class='ocrx_word' id='word_1_281' title='bbox 1207 2123 1421 2165; x_wconf 84' lang='lat' dir='ltr'>volutatus</span> <span class='ocrx_word' id='word_1_282' title='bbox 1453 2135 1518 2166; x_wconf 90' lang='lat' dir='ltr'>est</span> 
     </span>
     <span class='ocr_line' id='line_1_36' title="bbox 69 2178 1517 2237; baseline 0.002 -17"><span class='ocrx_word' id='word_1_283' title='bbox 69 2178 122 2220; x_wconf 89' lang='lat' dir='ltr'>ad</span> <span class='ocrx_word' id='word_1_284' title='bbox 154 2179 280 2234; x_wconf 87' lang='lat' dir='ltr'>pedes</span> <span class='ocrx_word' id='word_1_285' title='bbox 312 2179 738 2221; x_wconf 78' lang='lat' dir='ltr'>inimicissimorzum</span> <span class='ocrx_word' id='word_1_286' title='bbox 770 2194 852 2236; x_wconf 79' lang='lat' dir='ltr'>ego</span> <span class='ocrx_word' id='word_1_287' title='bbox 884 2180 1031 2235; x_wconf 83' lang='lat' dir='ltr'>pulsus</span> <span class='ocrx_word' id='word_1_288' title='bbox 1062 2180 1160 2232; x_wconf 72' lang='lat' dir='ltr'>mis,</span> <span class='ocrx_word' id='word_1_289' title='bbox 1183 2180 1307 2232; x_wconf 86' lang='lat' dir='ltr'>focis,</span> <span class='ocrx_word' id='word_1_290' title='bbox 1329 2181 1410 2222; x_wconf 86' lang='lat' dir='ltr'>diis</span> <span class='ocrx_word' id='word_1_291' title='bbox 1444 2197 1517 2237; x_wconf 89' lang='lat' dir='ltr'>pc-</span> 
     </span>
     <span class='ocr_line' id='line_1_37' title="bbox 68 2236 1515 2302; baseline 0.002 -25"><span class='ocrx_word' id='word_1_292' title='bbox 68 2237 257 2288; x_wconf 87' lang='lat' dir='ltr'>natibus,</span> <span class='ocrx_word' id='word_1_293' title='bbox 278 2236 509 2278; x_wconf 86' lang='lat' dir='ltr'>distractus</span> <span class='ocrx_word' id='word_1_294' title='bbox 532 2253 557 2278; x_wconf 81' lang='lat' dir='ltr'>a</span> <span class='ocrx_word' id='word_1_295' title='bbox 577 2238 698 2289; x_wconf 85' lang='lat' dir='ltr'>meis,</span> <span class='ocrx_word' id='word_1_296' title='bbox 720 2237 838 2278; x_wconf 86' lang='lat' dir='ltr'>carui</span> <span class='ocrx_word' id='word_1_297' title='bbox 870 2252 913 2292; x_wconf 86' lang='lat' dir='ltr'>p·</span> <span class='ocrx_word' id='word_1_298' title='bbox 901 2237 1023 2288; x_wconf 70' lang='lat' dir='ltr'>uria,</span> <span class='ocrx_word' id='word_1_299' title='bbox 1044 2252 1173 2292; x_wconf 86' lang='lat' dir='ltr'>quam</span> <span class='ocrx_word' id='word_1_300' title='bbox 1196 2238 1281 2302; x_wconf 83' lang='lat' dir='ltr'>(uti</span> <span class='ocrx_word' id='word_1_301' title='bbox 1301 2238 1515 2280; x_wconf 86' lang='lat' dir='ltr'>levissime</span> 
     </span>
     <span class='ocr_line' id='line_1_38' title="bbox 65 2292 1560 2350; baseline 0.002 -16"><span class='ocrx_word' id='word_1_302' title='bbox 65 2292 226 2343; x_wconf 82' lang='lat' dir='ltr'>dicam)</span> <span class='ocrx_word' id='word_1_303' title='bbox 264 2303 380 2335; x_wconf 87' lang='lat' dir='ltr'>certe</span> <span class='ocrx_word' id='word_1_304' title='bbox 423 2304 645 2336; x_wconf 81' lang='lat' dir='ltr'>texeram.</span> <span class='ocrx_word' id='word_1_305' title='bbox 690 2293 845 2350; x_wconf 88' lang='lat' dir='ltr'>pertuli</span> <span class='ocrx_word' id='word_1_306' title='bbox 886 2293 1184 2336; x_wconf 82' lang='lat' dir='ltr'>crudelitatem</span> <span class='ocrx_word' id='word_1_307' title='bbox 1225 2295 1514 2348; x_wconf 78' lang='lat' dir='ltr'>inimicmum,</span> <span class='ocrx_word' id='word_1_308' title='bbox 1531 2308 1560 2339; x_wconf 85' lang='lat' dir='ltr'>b</span> 
     </span>
     <span class='ocr_line' id='line_1_39' title="bbox 67 2350 975 2403; baseline 0.001 -12"><span class='ocrx_word' id='word_1_309' title='bbox 67 2350 202 2392; x_wconf 85' lang='lat' dir='ltr'>scelus</span> <span class='ocrx_word' id='word_1_310' title='bbox 223 2351 477 2403; x_wconf 86' lang='lat' dir='ltr'>infidelium,</span> <span class='ocrx_word' id='word_1_311' title='bbox 498 2351 694 2393; x_wconf 83' lang='lat' dir='ltr'>fraudem</span> <span class='ocrx_word' id='word_1_312' title='bbox 717 2351 975 2393; x_wconf 86' lang='lat' dir='ltr'>invidorum.</span> 
     </span>
     <span class='ocr_line' id='line_1_40' title="bbox 126 2407 1602 2465; baseline 0.001 -16"><span class='ocrx_word' id='word_1_313' title='bbox 126 2407 170 2448; x_wconf 88' lang='lat' dir='ltr'>Si</span> <span class='ocrx_word' id='word_1_314' title='bbox 201 2407 286 2449; x_wconf 93' lang='lat' dir='ltr'>hoc</span> <span class='ocrx_word' id='word_1_315' title='bbox 318 2423 406 2450; x_wconf 91' lang='lat' dir='ltr'>non</span> <span class='ocrx_word' id='word_1_316' title='bbox 438 2417 504 2450; x_wconf 89' lang='lat' dir='ltr'>est</span> <span class='ocrx_word' id='word_1_317' title='bbox 537 2409 655 2461; x_wconf 84' lang='lat' dir='ltr'>satis,</span> <span class='ocrx_word' id='word_1_318' title='bbox 684 2409 800 2465; x_wconf 92' lang='lat' dir='ltr'>quod</span> <span class='ocrx_word' id='word_1_319' title='bbox 834 2409 930 2451; x_wconf 83' lang='lat' dir='ltr'>haec</span> <span class='ocrx_word' id='word_1_320' title='bbox 965 2409 1112 2453; x_wconf 80' lang='lat' dir='ltr'>omnia</span> <span class='ocrx_word' id='word_1_321' title='bbox 1143 2408 1283 2450; x_wconf 82' lang='lat' dir='ltr'>deleta</span> <span class='ocrx_word' id='word_1_322' title='bbox 1316 2410 1602 2452; x_wconf 66' lang='lat' dir='ltr'>videntum-16</span> 
     </span>
    </p>

    <p class='ocr_par' dir='ltr' id='par_1_6' title="bbox 68 2465 1515 2523">
     <span class='ocr_line' id='line_1_41' title="bbox 68 2465 1515 2523; baseline 0.002 -18"><span class='ocrx_word' id='word_1_323' title='bbox 68 2465 207 2506; x_wconf 83' lang='lat' dir='ltr'>reditu</span> <span class='ocrx_word' id='word_1_324' title='bbox 236 2480 360 2508; x_wconf 88' lang='lat' dir='ltr'>meo:</span> <span class='ocrx_word' id='word_1_325' title='bbox 391 2466 530 2508; x_wconf 87' lang='lat' dir='ltr'>multo</span> <span class='ocrx_word' id='word_1_326' title='bbox 560 2466 684 2520; x_wconf 85' lang='lat' dir='ltr'>mihi,</span> <span class='ocrx_word' id='word_1_327' title='bbox 712 2466 864 2520; x_wconf 85' lang='lat' dir='ltr'>multo,</span> <span class='ocrx_word' id='word_1_328' title='bbox 897 2466 1089 2522; x_wconf 85' lang='lat' dir='ltr'>inquam,</span> <span class='ocrx_word' id='word_1_329' title='bbox 1113 2465 1299 2522; x_wconf 77' lang='lat' dir='ltr'>judices,</span> <span class='ocrx_word' id='word_1_330' title='bbox 1323 2477 1515 2523; x_wconf 71' lang='lat' dir='ltr'>praestat,</span> 
     </span>
    </p>
   </div>
   <div class='ocr_carea' id='block_1_5' title="bbox 65 2589 1518 2842">
    <p class='ocr_par' dir='ltr' id='par_1_7' title="bbox 65 2589 1518 2842">
     <span class='ocr_line' id='line_1_42' title="bbox 109 2589 1515 2631; baseline 0.001 -12"><span class='ocrx_word' id='word_1_331' title='bbox 109 2589 164 2619; x_wconf 87' lang='lat'>101</span> <span class='ocrx_word' id='word_1_332' title='bbox 181 2590 249 2620; x_wconf 79' lang='lat' dir='ltr'>suis</span> <span class='ocrx_word' id='word_1_333' title='bbox 262 2591 401 2621; x_wconf 77' lang='lat' dir='ltr'>consiliis</span> <span class='ocrx_word' id='word_1_334' title='bbox 414 2595 476 2622; x_wconf 81' lang='lat' dir='ltr'>aut</span> <span class='ocrx_word' id='word_1_335' title='bbox 489 2590 665 2631; x_wconf 77' lang='lat' dir='ltr'>laboribus]</span> <span class='ocrx_word' id='word_1_336' title='bbox 681 2592 767 2622; x_wconf 85' lang='lat' dir='ltr'>Scri·</span> <span class='ocrx_word' id='word_1_337' title='bbox 810 2592 1075 2622; x_wconf 80' lang='lat' dir='ltr'>commemorari.</span> <span class='ocrx_word' id='word_1_338' title='bbox 1091 2601 1167 2621; x_wconf 83' lang='lat' dir='ltr'>nam</span> <span class='ocrx_word' id='word_1_339' title='bbox 1184 2590 1368 2621; x_wconf 80' lang='lat' dir='ltr'>sordidatus</span> <span class='ocrx_word' id='word_1_340' title='bbox 1384 2590 1436 2621; x_wconf 85' lang='lat' dir='ltr'>hic</span> <span class='ocrx_word' id='word_1_341' title='bbox 1451 2591 1515 2621; x_wconf 87' lang='lat' dir='ltr'>fuit</span> 
     </span>
     <span class='ocr_line' id='line_1_43' title="bbox 65 2630 1514 2674; baseline 0.002 -15"><span class='ocrx_word' id='word_1_342' title='bbox 65 2630 209 2662; x_wconf 84' lang='lat' dir='ltr'>bendum</span> <span class='ocrx_word' id='word_1_343' title='bbox 231 2641 360 2673; x_wconf 86' lang='lat' dir='ltr'>semper</span> <span class='ocrx_word' id='word_1_344' title='bbox 381 2634 495 2674; x_wconf 83' lang='lat' dir='ltr'>putavi</span> <span class='ocrx_word' id='word_1_345' title='bbox 518 2643 558 2664; x_wconf 82' lang='lat' dir='ltr'>ac</span> <span class='ocrx_word' id='word_1_346' title='bbox 581 2635 765 2664; x_wconf 76' lang='lat' dir='ltr'>laboribus.-</span> <span class='ocrx_word' id='word_1_347' title='bbox 810 2634 913 2664; x_wconf 80' lang='lat' dir='ltr'>Sextii</span> <span class='ocrx_word' id='word_1_348' title='bbox 928 2643 1054 2671; x_wconf 82' lang='lat' dir='ltr'>caussa,</span> <span class='ocrx_word' id='word_1_349' title='bbox 1070 2643 1137 2663; x_wconf 88' lang='lat' dir='ltr'>non</span> <span class='ocrx_word' id='word_1_350' title='bbox 1153 2634 1229 2673; x_wconf 89' lang='lat' dir='ltr'>quia</span> <span class='ocrx_word' id='word_1_351' title='bbox 1244 2643 1316 2663; x_wconf 81' lang='lat' dir='ltr'>reus</span> <span class='ocrx_word' id='word_1_352' title='bbox 1332 2638 1413 2663; x_wconf 83' lang='lat' dir='ltr'>erat.</span> <span class='ocrx_word' id='word_1_353' title='bbox 1451 2633 1514 2663; x_wconf 88' lang='lat' dir='ltr'>Sed</span> 
     </span>
     <span class='ocr_line' id='line_1_44' title="bbox 66 2671 1514 2715; baseline -0.002 -7"><span class='ocrx_word' id='word_1_354' title='bbox 66 2671 114 2708; x_wconf 73' lang='lat'>³11,</span> <span class='ocrx_word' id='word_1_355' title='bbox 129 2673 205 2711; x_wconf 84' lang='lat' dir='ltr'>quia</span> <span class='ocrx_word' id='word_1_356' title='bbox 218 2676 323 2715; x_wconf 87' lang='lat' dir='ltr'>reperi</span> <span class='ocrx_word' id='word_1_357' title='bbox 345 2676 381 2705; x_wconf 86' lang='lat' dir='ltr'>in</span> <span class='ocrx_word' id='word_1_358' title='bbox 402 2674 474 2706; x_wconf 81' lang='lat' dir='ltr'>edd.</span> <span class='ocrx_word' id='word_1_359' title='bbox 489 2676 543 2707; x_wconf 90' lang='lat' dir='ltr'>W.</span> <span class='ocrx_word' id='word_1_360' title='bbox 563 2678 654 2707; x_wconf 74' lang='lat'>1480.</span> <span class='ocrx_word' id='word_1_361' title='bbox 670 2676 767 2706; x_wconf 82' lang='lat' dir='ltr'>Junt.</span> <span class='ocrx_word' id='word_1_362' title='bbox 811 2686 878 2706; x_wconf 91' lang='lat' dir='ltr'>non</span> <span class='ocrx_word' id='word_1_363' title='bbox 894 2685 1025 2706; x_wconf 86' lang='lat' dir='ltr'>necesse</span> <span class='ocrx_word' id='word_1_364' title='bbox 1038 2681 1101 2714; x_wconf 85' lang='lat' dir='ltr'>est,</span> <span class='ocrx_word' id='word_1_365' title='bbox 1117 2677 1215 2706; x_wconf 86' lang='lat' dir='ltr'>nimis</span> <span class='ocrx_word' id='word_1_366' title='bbox 1238 2675 1302 2705; x_wconf 83' lang='lat' dir='ltr'>ista</span> <span class='ocrx_word' id='word_1_367' title='bbox 1323 2684 1432 2705; x_wconf 83' lang='lat' dir='ltr'>severe</span> <span class='ocrx_word' id='word_1_368' title='bbox 1447 2675 1514 2705; x_wconf 80' lang='lat' dir='ltr'>exi-</span> 
     </span>
     <span class='ocr_line' id='line_1_45' title="bbox 67 2715 1518 2800; baseline 0.001 -14"><span class='ocrx_word' id='word_1_369' title='bbox 67 2715 188 2786; x_wconf 51' lang='lat' dir='ltr'>:effigi</span> <span class='ocrx_word' id='word_1_370' title='bbox 189 2756 242 2787; x_wconf 83' lang='lat' dir='ltr'><em>M</em></span> <span class='ocrx_word' id='word_1_371' title='bbox 245 2759 596 2790; x_wconf 64' lang='lat' dir='ltr'>lonevn-sordzdatum</span> <span class='ocrx_word' id='word_1_372' title='bbox 610 2765 642 2791; x_wconf 83' lang='lat' dir='ltr'>et</span> <span class='ocrx_word' id='word_1_373' title='bbox 653 2761 762 2800; x_wconf 81' lang='lat' dir='ltr'>reum]</span> <span class='ocrx_word' id='word_1_374' title='bbox 812 2729 914 2790; x_wconf 38' lang='lat' dir='ltr'>gei-33</span> <span class='ocrx_word' id='word_1_375' title='bbox 932 2764 1129 2800; x_wconf 68' lang='lat' dir='ltr'>praeteoetam</span> <span class='ocrx_word' id='word_1_376' title='bbox 1139 2760 1254 2800; x_wconf 74' lang='lat' dir='ltr'>populi</span> <span class='ocrx_word' id='word_1_377' title='bbox 1266 2757 1408 2799; x_wconf 79' lang='lat' dir='ltr'>judicio]</span> <span class='ocrx_word' id='word_1_378' title='bbox 1426 2759 1518 2790; x_wconf 85' lang='lat' dir='ltr'>Dato</span> 
     </span>
     <span class='ocr_line' id='line_1_46' title="bbox 67 2795 1517 2842; baseline -0.001 -11"><span class='ocrx_word' id='word_1_379' title='bbox 67 2795 227 2831; x_wconf 84' lang='lat' dir='ltr'>Dubitavi</span> <span class='ocrx_word' id='word_1_380' title='bbox 241 2799 408 2830; x_wconf 78' lang='lat' dir='ltr'>interdum</span> <span class='ocrx_word' id='word_1_381' title='bbox 422 2801 462 2832; x_wconf 86' lang='lat' dir='ltr'>de</span> <span class='ocrx_word' id='word_1_382' title='bbox 475 2801 603 2832; x_wconf 87' lang='lat' dir='ltr'>ultimis</span> <span class='ocrx_word' id='word_1_383' title='bbox 619 2804 724 2833; x_wconf 85' lang='lat' dir='ltr'>verbis</span> <span class='ocrx_word' id='word_1_384' title='bbox 737 2807 769 2833; x_wconf 80' lang='lat' dir='ltr'>et</span> <span class='ocrx_word' id='word_1_385' title='bbox 813 2812 857 2833; x_wconf 80' lang='lat' dir='ltr'>sc.</span> <span class='ocrx_word' id='word_1_386' title='bbox 872 2802 1067 2840; x_wconf 79' lang='lat' dir='ltr'>sacerdotio,</span> <span class='ocrx_word' id='word_1_387' title='bbox 1089 2805 1182 2842; x_wconf 87' lang='lat' dir='ltr'>cujus</span> <span class='ocrx_word' id='word_1_388' title='bbox 1206 2806 1366 2841; x_wconf 81' lang='lat' dir='ltr'>praetexta</span> <span class='ocrx_word' id='word_1_389' title='bbox 1389 2801 1517 2840; x_wconf 79' lang='lat' dir='ltr'>insigne</span> 
     </span>
    </p>
   </div>
   <div class='ocr_carea' id='block_1_6' title="bbox 5 2818 911 2931">
    <p class='ocr_par' dir='ltr' id='par_1_8' title="bbox 5 2818 911 2931">
     <span class='ocr_line' id='line_1_47' title="bbox 5 2818 911 2876; baseline 0.006 -6"><span class='ocrx_word' id='word_1_390' title='bbox 5 2818 10 2870; x_wconf 88' lang='lat' dir='ltr'>l</span> <span class='ocrx_word' id='word_1_391' title='bbox 64 2845 170 2871; x_wconf 75' lang='lat' dir='ltr'>reum.</span> <span class='ocrx_word' id='word_1_392' title='bbox 195 2840 271 2871; x_wconf 87' lang='lat' dir='ltr'>Fuit</span> <span class='ocrx_word' id='word_1_393' title='bbox 282 2851 359 2872; x_wconf 88' lang='lat' dir='ltr'>sane</span> <span class='ocrx_word' id='word_1_394' title='bbox 369 2846 443 2872; x_wconf 89' lang='lat' dir='ltr'>tum</span> <span class='ocrx_word' id='word_1_395' title='bbox 453 2853 524 2874; x_wconf 88' lang='lat' dir='ltr'>reus</span> <span class='ocrx_word' id='word_1_396' title='bbox 535 2844 586 2874; x_wconf 84' lang='lat' dir='ltr'>die</span> <span class='ocrx_word' id='word_1_397' title='bbox 602 2845 690 2876; x_wconf 84' lang='lat' dir='ltr'>dicta</span> <span class='ocrx_word' id='word_1_398' title='bbox 702 2855 722 2875; x_wconf 87' lang='lat' dir='ltr'>a</span> <span class='ocrx_word' id='word_1_399' title='bbox 734 2845 770 2875; x_wconf 83' lang='lat' dir='ltr'>P.</span> <span class='ocrx_word' id='word_1_400' title='bbox 814 2849 911 2876; x_wconf 79' lang='lat' dir='ltr'>esset.</span> 
     </span>
     <span class='ocr_line' id='line_1_48' title="bbox 6 2871 770 2931; baseline 0.012 -20"><span class='ocrx_word' id='word_1_401' title='bbox 6 2871 11 2931; x_wconf 71' lang='lat' dir='ltr'>l</span> <span class='ocrx_word' id='word_1_402' title='bbox 65 2880 181 2912; x_wconf 90' lang='lat' dir='ltr'>Clodio</span> <span class='ocrx_word' id='word_1_403' title='bbox 197 2883 302 2914; x_wconf 84' lang='lat' dir='ltr'>aedile.</span> <span class='ocrx_word' id='word_1_404' title='bbox 325 2884 379 2914; x_wconf 82' lang='lat' dir='ltr'>sed</span> <span class='ocrx_word' id='word_1_405' title='bbox 396 2884 429 2914; x_wconf 88' lang='lat' dir='ltr'>id</span> <span class='ocrx_word' id='word_1_406' title='bbox 444 2886 492 2916; x_wconf 89' lang='lat' dir='ltr'>nil</span> <span class='ocrx_word' id='word_1_407' title='bbox 512 2888 677 2919; x_wconf 83' lang='lat' dir='ltr'>attinebat</span> <span class='ocrx_word' id='word_1_408' title='bbox 692 2887 726 2918; x_wconf 91' lang='lat' dir='ltr'><strong>h</strong></span> <span class='ocrx_word' id='word_1_409' title='bbox 747 2887 770 2917; x_wconf 86' lang='lat' dir='ltr'>l</span> 
     </span>
    </p>
   </div>
   <div class='ocr_carea' id='block_1_7' title="bbox 125 2934 831 2970">
    <p class='ocr_par' dir='ltr' id='par_1_9' title="bbox 125 2934 831 2970">
     <span class='ocr_line' id='line_1_49' title="bbox 125 2934 831 2970; baseline 0.008 -6"><span class='ocrx_word' id='word_1_410' title='bbox 125 2937 305 2968; x_wconf 77' lang='lat' dir='ltr'>vot..11.</span> <span class='ocrx_word' id='word_1_411' title='bbox 332 2940 444 2968; x_wconf 85' lang='lat' dir='ltr'>P.11.</span> <span class='ocrx_word' id='word_1_412' title='bbox 754 2934 778 2970; x_wconf 80' lang='lat'>:3</span> <span class='ocrx_word' id='word_1_413' title='bbox 802 2942 831 2970; x_wconf 86' lang='lat' dir='ltr'>x</span> 
     </span>
    </p>
   </div>
  </div>
 </body>
</html>
