1769 3174
210 115 309 148 1054
795 107 1045 146 ORATIO

209 212 447 254 adulterum
471 223 552 266 ego
585 221 793 266 putarem,
824 213 857 252 si
889 212 983 267 quis
1015 212 1126 253 hanc
1156 209 1297 266 paullo
1320 209 1491 253 liberius
1525 213 1637 255 salu-

211 271 367 310 tasset?

133 327 197 380 17
271 326 399 367 Dicet
421 325 586 380 aliquis,
611 324 721 366 Hsec
745 325 875 381 igitur
895 335 959 366 est
988 336 1061 366 tua
1080 324 1332 380 disciplina?
1365 325 1424 365 sic
1447 335 1492 366 tu
1515 326 1636 367 insti-

148 398 199 432 39
215 384 297 424 tuis
327 383 640 423 adolescentes?
673 383 728 421 ob
762 384 869 422 hanc
901 397 1072 423 causam
1094 382 1173 422 tibi
1208 381 1320 422 hunc
1355 396 1530 437 puerum
1563 398 1639 439 pa-

212 454 305 481 rens
328 439 645 480 commendavit
666 449 709 479 et
740 439 928 488 tradidit,
950 450 997 480 ut
1034 440 1075 479 in
1109 452 1252 479 amore
1281 447 1325 478 et
1346 439 1640 494 voluptatibus

210 497 539 538 adolescentiam
583 510 700 535 suam
737 496 992 537 collocaret:
1035 505 1076 535 ct
1115 495 1224 535 hanc
1261 504 1305 535 tu
1346 495 1477 535 vitani
1511 505 1640 551 atque

209 554 305 596 haec
337 554 477 594 studia
507 552 776 593 defenderes?
822 551 929 605 Ego,
962 553 993 592 si
1025 551 1114 605 qui,
1144 551 1329 605 judices,
1367 551 1448 592 hoc
1489 554 1642 594 robore

213 611 359 661 animi,
382 621 510 664 atquc
532 609 611 649 hac
636 608 775 649 indole
798 609 966 648 virtutis
998 623 1047 648 ac
1070 608 1347 648 continentiae
1380 608 1477 659 fuit,
1500 619 1547 650 ut
1578 624 1643 651 re-

214 676 384 724 spueret
406 681 551 707 omnes
586 665 837 720 voluptates,
861 679 1117 719 omnemque
1149 663 1249 704 vitae
1283 680 1370 705 suae
1398 680 1568 707 cursum
1598 667 1646 708 in

213 725 358 766 labore
400 723 605 778 corporiS,
647 734 775 776 atque
820 722 860 761 in
900 723 1028 762 animi
1068 722 1345 762 contentione
1386 722 1643 764 conficeret:

215 795 343 837 quem
375 795 459 820 non
492 780 625 834 quies,
658 793 741 819 non
779 779 983 829 remissio,
1006 793 1091 818 non
1121 777 1349 833 aequalium
1377 779 1530 830 studia,
1563 795 1647 821 non

218 838 320 887 ludi,
353 851 435 877 non
473 836 671 877 convivia
703 835 983 887 delectarent3
1017 835 1123 875 nihil
1158 835 1200 875 in
1236 835 1323 875 vita
1358 837 1648 890 expetendum

221 904 404 950 putaret,
426 894 503 933 nisi
525 893 639 948 quod
661 901 771 932 esset
793 907 888 932 cum
912 892 1034 933 laude
1055 902 1098 932 et
1116 907 1214 932 cum
1235 892 1446 948 dignitate
1467 894 1650 948 conjun-

221 962 335 992 ctum
355 968 364 992 ;
399 951 510 990 hunc
535 964 627 989 inea
649 950 859 989 sententia,
880 949 1034 989 (livinis
1057 949 1311 1003 quibusdam
1341 950 1462 990 bonis
1495 951 1650 992 instru-

112 1030 143 1061 p.
159 1018 339 1050 affictum
363 1018 491 1060 atque
514 1015 707 1046 ornatum
736 1017 852 1060 puto.
911 1006 979 1046 ‚Ex
1011 1006 1092 1046 hoc
1122 1019 1276 1061 genere
1309 1006 1401 1046 illos
1425 1007 1554 1048 fuisse
1585 1022 1651 1048 ar-

183 1066 375 1111 ³·bit1·or,
399 1063 617 1113 camillos,
643 1063 876 1112 Fabricios,
900 1062 1067 1111 Curios,
1090 1077 1320 1118 omnesque
1344 1078 1431 1113 ρος,
1453 1065 1527 1119 qui
1557 1064 1651 1106 haec

164 1127 279 1163 40ex
311 1120 498 1161 minimis
532 1129 649 1160 tanta
680 1119 885 1159 fecerunt.
945 1120 1104 1160 Verum
1139 1119 1231 1160 haec
1259 1134 1414 1175 genera
1446 1122 1653 1162 virtutum

227 1180 267 1210 64
281 1193 364 1218 non
390 1177 525 1217 solum
549 1177 591 1216 in
615 1177 803 1217 moribus
827 1177 996 1226 nostris,
1017 1177 1088 1217 sed
1113 1176 1182 1216 vix
1209 1177 1301 1231 jam
1330 1177 1373 1217 in
1395 1177 1514 1218 libris
1536 1192 1655 1234 repe-

227 1236 409 1276 riuntur.
442 1234 602 1275 cliartae
633 1248 818 1288 quoque,
850 1249 946 1288 quae
982 1234 1096 1274 illam
1129 1234 1351 1288 pristinam
1387 1235 1656 1276 severitatem

227 1292 522 1341 continebant,
565 1291 890 1341 obsoleverunt,
941 1304 1078 1346 neque
1122 1290 1256 1330 solum
1299 1292 1412 1346 apud
1450 1306 1541 1343 nos,
1583 1292 1656 1347 qui

228 1349 338 1390 hanc
370 1358 527 1389 sectam
559 1348 852 1402 rationemque
885 1348 1000 1397 vitaz,
1030 1348 1069 1377 65
1083 1361 1126 1387 re
1160 1347 1311 1401 magis,
1343 1362 1470 1402 quam
1505 1349 1658 1399 verbis,

228 1405 361 1447 secuti
395 1420 554 1455 sumus,
587 1405 657 1445 sed
692 1405 822 1445 etiam
858 1405 969 1460 apud
996 1404 1189 1454 Graecos,
1219 1405 1489 1446 doctissimos
1520 1406 1659 1446 homi·

229 1478 326 1504 nes:
359 1462 529 1517 quibus,
552 1476 647 1502 cum
672 1461 811 1502 facere
841 1477 925 1502 non
959 1470 1144 1516 possent,
1168 1461 1280 1516 loqui
1306 1471 1463 1513 tamen,
1484 1472 1528 1503 et
1558 1462 1661 1503 scri-

236 1521 333 1561 bere
366 1519 542 1559 honeste
562 1529 605 1559 et
639 1519 866 1574 magnifice
895 1518 1067 1559 licebat.
1125 1518 1222 1558 Alia
1244 1519 1456 1573 quaedam,
1486 1520 1662 1560 mutatis

173 1576 421 1618 41Graeciae
447 1576 724 1630 temporibus,
752 1585 963 1631 praecepta
989 1575 1260 1615 exstiterunt.
1323 1575 1472 1630 ltaque
1493 1576 1562 1617 alii
1588 1591 1663 1617 vo-

236 1633 412 1689 luptatis
446 1648 574 1673 causa
603 1633 747 1673 omnia
773 1633 984 1687 sapientes
1018 1632 1156 1674 facere
1185 1633 1411 1684 ‹lixcrunt3
1443 1647 1579 1688 neque
1609 1634 1662 1674 ab

237 1691 316 1732 hac
348 1689 552 1732 orationis
585 1690 848 1744 turpitudine
878 1690 1033 1730 eruditi
1066 1688 1259 1729 homines
1296 1689 1559 1746 refugerunt.
1592 1690 1664 1731 alii

236 1762 333 1789 cum
374 1746 592 1802 voluptate
630 1747 882 1801 dignitatem
921 1746 1266 1801 conjungendam
1308 1756 1579 1801 putaverunt,
1618 1755 1668 1787 ut

236 1806 277 1836 66
290 1819 354 1845 res
385 1804 573 1843 maxime
604 1803 713 1843 inter
746 1818 788 1843 se
821 1813 1106 1859 repugnantes
1136 1804 1303 1843 (licendi
1341 1803 1541 1844 facultate
1563 1819 1666 1845 con-

229 1861 480 1917 jungerent.
504 1860 606 1900 illud
631 1874 757 1900 unum
782 1860 991 1900 directum
1019 1860 1098 1901 iter
1128 1861 1179 1900 ad
1203 1860 1369 1900 laudem
1392 1875 1488 1901 cum
1523 1861 1667 1902 labore

236 1920 309 1974 qui
334 1919 636 1974 probaverunt,
662 1932 791 1972 prope
807 1917 902 1972 jain
924 1916 999 1957 soli
1024 1917 1067 1958 in
1091 1917 1245 1957 scholis
1266 1927 1363 1957 sunt
1385 1918 1535 1958 relicti.
1559 1917 1668 1958 mul-

237 1985 282 2016 ta
303 1975 416 2016 enim
452 1974 574 2014 nobis
608 1974 899 2015 blandimenta
928 1983 1079 2015 natura
1110 1974 1202 2029 ipsa
1231 1975 1394 2028 genuit,
1415 1975 1571 2029 quibus
1601 1989 1669 2015 so·—

237 2033 330 2088 pita
353 2032 486 2071 virtus
510 2031 782 2072 conniveret:
816 2041 858 2071 et
885 2031 1098 2071 interdum
1131 2031 1283 2071 multus·
1309 2031 1394 2071 vias
1425 2032 1669 2072 adolescen-

239 2089 311 2130 tiae
334 2088 517 2129 lubricas
541 2088 742 2139 ostendit,
760 2088 914 2142 quibus
937 2087 1007 2128 illa
1028 2088 1234 2138 insistere,
1251 2097 1324 2128 aut
1341 2087 1505 2143 ingredi
1528 2089 1565 2122 67
1579 2089 1669 2128 sine

240 2160 339 2187 casu
363 2145 520 2200 aliquo,
542 2154 616 2186 aut
638 2145 908 2202 prolapsione
931 2145 1003 2186 vix
1028 2155 1183 2201 posset,
1205 2155 1248 2186 et
1278 2145 1504 2187 multarum
1530 2159 1668 2186 rerum

283 2258 323 2289 64
346 2268 409 2288 non
430 2260 534 2288 solum
554 2259 590 2288 in
612 2259 766 2299 moribus]
787 2259 866 2290 Non
889 2269 937 2289 so-

244 2302 313 2331 lum
329 2300 452 2331 dictum
470 2306 519 2330 est
542 2311 600 2340 pro
624 2311 686 2331 non
708 2304 812 2332 solum
833 2311 939 2331 non—-

244 2343 319 2382 quia
332 2343 479 2381 sequitur
493 2343 549 2372 secl
561 2341 709 2383 vioejam.

286 2385 326 2415 65
349 2395 384 2414 re
412 2385 519 2421 magis
548 2394 647 2423 quam
673 2384 790 2424 verbis]
822 2383 937 2415 Paullo

190 2428 193 2431 ’
244 2425 319 2466 plus
333 2426 386 2456 hie
401 2426 654 2465 intelligendum
677 2432 738 2464 cst,
756 2437 852 2466 quam
869 2427 940 2456 vul-

246 2478 288 2508 go
301 2468 334 2498 in
350 2468 409 2498 hae
425 2468 530 2498 forma
543 2467 646 2498 solet:
665 2479 709 2499 se.
725 2469 827 2507 inagis
841 2478 939 2508 agen-

245 2510 299 2547 do,
325 2519 422 2549 quam
449 2509 633 2540 disserendo
661 2521 698 2541 ae
718 2510 934 2551 disputando:

245 2553 297 2582 cui
311 2558 345 2582 et
360 2552 543 2592 praecedens
556 2552 690 2583 verbum
707 2557 797 2582 εει-ια’
810 2553 937 2592 egregie

245 2595 423 2624 consentit.
467 2593 520 2623 Sic
538 2592 738 2633 moxsacere
751 2600 784 2625 et
801 2596 885 2634 loqui
900 2604 940 2624 ac

245 2637 383 2666 scribere
397 2637 522 2666 honeste
536 2641 759 2676 opponuntur.

290 2678 331 2708 66
354 2688 403 2708 res
417 2683 724 2716 m.—-repugna7ztes
742 2678 867 2709 ‘licendi
878 2677 941 2717 sa-

247 2721 371 2749 cultate
395 2718 643 2759 conjungerent]
669 2721 813 2751 verbum
825 2719 942 2760 fite-nl-

249 2763 327 2792 tatis
343 2761 395 2791 hic
411 2761 491 2791 mihi
508 2771 574 2791 non
598 2762 774 2792 satisfacit:
799 2762 942 2793 videtur-

248 2814 309 2841 que
337 2803 509 2833 desiderari
537 2804 670 2834 verbum
698 2805 800 2842 magis
828 2809 941 2844 aptum

250 2845 353 2876 verbis
372 2850 591 2885 impugnantes
605 2850 637 2876 et
653 2846 858 2886 conjungere.

1022 2259 1060 2293 67
1076 2261 1143 2290 sine
1156 2269 1231 2290 casu
1246 2261 1365 2298 aliquo,
1381 2264 1440 2290 aut
1449 2258 1668 2300 prolapsione]

983 2302 1020 2331 In
1037 2301 1115 2332 Mss.
1137 2302 1283 2342 pluribus
1300 2301 1398 2340 iisque
1422 2302 1515 2332 bonis
1528 2307 1577 2332 est
1595 2312 1674 2341 pro-

982 2345 1125 2374 loesione:
1162 2344 1247 2373 unde
1274 2344 1433 2373 Gruterus
1463 2345 1584 2384 recepit
1613 2352 1672 2384 pro

981 2385 1113 2423 vulgato
1143 2386 1359 2426 prolapsione,
1388 2386 1464 2424 quia
1490 2386 1531 2419 ab
1559 2396 1597 2416 eo
1626 2385 1674 2416 nil

980 2428 1124 2458 differret
1139 2438 1244 2458 casus.
1267 2428 1412 2457 Graevius
1427 2437 1502 2457 euin
1517 2438 1583 2458 non
1601 2428 1674 2457 imi-

980 2474 1070 2500 tatus
1085 2475 1147 2506 est,
1171 2481 1229 2500 nec
1252 2479 1322 2506 ego.
1346 2479 1423 2499 nam
1449 2474 1580 2500 nonest
1604 2479 1674 2499 ver-

978 2512 1056 2541 bum
1073 2511 1214 2542 latinum
1227 2512 1384 2550 prolaesio.
1422 2511 1541 2542 Differt
1564 2516 1675 2544 autem

979 2555 1024 2583 sic
1035 2564 1054 2583 a
1064 2563 1139 2583 casu
1150 2554 1326 2593 prolapsio:
1344 2554 1383 2583 In
1393 2563 1469 2583 casu
1479 2554 1575 2584 homo
1584 2558 1676 2584 stans

981 2595 1122 2625 concidit
1144 2597 1178 2626 in
1201 2595 1270 2632 illo,
1286 2605 1349 2634 quo
1372 2600 1451 2632 stat,
1476 2602 1534 2626 aut
1555 2597 1588 2625 in
1612 2605 1676 2634 quo

984 2638 1113 2675 nititur,
1127 2638 1215 2667 loco:
1235 2638 1266 2667 in
1277 2639 1482 2677 prolapsione
1494 2636 1678 2676 ingrediens

985 2679 1197 2719 provolvitur,
1213 2685 1246 2709 et
1260 2679 1451 2719 provolutus
1465 2680 1552 2710 cadit
1565 2691 1574 2710 ς
1599 2688 1677 2709 narn

980 2722 1109 2761 prolabi
1122 2727 1156 2752 et
1164 2723 1311 2761 provolvi
1333 2721 1417 2752 idem
1433 2726 1521 2751 sunt.
1543 2722 1588 2751 sie
1604 2720 1678 2751 Liv.

986 2764 1026 2799 V,
1049 2766 1099 2793 21.
1123 2769 1205 2795 extr.
1225 2765 1397 2804 prolapsus
1419 2764 1549 2801 cecidit,
1565 2766 1600 2795 et.
1622 2761 1680 2794 aui

986 2806 1148 2836 similiter.
