1769 3174
183 107 281 142 1056
767 100 1016 139 ORATIO

182 222 233 248 eo
256 219 342 246 non
365 205 498 246 solum
523 205 742 260 ingenium
772 205 937 247 elucere
961 204 1053 260 ejus
1078 204 1314 246 videbatis:
1348 203 1464 261 quod
1488 215 1618 259 sape,

183 263 349 305 etiamsi
374 262 581 303 industria
600 277 684 303 non
704 261 846 313 alitur,
868 263 979 304 valet
1001 272 1143 303 tamen
1164 262 1305 318 ipsum
1329 262 1414 303 suis
1432 261 1617 303 viribus:

186 317 260 361 sed
279 320 428 370 inerat,
451 319 529 360 nisi
562 333 629 360 me
661 329 833 376 propter
857 320 1189 361 benivolentiam
1212 319 1322 359 forte
1345 319 1533 368 fallebat,
1556 331 1621 358 ra-

187 378 264 427 tio,
286 388 329 417 et
351 377 473 418 bonis
497 377 658 417 artibus
681 377 891 427 instituta,
923 386 966 417 et
996 391 1097 417 cura
1126 387 1168 417 et
1202 376 1358 432 vigiliis
1389 376 1621 417 elaborata.

188 432 332 489 Atque
355 433 718 489 scitote,ju‹liceS,
741 449 810 474 cas
833 433 1103 489 cupiditate5‚
1118 448 1214 487 quae
1234 433 1501 488 objiciuntur
1518 430 1624 472 Coe-

189 490 263 538 lio,
302 499 429 547 atque
467 491 561 532 liaec
597 491 750 540 studia,
785 490 836 530 de
874 491 1029 544 quibus
1073 489 1261 545 disputo,
1298 504 1382 530 non
1424 487 1550 530 facile
1581 486 1626 527 in

191 547 343 589 eodem
366 548 539 588 homine
561 561 650 587 esse
683 561 820 602 posse.
881 546 993 587 Fieri
1025 546 1137 586 enim
1172 561 1255 586 non
1290 554 1444 601 potest,
1467 554 1515 585 ut
1536 543 1629 585 ani·

193 619 289 646 mus
310 604 477 646 libidini
509 604 690 653 deditus,
713 617 870 653 amore,
892 603 1118 652 desiderio,
1141 602 1391 657 cupiditate,
1416 615 1530 657 saepe
1561 599 1627 640 ni-

193 662 283 703 mia
302 661 442 717 copia,
465 661 607 715 inopia
631 661 760 701 etiam
785 674 1105 714 nonnumquam
1126 658 1370 714 impeditus,
1389 659 1486 709 hoc,
1502 656 1628 712 quid-

198 719 300 774 quid
332 728 410 767 est,
431 718 545 772 quod
569 731 645 757 nos
668 715 847 757 facimus
879 716 920 756 in
953 716 1149 767 dicendo,
1171 731 1256 756 non
1287 715 1416 756 modo
1447 713 1630 770 agendO,

137 792 187 826 46
202 790 345 816 verum
370 774 498 815 etiam
520 773 752 830 cogitando
777 773 912 829 possit
934 773 1154 814 sustinere.
1197 771 1265 813 An
1290 788 1364 814 vos
1386 772 1512 813 aliam
1531 784 1632 812 cau-

201 847 287 873 sam
320 846 409 873 esse
442 831 565 871 ullam
597 831 771 886 putati3‚
794 844 883 880 cur,
905 831 948 871 in
980 830 1108 871 tantis
1141 830 1328 885 praemiis
1361 827 1634 884 eloquentiae,

202 899 322 930 tanta
344 888 561 944 voluptate
583 887 767 937 dicendi,
791 895 909 928 tanta
938 887 1075 938 laude,
1099 895 1219 928 tanta
1240 886 1391 942 gratia,
1411 895 1532 927 tanto
1554 884 1633 925 ho-

202 961 318 996 nore,
343 955 427 986 tam
461 945 544 985 sint
576 944 715 999 pauci,
738 958 987 999 semperque
1008 943 1180 995 fuerint,
1202 944 1274 999 qui
1306 945 1349 984 in
1382 943 1463 984 hoc
1488 941 1634 983 labore

205 1004 445 1043 versentur?
477 1001 721 1042 emerenda:
753 1011 851 1041 sunt
881 1015 1028 1042 omnes
1060 1000 1321 1056 voluptate&
1359 998 1637 1056 relinquenda

205 1060 346 1100 studia
366 1058 675 1109 delectationis,
691 1057 876 1113 judiceS‚
898 1058 1035 1109 ludus,
1051 1057 1193 1112 jocus,
1215 1057 1476 1109 convivium,
1498 1069 1636 1097 sermo

205 1127 270 1157 est
292 1131 413 1171 paenc
434 1115 704 1155 familiarium
728 1114 996 1156 deserendus.
1016 1129 1111 1170 quae
1132 1129 1195 1155 res
1215 1116 1257 1156 in
1279 1114 1363 1156 hoc
1385 1127 1539 1170 genere
1557 1111 1638 1154 ho-

206 1174 342 1214 mines
365 1187 390 1212 a
410 1172 554 1213 labore
585 1172 810 1226 studioque
840 1171 1010 1213 dicendi
1040 1171 1246 1214 deterret:
1279 1172 1319 1202 68
1333 1186 1434 1222 non,
1455 1185 1541 1227 quo
1562 1176 1638 1210 aut

152 1238 197 1275 47
210 1230 384 1286 ingenia
405 1229 621 1280 deficiant,
645 1238 718 1269 aut
739 1229 933 1270 doctrina
955 1228 1142 1284 puerilis,
1200 1229 1269 1269 An
1291 1228 1377 1280 hic,
1399 1229 1431 1269 si
1456 1241 1546 1269 sese
1567 1225 1639 1267 isti

209 1289 311 1328 vitae
333 1286 533 1337 dedisset,
555 1285 817 1326 consularem
840 1286 1059 1327 hominem
1081 1285 1311 1326 admodum
1330 1285 1573 1327 adolescens
1596 1283 1640 1324 in

205 1344 418 1400 judicium
440 1343 705 1385 vocavisset?
735 1343 821 1393 hic,
851 1343 885 1383 si
920 1342 1108 1384 laborem
1139 1342 1320 1398 fugeret,
1343 1343 1378 1384 si
1408 1342 1640 1384 obstrictus

213 1401 505 1456 voluptatibus
530 1409 758 1451 teneretur,
780 1400 822 1440 in
846 1399 927 1441 hac
949 1400 1040 1441 acie
1061 1400 1253 1454 quotidie
1273 1401 1535 1441 versaretur?
1566 1412 1642 1453 ap-

171 1463 200 1492 b·
216 1467 377 1514 peteret
397 1454 675 1499 inimicitias?
701 1458 742 1497 in
758 1457 973 1512 judicium
999 1460 1192 1499 vocaret?
1220 1457 1382 1498 subiret
1405 1454 1642 1512 periculum

214 1515 392 1570 capitis?
424 1516 517 1570 ipso
557 1514 822 1569 inspectante
853 1514 1012 1570 populo
1045 1513 1259 1563 Romano,
1281 1523 1346 1555 tot
1374 1528 1540 1555 menses
1570 1520 1645 1553 aut

134 1580 202 1627 ΩΟ
215 1573 266 1612 de
289 1571 439 1622 salute,
459 1582 532 1612 aut
553 1572 605 1612 de
627 1570 763 1627 gloria
783 1571 1035 1612 dimicaret?
1069 1571 1188 1612 Nihil
1208 1571 1339 1627 igitur
1360 1571 1431 1612 illa
1447 1569 1643 1612 vicinitas

216 1629 408 1670 redolet?
441 1628 546 1668 nihil
567 1628 790 1669 hominum
813 1627 953 1670 fama?
985 1627 1090 1668 nihil
1116 1628 1232 1669 Baiae
1255 1628 1437 1683 denique
1455 1628 1560 1684 ipsae
1582 1625 1646 1668 10⁶

215 1688 430 1741 quuntur?
464 1684 553 1726 11}ae
576 1699 673 1726 vero
695 1700 779 1725 non
804 1685 1035 1741 loquuntur
1065 1685 1216 1734 solum,
1236 1699 1381 1725 verum
1403 1685 1532 1726 etiam
1551 1697 1646 1740 per-

216 1752 393 1784 sonant:
429 1742 510 1782 huc
533 1742 656 1782 unius
678 1742 866 1782 mulieris
888 1742 1110 1782 libidinem
1138 1757 1228 1782 esse
1252 1742 1506 1798 prolapsam,
1530 1749 1576 1782 ut
1597 1754 1647 1781 ea

217 1815 302 1840 non
323 1799 451 1840 modo
471 1798 742 1839 solitudinem
764 1814 812 1840 ac
831 1800 1025 1840 tenebras
1044 1808 1172 1853 atque
1192 1799 1284 1840 haec
1302 1800 1565 1854 flagitiorum
1583 1797 1649 1838 iu-

218 1866 468 1913 tegumenta
483 1871 567 1896 non
591 1866 769 1910 quaerat,
789 1857 920 1897 sedin
941 1855 1195 1911 turpissimis
1214 1857 1336 1897 rebus
1357 1854 1649 1911 frequentissi-

218 1929 290 1955 ma
310 1913 557 1955 celebritate
580 1923 622 1953 et
644 1912 877 1954 clarissima
900 1913 993 1954 luce
1016 1913 1197 1954 laetetur.

160 1978 207 2011 48
276 1971 437 2012 Verum
459 1971 491 2010 si
519 1970 613 2025 quis
636 1980 713 2021 est,
732 1970 803 2024 qui
834 1970 964 2011 etiam
1000 1970 1251 2012 meretriciis
1282 1970 1497 2011 amoribus
1520 1970 1650 2011 inter-

219 2028 383 2069 dictum
403 2027 625 2082 juventuti
657 2036 801 2082 putet:
834 2037 898 2069 est
927 2026 996 2068 ille
1017 2027 1186 2082 quidem
1215 2027 1333 2068 valde
1353 2041 1546 2069 severus:
1578 2041 1652 2067 ne-

219 2100 321 2141 gare
342 2099 428 2125 non
450 2098 648 2140 possum:
681 2085 750 2125 sed
775 2085 977 2126 abhorret
1006 2098 1091 2125 non
1125 2084 1252 2126 modo
1283 2086 1336 2126 ab
1356 2084 1484 2139 hujus
1507 2082 1652 2125 saeculi

218 2141 406 2192 licentia,
448 2156 594 2182 verum
635 2142 764 2182 etiam
798 2142 876 2183 69a
913 2140 1123 2196 majorum
1166 2141 1488 2192 consuetudine,
1526 2149 1654 2196 atque

220 2199 448 2240 concessis.
471 2198 641 2253 quando
664 2199 777 2239 enim
800 2198 882 2240 hoc
905 2198 1066 2240 factum
1089 2214 1174 2240 non
1206 2201 1296 2240 est?
1327 2198 1497 2254 quando
1515 2212 1655 2253 repre·

219 2255 429 2296 hensum?
459 2255 630 2310 quando
663 2270 748 2295 non
782 2256 1062 2311 permissum?
1092 2260 1133 2291 70
1146 2256 1316 2311 quando
1346 2255 1530 2310 denique
1557 2255 1655 2307 fuit,

221 2322 282 2364 ut,
306 2313 419 2367 quod
443 2312 558 2363 licet,
579 2326 666 2353 non
687 2312 861 2354 liceret?
895 2313 982 2354 Hic
1001 2328 1082 2369 ego
1099 2312 1190 2369 jam
1211 2327 1297 2353 rem
1316 2312 1543 2354 definiam:
1562 2327 1657 2354 mu-

161 2369 367 2412 49lierem
390 2369 549 2410 nullam
571 2370 829 2412 nominabo:
864 2380 1028 2411 tantum
1061 2370 1105 2411 in
1135 2370 1276 2411 medio
1299 2369 1549 2424 relinquam.
1610 2370 1657 2411 Si

222 2442 318 2483 quae
352 2441 439 2467 non
470 2434 607 2483 nupta
638 2426 789 2467 mulier
818 2426 993 2469 domum
1028 2441 1147 2468 suam
1183 2425 1434 2483 patefecerit
1463 2427 1658 2470 omnium

265 2588 305 2618 68
339 2596 413 2624 non,
440 2596 500 2627 qno
529 2586 779 2627 aut—puerilis]
818 2587 920 2618 Deest
961 2588 1081 2627 aliquid
1095 2588 1260 2626 excidisse,
1276 2598 1353 2619 nam
1367 2589 1541 2620 abhorrere
1554 2599 1576 2620 a
1588 2598 1662 2620 con·

223 2638 435 2668 consequens,
462 2629 518 2660 sed
545 2629 601 2659 &c.
644 2630 696 2660 An
722 2631 921 2669 transposita
962 2632 1056 2661 cessis
1071 2640 1136 2660 non
1151 2630 1190 2661 de
1198 2631 1379 2670 judicante,
1394 2631 1450 2662 sed
1465 2631 1503 2662 de
1518 2631 1660 2663 faciente

222 2678 299 2701 sunt
327 2671 410 2709 haec,
437 2675 471 2701 et
494 2671 679 2712 reponenda
699 2677 772 2712 post
794 2682 921 2702 rversen-
962 2672 1099 2703 dicitur:
1125 2673 1150 2702 si
1164 2678 1277 2703 tamen
1291 2675 1442 2704 concessis
1461 2684 1576 2704 verum
1596 2678 1661 2711 est.

222 2715 305 2743 tur?
328 2713 442 2743 deinde
465 2713 666 2754 subjicienda
689 2713 758 2744 haec
769 2726 778 2744 ι
801 2715 857 2745 sed
871 2715 921 2745 oh·
963 2719 997 2744 et
1014 2725 1079 2745 non
1095 2716 1203 2754 potius
1218 2715 1393 2755 legendum
1407 2725 1564 2747 concessu.
1600 2717 1662 2747 Su·

221 2756 359 2786 cerendoe
377 2757 436 2787 ἃς.
961 2767 1018 2797 pra
1034 2757 1206 2787 habuimus
1221 2760 1366 2789 omnium
1379 2768 1535 2789 concessu.

262 2798 302 2831 69
325 2807 347 2827 (z
375 2797 539 2837 majorum
568 2798 794 2829 consuetudine
822 2804 919 2839 atque
1003 2803 1043 2833 70
1065 2800 1192 2839 quando
1209 2799 1342 2839 denique
1352 2799 1443 2839 ficit,
1458 2805 1601 2831 ut—-non
1623 2801 1662 2830 li-

219 2840 384 2880 concessis]
423 2841 501 2872 Post
529 2842 757 2872 consuetudine
791 2841 919 2873 videtur
960 2841 1059 2881 cerer]
1084 2841 1136 2873 An
1150 2843 1216 2880 uhi,
1231 2843 1414 2882 quodlicet,
1429 2852 1492 2874 non
1506 2843 1644 2874 liceret?
