1812 3147
379 107 486 147 PRO
512 105 670 145 DOMO
697 105 799 144 SUA
825 107 901 144 AD
929 108 1132 147 PONTIF.
1404 115 1481 153 857

0 228 2 271 j
41 227 130 258 sam
159 212 369 269 adoptari,
391 214 430 245 57
447 224 533 251 non
566 218 615 251 ut
646 209 758 251 filius
791 223 917 261 esses,
937 211 1009 252 sed
1043 220 1090 252 ut
1119 211 1315 252 tribunus
1345 213 1482 269 plebis

0 274 1 314 Τ
37 272 174 322 fieres,
194 281 239 312 et
258 269 451 310 funditus
483 277 693 308 everteres
724 266 960 308 civitatem.
1023 268 1317 324 Respondisti,
1338 271 1482 322 eredo,

0 375 1 378 Ἴ
42 339 84 370 te
123 329 185 369 ita
215 326 336 370 velle.
398 324 685 366 Pontificibus
718 324 834 365 bona
865 340 992 366 causa
1025 326 1116 366 visa
1151 335 1239 366 est:
1271 328 1484 382 approba-

39 393 208 428 verunt.
270 383 371 424 Non
405 391 510 423 aetas
543 382 650 437 ejuS‚
669 381 743 436 qui
773 381 1023 438 adoptabat,
1046 382 1228 437 quaesita
1260 393 1338 433 est,
1361 393 1407 423 ut
1441 384 1486 426 in

42 442 125 484 Cn.
154 440 345 491 Aufidio,
369 439 437 480 M.
467 439 630 495 Pupi02
662 451 845 493 quorum
878 449 1057 495 uterque
1089 448 1234 480 nostra
1263 441 1484 491 memoria,

43 513 210 541 summa
238 506 472 548 senectute,
501 496 608 537 alter
640 495 854 547 Orestem,
881 497 986 538 alter
1016 496 1218 538 Pisonem
1245 497 1484 552 adoptavit.

41 571 148 612 quas
181 554 450 611 adoptiones,
471 554 582 594 sicut
613 552 715 594 alias
745 553 1092 605 innumerabiles,
1120 553 1377 594 hereditates
1409 569 1487 594 no-

44 613 189 664 minis,
211 612 423 669 pecuniae,
445 625 661 652 sacrorum
686 620 843 652 secutae
865 621 979 652 sunt.
1037 610 1101 652 Tu
1119 625 1256 665 neque
1280 610 1485 652 Fonteius

43 684 102 722 es,
124 669 198 725 qui
241 683 331 710 esse
362 669 575 710 debebas:
615 681 753 722 neque
785 669 918 724 patris
953 669 1097 710 heres:
1143 682 1296 723 neque,
1318 668 1485 709 amissis

45 728 175 769 sacris
213 725 415 783 paternis,
445 725 490 766 in
525 724 621 766 haec
659 725 864 781 adoptiva
897 726 1066 766 venisti.
1127 724 1195 766 Ita
1227 726 1485 781 perturbatis

45 784 190 835 sacris,
211 783 516 825 contaminatis
549 782 766 838 gentibuS‚
788 793 831 823 et
864 797 992 838 quam
1023 783 1260 833 deseruisti,
1282 793 1325 823 et
1357 797 1487 838 quam

45 840 253 900 polluisti,
283 840 429 896 58jure
451 839 690 886 Quiritium
723 839 917 896 legitimo
948 840 1175 881 tutelarum
1207 850 1250 880 et
1272 839 1487 881 heredita-

46 908 139 940 tum
161 898 326 949 relicto,
349 897 487 939 factus
517 911 560 938 es
592 897 686 952 ejus
715 897 827 938 filius
861 907 1010 938 contra
1044 896 1121 947 fas,
1142 897 1264 952 cujus
1287 912 1362 953 per
1383 908 1486 939 aeta-
1501 900 1531 931 b-

49 965 136 997 tem
156 965 278 1012 pater
298 968 388 996 esse
409 954 605 1010 potuisti.
666 953 780 995 Dico
803 955 915 1011 apud
945 955 1184 1010 pontifices.
1211 968 1336 1010 nego,
1360 956 1485 996 istam
1505 951 1572 1000 14

50 1013 328 1070 adoptionem
376 1011 604 1068 pontificio
635 1011 734 1067 jure
773 1026 864 1052 esse
912 1011 1095 1054 factam:
1141 1013 1342 1068 primum,
1373 1013 1552 1068 qu0d36

51 1073 92 1105 ⁵9
104 1069 173 1111 hae
195 1079 348 1111 vestrae
371 1078 471 1110 sunt
493 1077 656 1119 aetateS,
687 1077 735 1109 ut
758 1069 807 1120 is,
828 1070 869 1099 60
882 1069 954 1124 qui
978 1079 1020 1110 te
1043 1069 1281 1125 adoptavit,
1312 1069 1380 1110 vel
1412 1070 1490 1111 filii

52 1127 132 1169 tibi
155 1127 251 1169 loco
283 1140 359 1183 per
393 1135 565 1167 aetatem
598 1139 689 1166 esse
719 1126 934 1181 potuerit;
964 1127 1001 1157 61
1022 1126 1086 1167 vel
1104 1141 1170 1178 eo,
1193 1142 1278 1182 quo
1302 1126 1399 1168 fuit.
1419 1127 1493 1168 de-

52 1185 166 1237 inde,
198 1184 314 1239 quod
347 1198 475 1224 causa
495 1183 630 1238 quaeri
665 1183 772 1224 solet
801 1184 1050 1239 adoptandi,
1085 1193 1132 1225 ut
1167 1194 1210 1225 et
1244 1184 1277 1225 is
1302 1185 1494 1240 adoptet,

54 1241 144 1297 qui,
165 1241 281 1297 quod
313 1250 466 1281 natura
495 1241 590 1296 jam
623 1241 791 1296 assequi
820 1255 908 1282 non
941 1250 1098 1297 potest,
1129 1250 1172 1282 et
1209 1241 1420 1298 legitimo,
1452 1253 1496 1283 et

51 1298 279 1356 pontificio
306 1298 406 1354 jure
437 1307 626 1353 quaerat:
659 1306 703 1338 et
735 1299 796 1339 ita
828 1298 1019 1355 adoptet,
1042 1308 1088 1339 ut
1119 1313 1173 1339 ne
1205 1299 1307 1354 quid
1337 1310 1411 1340 aut
1443 1300 1497 1340 de

53 1356 269 1413 dignitate
311 1369 532 1411 generum,
554 1364 628 1396 aut
669 1355 721 1396 de
763 1369 979 1397 sacrorum
1018 1356 1224 1412 religione
1261 1356 1495 1398 minuatur.

56 1412 162 1455 illud
193 1413 237 1454 in
270 1413 433 1469 primis,
455 1426 509 1453 ne
530 1426 616 1467 qua
646 1412 875 1464 calumnia,
897 1428 951 1455 ne
971 1428 1057 1468 qua
1079 1412 1207 1464 fraus,
1226 1428 1279 1454 ne
1298 1414 1392 1469 quis
1420 1415 1498 1455 do-

54 1471 118 1512 lus
139 1470 417 1512 adhibeatur:
451 1478 498 1510 ut
522 1469 617 1510 haec
640 1469 838 1510 simulata
855 1470 1031 1526 adoptio
1054 1470 1130 1511 filii
1152 1486 1282 1526 quam
1303 1471 1494 1513 maxime

53 1528 279 1569 veritatem
292 1527 406 1568 illam
422 1526 790 1582 suscipiendorum
812 1527 1040 1569 liberorum
1058 1528 1227 1569 imitata
1243 1543 1333 1569 esse
1351 1529 1497 1570 videa-

56 1594 140 1626 tur.
201 1585 313 1632 Quae
344 1584 483 1640 major
515 1583 731 1625 calumnia
761 1593 839 1635 est,
862 1600 988 1641 quam
1030 1585 1174 1626 venire
1197 1586 1237 1616 62
1258 1586 1559 1639 imberbem37

55 1641 434 1693 adolescentulum,
465 1642 574 1682 bene
602 1641 813 1683 valentem
847 1657 896 1683 ac
927 1642 1154 1684 maritum:
1187 1643 1342 1695 dicere,
1361 1643 1498 1686 filium

59 1709 298 1741 senatorem
331 1698 480 1755 populi
518 1698 706 1740 Romani
744 1699 827 1741 sibi
865 1699 972 1741 velle
1004 1700 1234 1756 adoptare:
1280 1701 1323 1742 id
1357 1711 1502 1743 autem

59 1757 170 1808 ‚scire
200 1765 244 1797 et
269 1756 413 1797 videre
442 1770 605 1808 omnes,
626 1771 714 1797 non
748 1766 796 1797 ut
827 1756 897 1798 ille
928 1757 1040 1798 filius
1072 1758 1336 1810 instituatur,
1359 1759 1431 1800 sed
1453 1769 1504 1800 ut

59 1828 83 1855 e
121 1814 310 1870 patriciis
351 1824 491 1865 exeat,
529 1823 574 1854 et
609 1813 806 1855 tribunus
840 1814 976 1871 plebis
1018 1815 1111 1856 fieri
1150 1816 1302 1870 possit,
1340 1816 1502 1857 idcirco

62 1871 282 1927 adoptari?
322 1885 460 1926 neque
498 1870 542 1911 id
585 1871 778 1912 obscure.
814 1886 915 1913 nam
952 1872 1207 1928 adoptatum
1242 1873 1505 1930 emancipari

62 1930 222 1979 statim,
245 1942 296 1969 ne
315 1928 370 1968 sit
387 1928 478 1983 ejus
499 1927 625 1978 filius,
648 1929 722 1984 qui
744 1929 974 1986 adoptarit.
1035 1931 1074 1960 63
1094 1929 1183 1971 Cur
1205 1945 1308 1986 ergo
1325 1931 1506 1987 adopta-

64 1988 158 2027 tur?
189 1986 367 2041 probate
388 1999 524 2042 genus
546 1985 815 2041 adoptionis:
841 1987 935 2042 jam
966 1987 1161 2028 omnium
1193 2002 1312 2029 sacra
1333 1986 1507 2029 interie-

62 2042 164 2094 rint,
197 2057 379 2098 quorum
416 2042 615 2083 custodes
658 2058 734 2085 vos
770 2058 860 2085 esse
892 2044 1083 2096 debetis;
1134 2045 1340 2100 patricius
1377 2060 1505 2087 nemo

62 2099 338 2155 relinquetur.
398 2100 439 2131 64
458 2097 547 2141 Cur
577 2099 691 2141 enim
715 2101 943 2157 quisquam
974 2102 1090 2153 velit,
1112 2102 1334 2143 tribunum
1367 2103 1504 2160 plebis

106 2225 144 2257 57
164 2233 229 2254 ‘non
254 2228 292 2254 ut
306 2223 405 2265 filius
429 2223 521 2263 esses]
547 2224 627 2253 Mss.
649 2224 762 2254 Victo·
846 2225 887 2256 62
908 2225 1083 2256 imberbem
1108 2225 1257 2266 adolesc]
1283 2226 1369 2266 Quia
1391 2227 1507 2258 Chari-

67 2265 109 2295 ris
123 2270 157 2296 et
171 2266 240 2297 Pal.
259 2275 364 2296 nonus
380 2265 504 2296 addunt
518 2265 598 2307 ejus.
615 2267 709 2303 bene,
724 2271 764 2296 ut
804 2267 870 2297 sius
884 2267 923 2298 L.
939 2268 966 2298 I.
981 2278 1017 2308 p.
1034 2270 1087 2302 74.
1111 2268 1160 2299 ed.
1184 2269 1315 2299 Patsch.
1338 2270 1398 2306 ait,
1415 2270 1508 2300 Cice-

69 2307 196 2347 opinor.
806 2319 921 2340 ronem
933 2310 1042 2350 aliquo
1053 2309 1127 2340 loco
1136 2312 1298 2351 scripsisse
1313 2312 1505 2349 imberbum,

112 2348 291 2391 58jureQ.
306 2351 449 2388 legit-imo
459 2350 655 2390 tutelarum]
671 2350 768 2390 Quod
809 2357 983 2393 propterea
1018 2352 1070 2383 hic
1105 2353 1246 2384 formam
1275 2364 1348 2384 eam
1386 2355 1510 2394 recepit

67 2391 174 2422 *tutela
187 2392 227 2422 ad
241 2393 379 2432 gentiles
401 2400 435 2424 et
457 2399 594 2432 agnatos
618 2392 702 2423 redit
723 2403 763 2424 ex
806 2394 998 2432 Lambinus,
1007 2399 1094 2435 post,
1106 2400 1222 2426 contra
1236 2396 1509 2427 consuetudinem

70 2432 206 2472 legibus.
807 2445 913 2474 suam,
929 2438 1102 2474 Gruterus,
1116 2442 1232 2468 contra
1246 2438 1354 2468 libros.

107 2478 146 2509 59
160 2477 208 2505 hoe
218 2481 330 2507 vestrae
345 2481 454 2508 aetaces
465 2477 555 2517 sunt]
571 2477 766 2517 Vulgosz'nt,
851 2479 892 2509 63
929 2479 996 2510 Cur
1018 2490 1095 2519 ergo
1123 2480 1315 2520 adoptatur]
1356 2481 1429 2511 Hoc
1457 2491 1511 2511 su-

70 2520 104 2547 et
130 2527 206 2548 mox
230 2520 347 2553 solean
381 2519 436 2549 sed
459 2519 606 2550 latinitas
628 2525 704 2550 sunt
730 2525 765 2551 et
807 2526 956 2561 spectum
982 2527 1032 2552 est
1056 2523 1185 2552 merito.
1229 2523 1377 2554 Graevius
1398 2530 1511 2553 totum

67 2560 145 2588 solet
160 2561 310 2600 requirit:
334 2571 471 2600 quorum
495 2562 636 2592 alterum
659 2568 694 2592 et
715 2567 765 2593 est
807 2563 870 2593 hoc
885 2573 986 2603 usque
1009 2564 1049 2595 ad
1069 2565 1273 2604 relinquetur
1296 2575 1363 2595 non
1388 2566 1511 2606 reperit

71 2601 105 2631 in
120 2601 191 2632 edd.
205 2612 255 2642 pr.
299 2603 414 2642 ltaque
427 2609 462 2633 et
476 2603 617 2634 alterum
631 2606 765 2636 correxi.
808 2605 843 2635 in
871 2606 952 2636 Mss.
976 2607 1027 2637 Fr.
1050 2613 1085 2637 et
1107 2607 1223 2638 Dresd.
1252 2607 1405 2647 abestque
1431 2612 1466 2638 et
1490 2618 1510 2638 a

113 2642 154 2672 60
175 2645 229 2682 qui
242 2649 272 2674 te
284 2645 465 2684 adoptavit]
491 2647 567 2676 Mss.
585 2646 717 2686 quidam
731 2654 766 2677 et
809 2648 917 2678 Guelf.

74 2683 145 2714 edd.
160 2694 208 2724 pr.
223 2686 347 2717 addunt
355 2689 463 2726 patris
478 2689 541 2718 loco
553 2700 562 2717 :
577 2688 663 2728 quod
677 2689 767 2718 Grae-
851 2690 892 2720 64
921 2690 987 2722 Cur
1008 2692 1095 2722 enim
1117 2692 1288 2731 quisquam
1311 2693 1405 2721 vellet
1434 2691 1509 2730 δῖα]

71 2725 142 2755 vius
171 2729 302 2768 recepit,
325 2737 363 2759 ut
391 2729 563 2761 efficacius.
613 2730 694 2771 Quis
721 2733 767 2762 sic
811 2731 945 2762 Correxi
968 2735 1057 2770 velit,
1074 2738 1112 2763 ut
1136 2734 1283 2764 latinitas
1304 2733 1462 2772 postulat,
1477 2740 1513 2764 et

77 2766 158 2799 dixit
171 2769 326 2809 adoptare
333 2772 444 2810 patris
459 2773 522 2801 loco
534 2773 550 2802 ,7
813 2777 977 2813 sequentis
1005 2776 1163 2806 orationis
1200 2777 1359 2805 universas
1394 2776 1512 2806 smma.

117 2809 154 2839 61
179 2812 230 2841 vel
243 2822 287 2849 eo,
303 2823 363 2852 quo
374 2812 456 2852 tim]
475 2814 524 2845 Ad
533 2814 771 2847 obscenitatem
813 2816 997 2855 Antiquarii
1012 2819 1198 2849 scribebant
1208 2819 1290 2848 velet
1301 2829 1310 2846 :
1333 2817 1408 2848 inde
1419 2820 1513 2849 vellet

76 2850 226 2882 trahunt.
813 2858 950 2890 factum.
