1812 3147
585 155 704 193 PRO
737 154 782 192 L.
821 154 1065 192 FLACCO.

1479 159 1554 197 '753

117 260 292 303 haberet
324 259 492 301 cosdem
524 267 858 314 recuperatores.
919 258 1174 300 Recusavit:
1206 266 1264 306 et,
1293 259 1412 313 quasi
1446 259 1554 299 nihil

121 328 238 360 esset
257 327 415 367 actum,
438 315 544 357 nihil
569 315 831 370 judicatum,
853 316 907 356 ab
941 315 1184 372 Hermippo
1209 315 1368 356 ibidem
1397 330 1448 355 m·
1442 318 1558 357 anci-

103 398 106 402 ·
156 375 209 426 ia,
231 389 326 430 quae
359 375 449 429 ipse
475 373 512 414 ei
547 373 808 424 xendiderat,
833 383 975 428 pete1e
1005 374 1157 429 coepit.
1219 371 1286 413 M.
1319 372 1556 424 Gratidius,

104 465 109 470 .
140 441 333 495 egatus,
323 432 373 472 ad
397 445 520 494 quem
546 440 609 470 cst
631 430 812 480 aditum,
831 431 1049 472 actionem
1069 445 1112 471 se
1134 430 1331 471 daturum
1357 431 1553 485 negavit:

122 503 168 530 re
190 488 388 544 judicata
411 489 511 529 stari
543 487 732 528 ostendit
763 487 944 543 placere
1005 487 1166 528 Iterum
1198 487 1292 538 iste,
1314 487 1383 528 cui
1417 487 1553 528 nullus

117 556 235 587 esset
258 561 376 599 usqu·
369 560 436 586 <im
467 544 729 586 consistendi
761 545 894 596 locus,
923 545 1107 586 Romam
1139 559 1182 585 se
1206 544 1380 586 letulit:
1414 559 1555 600 perse-

123 603 270 659 quitur
293 593 574 658 Hermippus,
595 602 668 657 qui
697 617 931 657 numquam
953 603 1075 643 istius
1106 602 1387 658 impudentiae
1411 603 1554 643 cessit.

123 661 233 716 petit
255 660 506 702 Heraclides
528 676 554 701 a
576 659 628 700 C.
654 659 797 700 Plotio
821 670 1029 710 senatore,
1052 660 1142 700 xiro
1167 660 1383 715 primarie,
1405 660 1477 715 qui
1498 659 1554 700 le-

125 727 249 773 gatus
272 719 314 758 in
333 717 438 758 Asia
461 716 613 767 fuerat,
635 717 851 773 mancipia
877 718 1046 772 quaedar
1048 732 1090 768 11,
1113 732 1210 772 quae
1233 732 1290 766 se,
1313 732 1410 758 cum
1434 717 1555 780 judi-

119 785 268 816 catum
289 784 413 825 esset,
437 788 510 829 per
535 774 621 815 vim
644 774 885 815 vendidisse
916 775 1101 815 dicebat.

124 832 383 883 natissimus,
405 832 479 886 qui
503 842 661 887 plaetor
682 831 835 882 fuerat,
848 832 985 887 judex
1009 832 1217 873 sumitur:
1250 833 1321 887 qui
1345 846 1443 873 cum
1463 847 1557 872 sen-

128 889 304 930 tentiam
323 889 555 930 secundum
582 888 770 930 Plotium
795 903 838 929 se
857 890 1071 930 dicturum
1097 890 1354 939 ostenderet,
1380 893 1440 923 79
1434 891 1487 930 ab
1507 905 1557 930 eo

113 946 268 1001 Ju‘dice
289 946 411 997 abiit,
433 955 475 986 et
497 947 613 1001 quod
645 946 708 1001 80j
719 946 907 987 udicium
940 947 1033 1003 lege
1055 961 1141 987 non
1166 957 1274 998 erat,
1297 962 1469 988 causam
1494 957 1557 987 to-

127 1013 212 1047 tam
252 1003 437 1059 reliquit.
498 1004 668 1045 Satisne
700 1004 839 1054 vobis,
871 1005 1058 1059 judices,
1099 1004 1245 1045 videor
1279 1005 1331 1045 ad
1367 1004 1558 1061 singulos

126 1070 254 1101 testes
292 1061 507 1111 accedere,
544 1075 697 1116 neque,
741 1072 790 1101 ut
828 1063 967 1117 primo
1010 1063 1332 1113 constitueram,
1369 1072 1557 1102 tantum-

102 1151 105 1153 .
126 1118 255 1159 modo
277 1132 374 1160 cum
399 1118 598 1159 universo
620 1132 775 1174 genere
798 1120 1060 1174 confligere?
1092 1119 1230 1159 Venio
1253 1119 1305 1159 ad
1328 1119 1555 1174 Lysaniam

122 1175 317 1230 ejusdem
336 1175 538 1227 civitatis,
558 1176 814 1232 peculiarem
841 1187 975 1227 tuum,
998 1177 1204 1227 Dec-iane,
1225 1187 1397 1218 testem:
1430 1191 1557 1232 quem

122 1242 186 1283 tu,
211 1247 308 1274 cum
339 1233 556 1289 ephebum
595 1233 748 1274 Temni
780 1248 1027 1289 co<rnosscs,
1057 1235 1315 1289 <3¹quon11m
1348 1244 1390 1275 te
1421 1235 1559 1275 nudus

106 1290 370 1342 delectarat,
389 1305 556 1347 semper
574 1292 735 1332 nudum
753 1305 844 1332 esse
863 1292 1052 1332 voluisti.
1084 1295 1124 1323 8⁶⁶
1137 1291 1374 1333 Abduxisti
1395 1291 1560 1332 Temno

124 1323 449 1403 Apollonid'em·
473 1349 699 1404 pecuniam
720 1348 1098 1412 ιιάοιετεςθιιῐιῆο,ὓ
1074 1349 1223 1390 ortandi
1247 1350 1430 1399 tocnore,
1453 1349 1562 1390 fidu-

127 1406 196 1446 cia
221 1415 363 1446 tamen
390 1415 582 1462 accepta,
606 1406 888 1462 occupavisti.
921 1406 1032 1448 hanc
1055 1407 1256 1447 fiduciam
1287 1408 1562 1447 commissam

129 1461 209 1503 tibi
231 1462 364 1505 dicis:
398 1473 514 1504 tenes
536 1463 664 1504 hodie
686 1478 736 1504 ac
759 1463 964 1518 possides.
1029 1463 1138 1504 Eum
1164 1474 1208 1504 tu
1229 1474 1379 1504 testem
1403 1479 1477 1520 spe
1500 1479 1563 1505 re-

128 1521 363 1584 cuperandi
392 1520 512 1561 fundi
545 1520 711 1585 paterni
744 1522 888 1562 venile
917 1522 970 1562 ad
1003 1521 1297 1563 testimonium
1331 1522 1562 1563 dicendum

126 1576 335 1632 coegisti:
367 1578 439 1633 qui
462 1593 668 1633 quoniam
691 1577 986 1620 testimonium
1018 1582 1057 1610 83
1071 1580 1263 1620 nondum
1286 1579 1414 1628 dixit,
1437 1579 1527 1634 qui
1515 1579 1562 1619 <i-

123 1649 223 1675 nam
250 1634 307 1674 sit
339 1634 546 1687 dicturus,
577 1645 800 1692 exspectO.
864 1636 978 1677 Novi
1014 1651 1148 1692 genus
1183 1636 1425 1688 hominum,
1458 1636 1558 1677 novi

127 1693 498 1755 consuetudinem,
529 1708 630 1734 novi
669 1693 908 1735 libidinem.
971 1693 1139 1749 Itaque,
1170 1695 1249 1734 etsi
1285 1705 1425 1757 teneo,
1457 1694 1560 1749 quid

126 1748 181 1789 sit
202 1749 343 1791 dicelc
362 1761 550 1806 paratus,
572 1750 680 1791 nihil
702 1763 843 1793 tamen
864 1761 1016 1792 contra
1031 1752 1262 1807 disput-ibo
1283 1751 1414 1806 prius,
1431 1766 1560 1807 quam

125 1805 299 1848 dixerit,
332 1816 472 1848 totum
503 1808 618 1849 enim
650 1818 874 1849 convertet
910 1818 1039 1864 atque
1072 1809 1154 1850 alia
1185 1809 1334 1864 finoet.
1396 1809 1562 1855 Quam-

125 1864 272 1905 obrem
302 1875 345 1906 et
375 1865 442 1906 iile
470 1875 623 1916 servet,
649 1866 765 1921 quod
797 1866 988 1921 paravit:
1021 1875 1064 1907 et
1094 1880 1176 1923 ego
1200 1881 1268 1906 nic
1289 1865 1341 1907 ad
1364 1865 1422 1918 id,
1445 1866 1560 1921 quod

123 1921 327 1973 attulerit,
350 1923 565 1978 integrum
587 1925 867 1964 conservabo.

183 1978 320 2020 Venio
354 1995 466 2022 nunc
498 1981 550 2021 ad
590 1995 683 2021 eam
722 1981 959 2032 civitatem,
993 1980 1036 2021 in
1074 1995 1202 2036 quam
1233 1994 1317 2036 ego
1348 1979 1483 2021 multa
1518 1990 1603 2024 et

126 2050 283 2100 magna
304 2038 444 2078 studia
465 2047 506 2078 et
529 2038 672 2079 officia
692 2038 877 2090 contuli;
900 2049 942 2079 et
964 2053 1092 2102 quam
1116 2052 1236 2078 meus
1258 2038 1416 2078 frater
1408 2052 1449 2078 in
1473 2039 1596 2094 pri-

125 2093 206 2133 mis
228 2094 364 2135 colit.
354 2105 482 2150 atque
504 2095 670 2149 dilicit:
703 2111 800 2151 quae
833 2096 865 2136 si
895 2096 1047 2137 civitas
1070 2110 1146 2151 pei
1170 2095 1281 2135 viros
1306 2095 1441 2135 bonos
1464 2110 1561 2151 gra-

126 2164 281 2206 vesque
300 2151 494 2193 homines
514 2153 704 2208 querelas
723 2153 776 2194 ad
802 2168 874 2193 vos
897 2152 1134 2205 detulisset,
1153 2151 1295 2208 paullo
1314 2167 1562 2193 commove-

123 2221 190 2249 rer
217 2208 371 2265 magis.
404 2225 519 2272 nunc
552 2224 651 2251 v·e10
682 2211 785 2266 quid
818 2212 996 2267 putem?
1044 2209 1282 2251 Trallianos
1316 2209 1562 2253 Maeandrio

165 2323 206 2356 79
227 2325 259 2352 et
285 2322 326 2352 ab
351 2333 385 2353 eo
401 2321 518 2364 jndice
530 2324 646 2361 abiret,
670 2323 815 2366 quodj.]

128 2362 208 2393 Haec
223 2364 394 2395 manifeste
408 2366 523 2396 vitiosa
537 2373 636 2404 sunt,
654 2377 729 2397 nam
746 2377 819 2398 sen-

125 2414 196 2435 sum
221 2415 286 2436 non
302 2407 436 2437 habent.
480 2408 574 2439 Edidi
599 2419 673 2440 cum
690 2410 819 2440 Graevio

122 2458 140 2477 c
165 2447 228 2478 Ms.
255 2448 385 2486 Faerni,
411 2450 452 2480 ab
478 2460 512 2480 eo
528 2450 644 2491 judice
670 2452 763 2490 abiit,
789 2457 820 2482 et

123 2489 216 2529 quod.
262 2490 310 2522 Et
334 2497 446 2522 ortum
461 2503 478 2522 e
503 2494 697 2533 repetitione
712 2494 820 2524 finalis

123 2532 160 2561 in
181 2532 278 2563 verbo
303 2544 340 2573 pl
342 2535 523 2565 aecedente
558 2547 598 2566 ex
619 2537 701 2567 abiit
721 2541 753 2567 et
774 2537 822 2567 fa-

126 2578 215 2603 ctum
232 2575 346 2606 ahiree.

167 2618 208 2646 80
219 2615 385 2656 judicium
402 2619 472 2656 Iege
485 2628 547 2649 non
557 2619 643 2658 erat]
668 2619 690 2649 i.
712 2630 740 2650 e.
756 2629 823 2650 non

123 2657 298 2696 judicium,
313 2659 399 2698 quod
415 2661 543 2700 proprie
557 2661 689 2698 dicitur,
705 2663 740 2692 in
757 2672 821 2700 quo

127 2708 166 2729 ex
179 2699 250 2739 lege
266 2702 387 2741 agitur,
402 2701 544 2742 adeoque
559 2704 743 2734 arbitrium.
767 2705 822 2734 In-

128 2725 304 2781 mugitu?
312 2754 350 2774 ex
366 2755 417 2781 eo,
432 2745 520 2783 quod
543 2744 822 2794 dixit,szde.c.r11-

130 2783 250 2813 mitur:
272 2785 325 2824 qui
347 2792 397 2816 est
419 2787 549 2818 arbiter.
574 2797 650 2818 nam
673 2789 700 2818 is
723 2789 820 2818 modo

130 2824 283 2863 sumitur,
295 2826 395 2866 judex
409 2828 518 2859 datur.

172 2869 208 2897 81
245 2870 397 2908 quoniam
426 2875 457 2900 te
483 2871 590 2901 mulus
623 2871 819 2912 delectur-at]

134 2908 187 2938 Est
204 2910 399 2950 ambiguitas
413 2912 540 2944 faceta'
533 2923 567 2944 ιιι
581 2914 680 2944 verbo
695 2916 822 2947 nudus,-

862 2325 895 2354 in
911 2334 975 2364 quo
997 2324 1128 2365 proprie
1145 2323 1318 2363 respicitur
1339 2323 1380 2354 ad
1395 2327 1562 2364 ephebum,

863 2367 918 2406 qui
936 2367 1042 2397 nudus
1055 2370 1225 2396 exercetur
1240 2378 1248 2403 3
1274 2366 1328 2397 sed
1344 2368 1495 2398 innuitur
1504 2368 1562 2398 ali-

862 2409 939 2448 quid
961 2409 1122 2439 obscoeni:
1145 2418 1272 2448 semper
1294 2409 1434 2448 nudum,
1459 2411 1565 2451 priva-

863 2458 937 2481 tum
955 2452 1047 2482 bonis
1062 2451 1226 2481 omnihus.

906 2497 946 2524 82
968 2494 1141 2524 Abdu.ri.e.¹i
1164 2491 1201 2523 T.
1226 2493 1483 2533 Appollonidem]
1509 2494 1564 2524 In-

863 2536 1044 2576 telligenda
1057 2544 1105 2566 est
1119 2537 1208 2570 urbs,
1225 2536 1258 2564 iu
1274 2545 1371 2573 quain
1389 2535 1563 2576 Lysaniam

865 2588 961 2608 suum
985 2578 1131 2608 abduxit.
1179 2576 1256 2607 3101<
1268 2578 1401 2617 fiducia
1429 2584 1562 2618 aea-epta

865 2627 915 2650 est
937 2620 1133 2661 hypotheca,
1149 2625 1183 2650 ct
1200 2620 1330 2659 quidem
1346 2620 1437 2650 fundi
1457 2629 1564 2661 pater-

865 2672 909 2693 ni.

909 2707 947 2736 83
972 2704 1113 2734 nondum
1143 2704 1240 2744 dij-it]
1282 2704 1439 2735 A‘ondwn
1470 2709 1520 2734 est
1546 2715 1564 2734 e

866 2750 1056 2785 conjectura
1072 2747 1203 2783 falerni,
1221 2755 1350 2786 recepta
1366 2757 1386 2776 a
1402 2746 1564 2776 Lambino

866 2796 898 2819 et
914 2790 1069 2819 Grutero.
1107 2789 1239 2819 Delevit
1252 2789 1411 2824 Grau-ius,
1428 2788 1482 2818 sed
1497 2798 1564 2818 non

865 2830 1039 2871 explicavit
1061 2831 1259 2860 seutentiam
1276 2831 1348 2860 loci.
1393 2831 1566 2861 Sententia

866 2873 1046 2903 necessario
1062 2874 1197 2911 requirit
1212 2873 1364 2902 nondum.

782 2962 910 2999 393

1569 499 1620 532 50

1164 776 1220 820 Q.
1248 775 1555 825 Naso,v·110r-
1596 798 1601 803 ·
1637 776 1672 785 ’”

1572 1139 1618 1172 51

1575 1977 1641 2012 oo

1575 2050 1623 2083 5⁶2
