1785 3185
459 95 804 142 PHILIRmCA
830 94 1102 133 SEPTIMA.
1398 93 1496 129 1353

69 217 162 246 sum
182 208 502 259 praetervectus.
546 199 636 242 Cur
657 199 791 255 igitur
811 212 962 254 pacem
984 197 1109 238 nolo?
1140 195 1242 251 quia
1263 194 1398 252 turpis
1416 203 1532 246 est,9

69 260 170 316 quia
190 259 442 315 periculosa,
463 257 564 312 quia
592 270 683 297 csse
712 270 798 296 non
830 263 986 311 potest.
1010 268 1107 308 quae
1131 253 1212 293 tria
1230 253 1330 295 dum
1354 252 1496 308 expli-

69 331 137 367 co,
167 326 267 372 peto
289 331 314 355 a
335 315 472 365 vobis,
506 323 646 369 patres
682 312 931 368 conscripti,
957 319 1003 352 ut
1031 310 1181 351 eadem
1214 310 1498 365 benignitate,

70 387 156 428 qua
176 372 334 422 soletis,
357 372 486 412 verba
506 384 602 412 mea
623 369 821 411 audiatis.

130 429 248 475 Quid
269 437 333 468 est
355 428 658 478 inconstantia,
690 426 946 476 mobilitate,
975 423 1166 474 levitate,
1189 437 1289 464 curn
1318 421 1500 478 singulis

70 485 332 536 hominibus,
368 496 459 526 tum
497 499 596 525 vero
642 487 677 515 ¹8
693 484 890 525 universo
929 481 1110 532 senatui,
1153 480 1348 536 turpius?
1394 479 1501 533 quid

70 556 197 598 porro
220 542 548 592 inconstantius,
570 556 715 598 quam,
737 555 864 595 quern
895 539 1024 580 modo
1054 538 1222 580 hostem
1245 551 1331 578 non
1351 536 1499 586 verbo,

74 599 147 639 sed
168 613 226 650 re,
248 598 392 640 multis
413 599 610 650 decretis,
633 597 936 654 ¹9judicaritis,
971 611 1071 637 cum
1102 595 1186 636 hoc
1216 595 1360 635 subito
1392 607 1499 649 pace

73 655 181 696 velle
210 656 446 712 conjungi?
477 658 517 687 90
532 655 628 697 Nisi
659 669 774 706 vero,
805 669 904 695 cum
941 653 994 694 C.
1028 653 1190 694 Caesari
1228 651 1403 693 meritos
1438 649 1562 690 illito

73 712 245 767 quidem
268 713 452 754 honores
473 721 516 754 et
536 713 720 763 debitos,
744 711 816 752 sed
838 721 982 751 tamen
1006 709 1241 766 singulares
1264 717 1307 750 et
1325 708 1502 748 immor-

74 768 178 810 tales
200 770 463 821 decrevistis,
486 784 613 811 unam
644 770 700 810 ob
733 783 920 819 causam,
943 767 1059 823 quod
1090 778 1242 808 contra
1271 765 1340 807 M.
1363 764 1503 806 Anto-

73 826 194 867 nium
216 828 454 869 exercitum
478 826 827 882 comparavisset,
849 840 936 866 non
965 825 1135 865 hostem
1158 823 1399 864 Antonium
1431 822 1506 878 Ju-

75 883 275 926 dicastis:
307 899 385 925 nec
419 893 510 924 tum
544 883 682 924 hostis
714 892 778 923 est
811 898 836 923 a
870 882 992 923 vobis
1018 881 1242 937 judicatus
1272 879 1507 930 Antonius,

75 954 175 981 cum
196 939 356 982 laudati
387 941 643 982 auctoritate
665 949 805 981 vestra
836 940 1025 980 veterani
1058 938 1231 989 milites,
1261 937 1336 993 qui
1360 936 1509 978 Caesa·

76 1011 164 1039 rem
199 998 332 1039 secuti
356 1008 520 1040 essent:
563 1000 599 1028 2¹
619 999 717 1052 [nec
751 1007 842 1037 tum
875 997 1044 1038 hostem
1077 995 1317 1036 Antonium
1335 994 1508 1050 judica-

76 1053 234 1107 vistis‚]
265 1070 362 1096 cum
386 1054 630 1096 fortissimis
664 1054 920 1110 legionibus,
943 1053 1058 1109 quod
1091 1053 1227 1104 illum,
1260 1052 1333 1108 qui
1357 1050 1509 1093 consul

78 1111 388 1167 appellabatur,
410 1127 510 1154 cum
543 1123 653 1153 esset
675 1111 826 1163 hostis,
853 1111 1139 1166 reliquissent,
1153 1111 1414 1161 vacationes,
1435 1123 1508 1165 pe-

77 1169 241 1221 cunias,
279 1184 405 1225 agros
438 1169 744 1225 spopondistiS.
811 1168 960 1215 Quid?
1001 1182 1099 1209 eum
1136 1167 1336 1218 Brutum,
1363 1163 1556 1213 omine4

76 1225 264 1280 quodam
298 1227 410 1268 illius
445 1227 613 1282 generis
637 1236 680 1267 et
712 1226 913 1277 nominis,
935 1235 1085 1266 natum
1111 1225 1163 1266 ad
1196 1224 1506 1280 rempublicam
1522 1236 1567 1270 11

77 1281 358 1334 liberandam,
398 1285 722 1339 exercitumque
755 1283 848 1339 ejus
889 1298 967 1339 pro
997 1283 1196 1324 libertate
1237 1282 1387 1339 populi
1419 1281 1510 1322 Ro-

79 1340 195 1380 mani
219 1340 376 1382 bellum
409 1352 628 1397 gerentem
651 1356 749 1383 cum
778 1341 988 1392 Antonio,
1021 1339 1375 1396 provinciamque
1407 1338 1514 1380 fide-

79 1395 283 1438 lissimam
307 1409 434 1454 atque
457 1399 681 1454 optimam,
705 1398 907 1448 Galliam,
928 1397 1125 1438 laudibus
1152 1396 1427 1453 amplissimis
1449 1396 1514 1437 af-

81 1451 259 1506 fecistis,
281 1465 372 1497 tum
394 1470 481 1496 non
504 1456 671 1497 hostem
686 1455 916 1511 judicastis
937 1454 1179 1495 Antonium
1198 1457 1210 1495 ?
1234 1454 1383 1501 Quid?
1413 1468 1516 1495 cum

78 1510 343 1564 decrevistis,
377 1522 425 1554 ut
456 1514 665 1564 consules,
699 1513 818 1564 alter,
844 1513 1028 1553 ambove
1049 1512 1102 1553 ad
1133 1511 1292 1553 bellum
1317 1511 1513 1568 proficis-

82 1578 302 1611 cerentur:
333 1570 448 1626 quod
480 1580 572 1612 erat
594 1570 767 1622 bellum,
802 1570 836 1611 si
867 1569 1003 1611 hostis
1032 1568 1251 1610 Antonius
1276 1583 1365 1610 non
1387 1571 1510 1610 erat?

81 1626 123 1656 22
139 1626 241 1672 Quo
262 1627 396 1683 igitur
424 1627 642 1684 profectus
672 1636 735 1669 est
758 1627 822 1669 vir
844 1626 1121 1677 fortissimus,
1142 1641 1262 1668 meus
1283 1626 1449 1682 collega
1469 1633 1513 1667 et
1527 1625 1574 1667 12

78 1679 320 1736 familiaris,
352 1683 406 1729 A.
442 1684 613 1726 Hirtius
646 1684 823 1728 consul?
864 1694 910 1725 at
944 1699 1029 1739 qua
1069 1684 1390 1725 imbecillitate?
1429 1698 1516 1739 qua

79 1740 249 1782 macie?
279 1741 352 1783 sed
374 1741 506 1783 animi
528 1742 638 1784 vires
661 1741 853 1798 corporis
885 1741 1113 1784 infirmitas
1145 1757 1234 1783 non
1266 1741 1515 1782 retardavit.

80 1811 269 1852 aequum,
290 1799 432 1851 crede,
447 1800 789 1855 putavit,vitam,
806 1814 935 1854 quam
953 1799 1101 1855 populi
1120 1799 1308 1840 Romani
1324 1798 1434 1840 votis
1452 1812 1518 1839 re-

82 1853 295 1907 tinuisset,
314 1871 390 1913 pro
407 1856 604 1899 libertate
617 1856 766 1914 populi
786 1856 973 1898 Romani
987 1857 1031 1898 in
1045 1856 1276 1898 discrimen
1290 1856 1515 1898 adducere.
1531 1888 1550 1918 b

85 1910 225 1958 Quid?
245 1927 343 1956 cum
361 1913 550 1956 delectus
572 1914 718 1956 haberi
738 1924 830 1955 tota
850 1913 976 1955 Italia
985 1914 1194 1970 jussistis,
1209 1929 1309 1955 cum
1327 1914 1517 1962 vacatio·
1533 1912 1578 1970 123

82 1981 159 2010 nes
181 1985 329 2014 omnes
345 1971 590 2024 sustulistis,
612 1981 704 2013 tum
726 1971 796 2012 ille
814 1971 953 2012 hostis
974 1986 1061 2012 non
1077 1971 1406 2027 estjudicatus?
1436 1970 1520 2012 Ar-

86 2039 257 2070 morum
272 2029 466 2071 officinas
484 2030 527 2070 in
547 2030 650 2072 urbe
663 2028 839 2071 videtis:
861 2027 1020 2070 milites
1041 2044 1139 2071 cum
1159 2029 1312 2085 gladiis
1335 2043 1521 2084 sequun-

87 2092 158 2124 tur
179 2087 418 2129 consulem:
451 2086 652 2143 praesidio
676 2096 789 2138 sunt,
809 2085 965 2142 specie,
987 2086 1178 2138 consuli3
1204 2101 1247 2127 re
1263 2095 1306 2126 et
1322 2087 1519 2138 veritate,

83 2142 212 2184 nobis
230 2160 239 2185 :
272 2158 420 2186 omnes
439 2144 529 2186 sine
553 2144 637 2186 ulla
657 2144 939 2195 recusatione,
960 2158 1127 2185 summo
1151 2143 1281 2184 etiarn
1309 2158 1409 2184 cum
1430 2153 1521 2184 stu-

85 2199 159 2240 dio
180 2201 358 2243 nomina
377 2202 506 2244 dant:
538 2210 690 2258 parent
707 2201 955 2243 auctoritati
973 2209 1142 2243 vestrae.
1161 2214 1246 2242 non
1268 2200 1520 2256 estjudica-

87 2264 156 2301 tus
176 2257 312 2300 hostis
334 2258 578 2301 Antonius?
609 2257 671 2299 At
690 2258 856 2315 legatos
888 2258 1099 2300 misimus.
1159 2257 1277 2311 Heu,
1299 2272 1369 2299 me
1393 2258 1583 2301 mise-14

131 2384 168 2413 18
189 2383 438 2424 um'msenatuz]
461 2383 528 2416 Ms.
547 2381 658 2424 Huyd.
679 2381 781 2414 habet
824 2381 904 2413 Nisi
917 2381 1215 2423 vero—judicastis.
1268 2356 1274 2361 ·

87 2432 123 2455 ιι.
135 2429 265 2456 senatu.
866 2427 902 2455 21
928 2435 987 2456 nec
1002 2429 1074 2455 tum
1089 2427 1121 2456 h.
1135 2425 1177 2455 A.
1185 2423 1414 2465 judicavistis]
1441 2424 1524 2456 Haec

95 2505 104 2512 ι
134 2466 385 2509 lsjudicuritis]
401 2468 491 2500 Bene
503 2468 661 2499 Graew'us.
672 2467 782 2508 Vulgo
824 2467 979 2507 repetitio
994 2467 1106 2498 durior
1117 2472 1151 2498 et
1165 2466 1314 2506 frigidior
1324 2471 1390 2497 est.
1406 2468 1523 2497 melius

80 2508 301 2551 judicavistis.
825 2509 910 2541 absit
924 2521 934 2540 ι
957 2514 1068 2549 estque
1089 2510 1158 2540 sine
1179 2509 1278 2539 dubio
1301 2520 1320 2538 a
1342 2509 1523 2548 glossatore

132 2553 173 2582 20
194 2551 302 2593 ‚Quas-i
314 2552 404 2592 vero]
431 2552 518 2583 Huic
541 2552 674 2584 lectioni
699 2553 782 2584 bene
825 2557 911 2589 orta,
941 2557 1000 2583 aut
1034 2562 1092 2592 per
1126 2561 1272 2582 errorem
1309 2551 1521 2582 librariorum

90 2591 178 2625 infra
189 2594 223 2624 in
236 2594 370 2635 vulgata
384 2595 526 2626 lectione
541 2597 714 2635 respondet
721 2594 783 2636 ju·
824 2593 925 2624 facta.

91 2635 295 2667 dic-avevitis.-
319 2643 354 2667 at
369 2647 435 2668 non
452 2636 539 2677 quod
551 2638 665 2668 statim
678 2638 784 2677 sequi·
868 2638 908 2667 2²2
930 2636 1005 2678 ,ριιο
1018 2637 1126 2675 igitur
1134 2635 1237 2677 prcfi]
1285 2635 1338 2665 Sic
1352 2633 1424 2665 edd.
1439 2639 1522 2666 vett.

91 2680 160 2714 tur,
181 2688 240 2708 nec
258 2683 331 2709 tum
343 2680 440 2710 hostis
453 2684 499 2710 est
512 2689 535 2710 a
548 2680 633 2711 vobis
646 2679 784 2721 judica-
827 2688 940 2708 omnes
955 2684 990 2709 et
1004 2679 1087 2709 Mss.
1102 2683 1223 2719 praeter
1238 2677 1314 2707 Vat.
1331 2677 1384 2716 qui
1399 2676 1497 2708 habet
1510 2689 1520 2708 ;

92 2722 164 2752 tus:
188 2721 390 2761 debebatque
404 2731 484 2759 esse,
498 2731 557 2752 nec
573 2726 644 2753 tum
657 2724 688 2753 12.
707 2732 738 2753 a.
752 2732 784 2752 v.
827 2720 921 2762 ‚Quid
931 2722 1039 2760 igitur
1046 2730 1101 2760 pr.
1139 2720 1214 2761 Quo
1228 2719 1329 2758 accipi
1345 2723 1454 2759 potest
1468 2730 1524 2750 eo·

87 2761 322 2803 eitjudicatus.
338 2764 402 2795 Ms.
417 2764 480 2795 Gu.
492 2764 591 2794 habet
594 2763 786 2806 judicastis,
829 2763 903 2793 dem
918 2772 1014 2793 sensu
1027 2774 1036 2793 ι
1053 2762 1109 2793 sed
1124 2768 1174 2793 est
1187 2767 1302 2793 tamen
1318 2761 1522 2801 ambiguum.

92 2804 148 2835 sed
169 2805 231 2836 hoc
254 2807 296 2846 τῷ
316 2808 410 2846 quasi
430 2816 506 2837 vero
528 2816 595 2837 non
610 2807 787 2837 consentit.
831 2805 946 2844 ltaque
974 2805 1069 2847 ,Quid
1097 2814 1173 2836 cum
1208 2804 1337 2834 Graevio
1368 2803 1525 2844 praetule-

92 2845 208 2887 ltaque
222 2847 352 2890 praetuli
366 2848 543 2883 lectionem
558 2848 698 2882 alteram
712 2849 789 2880 Vat.
833 2847 908 2879 rim.
