1812 3147
554 105 672 146 PRO
702 105 749 144 L.
776 105 1020 145 FLACCO.
1426 107 1504 148 765

56 210 248 265 duceret,
285 211 527 254 sestertium
567 211 713 253 vicies.
775 209 832 252 Et
868 224 966 251 eum
998 217 1046 250 tu
1084 221 1258 250 accusas
1293 207 1503 260 avaritiae,

57 285 187 328 quem
219 270 326 312 dicis
360 268 603 310 sestertium
642 268 772 310 vicies
808 267 993 309 voluisse
1028 265 1231 322 perdere?
1265 280 1367 306 nam
1397 266 1502 321 quid

55 329 244 379 emebat,
266 341 365 368 cum
387 335 430 367 te
452 327 649 368 emebat?
681 335 729 366 ut
759 325 811 366 ad
843 339 887 366 se
916 324 1143 365 transires?
1174 337 1303 378 quam
1334 331 1499 378 partem
1514 334 1544 364 Ρ·
1562 326 1634 355 ¹02-

55 400 198 428 causae
232 384 309 426 tibi
344 384 569 425 daremus?
600 397 654 424 an
681 392 729 424 ut
760 383 1004 424 enuntiares
1035 379 1216 422 consilia
1246 379 1394 422 Laelii?
1425 376 1541 435 quia.

58 451 187 485 testes
209 442 263 483 ab
286 456 337 483 eo
365 441 614 497 prodirent?
644 440 775 496 quid?
808 455 883 481 nos
910 454 995 480 non
1024 438 1274 479 videbamus
1303 437 1500 478 habitare

58 501 171 542 una?
205 499 302 554 quis
339 499 421 540 hoc
457 498 626 540 nescit?
665 497 830 538 tabulas
870 497 910 537 in
947 496 1067 537 Laelii
1107 504 1321 551 potestate
1353 494 1499 544 fuisse,

57 565 162 599 num
184 556 364 597 dubium
387 559 483 598 est?
515 570 568 596 an
591 569 645 596 ne
663 555 952 605 vehementer,
976 568 1028 594 ne
1049 552 1225 609 copiose
1249 554 1499 593 accusares?

58 613 188 657 Nunc
207 613 312 655 facis
335 613 640 670 suspicionem.
672 613 732 653 ita
749 613 863 653 enim
883 611 1048 662 dixis1i‚
1068 619 1116 651 ut.
1134 610 1278 650 nescio
1299 609 1402 664 quid
1422 610 1498 649 abs

57 676 101 714 te
132 671 410 728 impetratum
444 684 534 711 esse
575 669 782 710 videatur.
841 668 902 709 At
933 670 1049 709 enim
1082 667 1276 709 Androni
1314 663 1582 710 Sextilio-34·

56 729 201 786 gravis
234 729 390 784 injuria
419 727 535 770 faeta
564 737 643 778 est,
670 736 714 768 et
746 741 831 767 non
865 726 1063 767 serenda:
1096 725 1226 780 quod,
1259 738 1357 764 eum
1387 734 1497 764 esset
1510 736 1559 768 84

56 797 170 827 uxor
187 786 280 842 ejus
308 785 487 837 Valeria,
509 785 714 825 intestato
742 794 925 834 mortua,
947 784 1008 824 sic
1030 783 1120 838 egit
1143 797 1236 823 eain
1263 796 1350 822 rem
1377 780 1499 821 Flac-

58 857 148 895 cus,
169 844 291 899 quasi
315 844 366 884 ad
392 843 533 899 ipsum
564 841 777 883 hereditas
810 842 1057 897 pertineret.
1119 839 1168 880 In
1192 853 1278 895 quo
1309 837 1412 894 quid
1436 853 1500 878 re-

58 901 312 1001 prehendam,
329 901 437 941 scire
459 899 604 956 cupio.
634 899 751 955 quod
774 899 927 939 falsum
951 897 1206 939 intenderit?
1237 896 1308 951 qui
1338 896 1466 936 doces
1488 899 1501 936 ?

82 972 268 1015 ngenua,
302 959 457 1014 inquit,
489 958 586 998 fuit.
648 956 688 998 O
718 957 905 1013 peritum
932 956 1042 1011 juris
1074 955 1318 996 hominem!
1353 953 1500 1000 Quid?

57 1016 112 1057 ab
141 1015 340 1072 ingenuis
368 1015 618 1056 mulieribus
655 1014 913 1055 hereditates
951 1014 1046 1069 lege
1080 1008 1163 1052 non
1199 1012 1401 1053 veniunt?
1452 1010 1500 1053 ln

55 1086 246 1124 manum,
277 1072 433 1128 inquit,
455 1081 730 1114 convenerat.
792 1072 922 1113 Nune
945 1071 1088 1112 audio.
1116 1070 1186 1111 sed
1212 1083 1373 1124 quaero,
1407 1083 1500 1120 usu,

57 1143 110 1171 an
134 1130 402 1172 coemtione?
433 1145 510 1171 usu
535 1145 620 1171 non
654 1130 810 1186 potuit.
843 1129 950 1170 nihil
971 1128 1086 1169 enim
1118 1134 1262 1184 potest
1292 1126 1344 1167 de
1367 1124 1502 1167 tutela

53 1186 250 1244 legitima
278 1188 369 1228 sine
392 1188 585 1229 omnium
610 1198 802 1228 tutorum
837 1186 1096 1228 auctoritate
1125 1184 1330 1226 deminui.
1353 1183 1501 1224 co'cm-

49 1245 201 1286 tione?
232 1246 434 1286 omnibus
465 1260 568 1302 ergo
600 1245 863 1286 auctoribus.
896 1245 938 1285 in
970 1244 1126 1300 quibus
1150 1251 1266 1284 certe
1298 1241 1496 1282 Flaccum

54 1301 186 1343 fuisse
217 1317 305 1344 non
341 1303 472 1344 dices.
536 1303 812 1358 Relinquitur
853 1302 971 1352 illud,
1001 1301 1115 1357 quod
1151 1298 1375 1340 vociferari
1411 1308 1556 1341 nonS5

53 1359 236 1411 destitit,
267 1374 355 1401 non
385 1360 597 1411 debuisse,
628 1358 726 1401 eum
759 1369 919 1416 praetor
953 1368 1077 1409 esset,
1112 1372 1235 1398 suum
1271 1356 1496 1412 negotium

54 1428 195 1473 agere,
218 1428 293 1458 aut
322 1419 586 1459 mentionem
620 1416 757 1458 facere
787 1417 1050 1458 hereditatis.
1112 1414 1333 1455 Maximus
1370 1414 1498 1455 audio

56 1475 152 1527 tibi,
189 1475 237 1515 L.
267 1475 455 1527 Luculle,
489 1478 561 1530 qui
596 1476 647 1516 de
683 1475 731 1516 L.
765 1474 920 1515 Flacco
955 1473 1212 1514 sententiam
1246 1471 1406 1512 laturus
1439 1486 1499 1521 es,

54 1546 132 1588 pro
156 1542 228 1572 tua
256 1533 419 1573 eximia
448 1532 718 1583 liberalitate,
750 1532 1038 1587 maximisque
1067 1530 1286 1571 beneficiis
1321 1529 1362 1569 in
1387 1540 1498 1580 tuos,

53 1590 220 1630 venisse
242 1589 514 1642 hereditates,
537 1605 634 1632 cum
659 1590 807 1631 Asiam
831 1590 1099 1646 provinciam
1123 1586 1336 1630 consulari
1365 1587 1500 1642 irnpe-

10 1691 14 1695 ,
56 1647 120 1688 rio
151 1647 382 1688 obtineres.
415 1649 449 1690 si
481 1649 577 1704 quis
610 1663 679 1690 eas
713 1663 808 1688 suas
841 1662 932 1689 esse
961 1645 1158 1696 dixisset,
1187 1644 1500 1687 concessisses?

54 1702 136 1755 Tu,
158 1703 208 1745 T.
235 1704 374 1756 Vecti‚
397 1705 430 1746 si
453 1720 538 1760 qua
561 1706 641 1746 tibi
663 1706 759 1746 45in
781 1704 932 1746 Africa
954 1705 1119 1746 venerit
1149 1702 1387 1752 hereditas3
1420 1715 1498 1742 usu

52 1763 251 1803 amittes?
283 1777 336 1803 an
360 1772 497 1814 tuum,
523 1763 638 1805 nulla
659 1763 853 1814 avaritia,
877 1762 992 1804 salva
1014 1761 1241 1818 dignitate,
1265 1759 1499 1801 retinebis?

53 1816 114 1859 At
142 1819 264 1860 istius
295 1819 560 1873 hereditatis,
576 1821 670 1875 jam
694 1820 886 1862 Globulo
908 1829 1108 1876 praetore,
1133 1818 1274 1859 Flacci
1309 1817 1496 1867 nomine,

52 1876 188 1931 petita
219 1878 430 1933 possessio
467 1887 546 1919 est.
580 1878 721 1919 ⁴6non
750 1878 885 1935 igitur
916 1878 1156 1933 impressio,
1190 1889 1275 1916 non
1308 1875 1496 1925 occasio,

50 1944 139 1974 non
164 1934 239 1984 vis,
270 1949 353 1975 non
377 1942 562 1992 tempus,
592 1950 680 1976 non
711 1936 955 1992 imperium,
978 1949 1064 1976 non
1099 1947 1266 1975 secures
1297 1931 1350 1972 ad
1382 1932 1496 1987 inju-

49 1989 156 2031 riam
179 1990 416 2033 faciendam
441 1993 585 2034 Flacci
607 1993 800 2034 animum
832 1992 1107 2049 impulerunt.
1170 1990 1322 2046 Itaque
1343 1989 1491 2030 eodem
1507 1995 1557 2029 86

51 2047 181 2096 etiam
226 2047 292 2089 M.
324 2049 479 2102 Lurco,
513 2051 578 2091 vir
610 2051 816 2107 optimus,
847 2065 967 2091 meus
1007 2048 1244 2099 familiaris,
1277 2045 1536 2088 convertitb·

50 2104 243 2168 aculeum
265 2108 502 2149 testimonii
517 2108 604 2149 sui.
628 2109 818 2165 negavit,
841 2123 866 2148 a
887 2108 1056 2164 privato
1080 2106 1307 2163 pecuniam
1330 2105 1373 2145 in
1398 2119 1497 2160 pro-

52 2162 193 2204 vincia
215 2172 443 2219 praetorem
472 2176 618 2222 petere
640 2175 853 2222 oportere.
916 2165 1005 2206 Cur
1027 2164 1216 2215 tandem,
1247 2162 1314 2203 M.
1341 2161 1497 2213 Lurco,

50 2228 136 2260 non
158 2224 357 2276 oportet?
388 2223 566 2279 eripere,
589 2233 859 2279 extorquere,
884 2222 1079 2278 accipere
1100 2231 1252 2262 contra
1274 2220 1387 2276 leges
1411 2234 1498 2260 non

53 2286 250 2341 oportet:
284 2288 428 2334 petere
457 2294 544 2322 non
578 2290 790 2337 oportere,
822 2294 1041 2335 nunquam
1065 2278 1279 2328 ostendes,
1308 2278 1393 2317 nisi
1420 2277 1498 2317 do-

54 2346 190 2375 cuerls
217 2348 303 2376 non
336 2336 475 2378 licere.
536 2337 606 2378 An
638 2338 875 2395 legationes
906 2351 1072 2378 sumere
1100 2336 1269 2386 liberas,
1291 2334 1497 2390 exigendi

55 2392 332 2442 eausa,‹sicut
352 2403 396 2435 et
418 2404 463 2435 tu
486 2394 579 2452 ipse
602 2410 751 2451 nuper,
773 2405 817 2435 et
846 2394 971 2436 multi
994 2394 1072 2435 viri
1105 2393 1208 2434 boni
1241 2406 1355 2447 saepe
1386 2392 1500 2432 fece-

54 2455 168 2512 runt,
191 2458 356 2492 rectum
382 2461 472 2495 est:
504 2453 619 2508 quod
644 2468 726 2509 ego
757 2467 844 2493 non
878 2451 1169 2508 repreliend03
1202 2450 1342 2491 socios
1375 2449 1499 2490 video

54 2516 198 2559 queri:
231 2517 476 2563 praetorem,
509 2512 544 2551 si
576 2510 860 2552 hereditatem
891 2511 929 2543 47
946 2510 990 2550 in
1024 2508 1248 2565 provincia
1283 2521 1370 2547 non
1405 2505 1501 2547 reli-

77 2683 85 2691 „
95 2645 138 2692 4¹5-
157 2645 193 2675 2'72
205 2645 338 2687 Africa]
364 2647 502 2680 Videtur
519 2649 663 2682 Africam
679 2660 753 2692 pro·
789 2651 980 2690 junguntur
992 2659 1051 2691 pro
1067 2649 1257 2690 synonymis
1271 2648 1303 2678 vi
1319 2651 1350 2678 et
1367 2647 1502 2687 impres-

56 2691 195 2733 7¹¹Jc¹³⁴m
222 2691 357 2720 ⁵⁰¹'t'1fflS
383 2700 466 2728 esse,
493 2691 528 2722 in
556 2703 654 2732 quam
678 2698 754 2733 post
796 2695 882 2723 sione
895 2697 1038 2723 evertere
1052 2692 1206 2731 aliquem.
1369 2692 1371 2694 '

54 2725 169 2774 abiret.
211 2729 274 2760 Pro
290 2735 413 2764 venerit
426 2734 491 2765 Ms-
507 2735 571 2766 Gu.
594 2735 680 2766 male
701 2745 755 2765 ve·
838 2738 879 2769 47
894 2735 931 2765 in
940 2734 1111 2775 provincia
1125 2744 1188 2763 non
1201 2730 1385 2773 reliquerit]
1407 2730 1503 2763 Faer-

55 2772 116 2799 πη·
255 2814 260 2821 ,
799 2786 862 2808 nus
898 2778 933 2808 in
968 2776 1034 2807 suis
1063 2776 1144 2806 Mss.
1175 2785 1243 2805 non
1270 2775 1389 2814 reperit
1421 2782 1504 2802 raon:

61 2851 66 2856 ,
95 2810 137 2841 46
161 2821 224 2861 ”qn
249 2817 426 2862 zrnpvsessio]
457 2818 669 2860 Respondent
694 2820 756 2850 sibi
799 2819 980 2850 Lambinus
1004 2828 1064 2849 nec
1084 2818 1120 2848 in
1142 2817 1367 2848 Memmiano:
1392 2817 1504 2853 itaque

51 2860 231 2892 HRPTCSSw,
247 2865 306 2893 ²²¹⁸,
320 2861 504 2898 vnpen'um.
521 2862 561 2893 ad
577 2861 708 2898 DivN,
724 2863 755 2893 2.
799 2862 941 2893 correxit
962 2862 997 2891 in
1013 2870 1107 2900 prov.
1126 2861 1276 2897 creverit,
1298 2857 1384 2898 quod
1406 2856 1507 2888 multi

119 2909 226 2941 voL.
251 2912 305 2940 11.
332 2913 371 2941 Ρ.
398 2915 451 2943 11.
742 2910 765 2945 3
791 2918 821 2944 2
