<?xml version="1.0" encoding="UTF-8"?>
<!DOCTYPE html PUBLIC "-//W3C//DTD XHTML 1.0 Transitional//EN"
    "http://www.w3.org/TR/xhtml1/DTD/xhtml1-transitional.dtd">
<html xmlns="http://www.w3.org/1999/xhtml" xml:lang="en" lang="en">
 <head>
  <title>
</title>
<meta http-equiv="Content-Type" content="text/html;charset=utf-8" />
  <meta name='ocr-system' content='tesseract 3.04.00' />
  <meta name='ocr-capabilities' content='ocr_page ocr_carea ocr_par ocr_line ocrx_word'/>
</head>
<body>
  <div class='ocr_page' id='page_1' title='image "./p2operaomnia02ciceuoft_0289.png"; bbox 0 0 1769 3174; ppageno 0'>
   <div class='ocr_carea' id='block_1_1' title="bbox 553 124 1494 169">
    <p class='ocr_par' dir='ltr' id='par_1_1' title="bbox 553 124 1494 169">
     <span class='ocr_line' id='line_1_1' title="bbox 553 124 1494 169; baseline 0.006 -6"><span class='ocrx_word' id='word_1_1' title='bbox 553 124 675 164; x_wconf 87' lang='lat' dir='ltr'>PRO</span> <span class='ocrx_word' id='word_1_2' title='bbox 701 126 743 164; x_wconf 90' lang='lat' dir='ltr'>P.</span> <span class='ocrx_word' id='word_1_3' title='bbox 771 126 1002 166; x_wconf 85' lang='lat' dir='ltr'><strong>SEXTIO.</strong></span> <span class='ocrx_word' id='word_1_4' title='bbox 1394 135 1494 169; x_wconf 82' lang='lat'>1005</span> 
     </span>
    </p>
   </div>
   <div class='ocr_carea' id='block_1_2' title="bbox 0 230 1597 2575">
    <p class='ocr_par' dir='ltr' id='par_1_2' title="bbox 37 230 1597 2460">
     <span class='ocr_line' id='line_1_2' title="bbox 61 230 1585 287; baseline 0.003 -15"><span class='ocrx_word' id='word_1_5' title='bbox 61 244 156 272; x_wconf 78' lang='lat' dir='ltr'>sum</span> <span class='ocrx_word' id='word_1_6' title='bbox 178 230 345 287; x_wconf 89' lang='lat' dir='ltr'><strong>possint</strong></span> <span class='ocrx_word' id='word_1_7' title='bbox 361 237 405 273; x_wconf 87' lang='lat' dir='ltr'>et</span> <span class='ocrx_word' id='word_1_8' title='bbox 421 243 575 287; x_wconf 85' lang='lat' dir='ltr'>capere</span> <span class='ocrx_word' id='word_1_9' title='bbox 595 230 672 272; x_wconf 89' lang='lat' dir='ltr'>otii</span> <span class='ocrx_word' id='word_1_10' title='bbox 695 230 811 271; x_wconf 90' lang='lat' dir='ltr'>illum</span> <span class='ocrx_word' id='word_1_11' title='bbox 835 238 1008 286; x_wconf 88' lang='lat' dir='ltr'>portum</span> <span class='ocrx_word' id='word_1_12' title='bbox 1028 238 1072 271; x_wconf 90' lang='lat' dir='ltr'>et</span> <span class='ocrx_word' id='word_1_13' title='bbox 1092 231 1331 287; x_wconf 85' lang='lat' dir='ltr'><strong>dignitatis.</strong></span> <span class='ocrx_word' id='word_1_14' title='bbox 1364 231 1493 277; x_wconf 88' lang='lat' dir='ltr'>Hanc</span> <span class='ocrx_word' id='word_1_15' title='bbox 1509 242 1585 276; x_wconf 89' lang='grc'>100</span> 
     </span>
     <span class='ocr_line' id='line_1_3' title="bbox 55 287 1492 347; baseline 0.003 -19"><span class='ocrx_word' id='word_1_16' title='bbox 55 302 138 344; x_wconf 88' lang='lat' dir='ltr'>ego</span> <span class='ocrx_word' id='word_1_17' title='bbox 160 288 288 339; x_wconf 83' lang='lat' dir='ltr'>viam,</span> <span class='ocrx_word' id='word_1_18' title='bbox 304 287 489 342; x_wconf 86' lang='lat' dir='ltr'>judices,</span> <span class='ocrx_word' id='word_1_19' title='bbox 513 287 547 328; x_wconf 81' lang='lat' dir='ltr'>si</span> <span class='ocrx_word' id='word_1_20' title='bbox 570 296 644 329; x_wconf 88' lang='lat' dir='ltr'>aut</span> <span class='ocrx_word' id='word_1_21' title='bbox 669 302 878 344; x_wconf 83' lang='lat' dir='ltr'>asperam,</span> <span class='ocrx_word' id='word_1_22' title='bbox 901 296 976 328; x_wconf 88' lang='lat' dir='ltr'>aut</span> <span class='ocrx_word' id='word_1_23' title='bbox 1005 287 1196 339; x_wconf 88' lang='lat' dir='ltr'>arduam,</span> <span class='ocrx_word' id='word_1_24' title='bbox 1219 299 1292 330; x_wconf 89' lang='lat' dir='ltr'>aut</span> <span class='ocrx_word' id='word_1_25' title='bbox 1324 291 1492 347; x_wconf 83' lang='lat' dir='ltr'>plenam</span> 
     </span>
     <span class='ocr_line' id='line_1_4' title="bbox 53 345 1492 402; baseline 0.003 -16"><span class='ocrx_word' id='word_1_26' title='bbox 53 359 145 386; x_wconf 87' lang='lat' dir='ltr'>esse</span> <span class='ocrx_word' id='word_1_27' title='bbox 164 346 465 400; x_wconf 82' lang='lat' dir='ltr'>periculorum,</span> <span class='ocrx_word' id='word_1_28' title='bbox 483 353 558 385; x_wconf 90' lang='lat' dir='ltr'>aut</span> <span class='ocrx_word' id='word_1_29' title='bbox 576 345 826 386; x_wconf 88' lang='lat' dir='ltr'>insidiarum</span> <span class='ocrx_word' id='word_1_30' title='bbox 840 358 1010 400; x_wconf 81' lang='lat' dir='ltr'>negem,</span> <span class='ocrx_word' id='word_1_31' title='bbox 1024 346 1230 387; x_wconf 81' lang='lat' dir='ltr'>mentiar:</span> <span class='ocrx_word' id='word_1_32' title='bbox 1254 349 1492 402; x_wconf 85' lang='lat' dir='ltr'>praesertim</span> 
     </span>
     <span class='ocr_line' id='line_1_5' title="bbox 53 401 1492 460; baseline 0.003 -17"><span class='ocrx_word' id='word_1_33' title='bbox 53 416 153 443; x_wconf 91' lang='lat' dir='ltr'>cum</span> <span class='ocrx_word' id='word_1_34' title='bbox 185 402 227 443; x_wconf 92' lang='lat' dir='ltr'>id</span> <span class='ocrx_word' id='word_1_35' title='bbox 265 416 353 443; x_wconf 91' lang='lat' dir='ltr'>non</span> <span class='ocrx_word' id='word_1_36' title='bbox 390 401 520 443; x_wconf 91' lang='lat' dir='ltr'>modo</span> <span class='ocrx_word' id='word_1_37' title='bbox 549 401 834 443; x_wconf 82' lang='lat' dir='ltr'>intellexerim</span> <span class='ocrx_word' id='word_1_38' title='bbox 863 415 1043 458; x_wconf 84' lang='lat' dir='ltr'>semper,</span> <span class='ocrx_word' id='word_1_39' title='bbox 1075 402 1148 443; x_wconf 88' lang='lat' dir='ltr'>sed</span> <span class='ocrx_word' id='word_1_40' title='bbox 1169 403 1300 444; x_wconf 90' lang='lat' dir='ltr'>etiam</span> <span class='ocrx_word' id='word_1_41' title='bbox 1337 417 1492 460; x_wconf 82' lang='lat' dir='ltr'>praeter</span> 
     </span>
     <span class='ocr_line' id='line_1_6' title="bbox 53 457 1572 518; baseline 0.003 -18"><span class='ocrx_word' id='word_1_42' title='bbox 53 468 219 500; x_wconf 90' lang='lat' dir='ltr'>ceteros</span> <span class='ocrx_word' id='word_1_43' title='bbox 245 459 463 500; x_wconf 87' lang='lat' dir='ltr'>senserim.</span> <span class='ocrx_word' id='word_1_44' title='bbox 523 457 769 515; x_wconf 87' lang='lat' dir='ltr'>Majoribus</span> <span class='ocrx_word' id='word_1_45' title='bbox 801 459 1012 516; x_wconf 88' lang='lat' dir='ltr'>praesidiis</span> <span class='ocrx_word' id='word_1_46' title='bbox 1033 468 1077 500; x_wconf 89' lang='lat' dir='ltr'>et</span> <span class='ocrx_word' id='word_1_47' title='bbox 1106 460 1243 516; x_wconf 89' lang='lat' dir='ltr'>copiis</span> <span class='ocrx_word' id='word_1_48' title='bbox 1265 474 1489 518; x_wconf 88' lang='lat' dir='ltr'>oppugna·</span> <span class='ocrx_word' id='word_1_49' title='bbox 1501 460 1572 515; x_wconf 78' lang='grc'>47</span> 
     </span>
     <span class='ocr_line' id='line_1_7' title="bbox 53 516 1490 573; baseline 0.003 -17"><span class='ocrx_word' id='word_1_50' title='bbox 53 524 122 557; x_wconf 89' lang='lat' dir='ltr'>tur</span> <span class='ocrx_word' id='word_1_51' title='bbox 151 516 407 573; x_wconf 82' lang='lat' dir='ltr'>respublica,</span> <span class='ocrx_word' id='word_1_52' title='bbox 441 530 570 571; x_wconf 90' lang='lat' dir='ltr'>quam</span> <span class='ocrx_word' id='word_1_53' title='bbox 604 516 863 567; x_wconf 88' lang='lat' dir='ltr'>defenditur,</span> <span class='ocrx_word' id='word_1_54' title='bbox 892 525 1133 573; x_wconf 87' lang='lat' dir='ltr'>propterea,</span> <span class='ocrx_word' id='word_1_55' title='bbox 1164 517 1279 572; x_wconf 93' lang='lat' dir='ltr'>quod</span> <span class='ocrx_word' id='word_1_56' title='bbox 1309 520 1490 561; x_wconf 83' lang='lat' dir='ltr'>audaces</span> 
     </span>
     <span class='ocr_line' id='line_1_8' title="bbox 51 572 1490 632; baseline 0.003 -18"><span class='ocrx_word' id='word_1_57' title='bbox 51 572 248 614; x_wconf 88' lang='lat' dir='ltr'>homines</span> <span class='ocrx_word' id='word_1_58' title='bbox 269 582 314 614; x_wconf 89' lang='lat' dir='ltr'>et</span> <span class='ocrx_word' id='word_1_59' title='bbox 335 573 506 629; x_wconf 86' lang='lat' dir='ltr'>perditi,</span> <span class='ocrx_word' id='word_1_60' title='bbox 527 582 635 615; x_wconf 90' lang='lat' dir='ltr'>nutu</span> <span class='ocrx_word' id='word_1_61' title='bbox 667 573 968 630; x_wconf 88' lang='lat' dir='ltr'>impelluntur:</span> <span class='ocrx_word' id='word_1_62' title='bbox 1000 583 1044 615; x_wconf 90' lang='lat' dir='ltr'>et</span> <span class='ocrx_word' id='word_1_63' title='bbox 1073 574 1155 631; x_wconf 89' lang='lat' dir='ltr'>ipsi</span> <span class='ocrx_word' id='word_1_64' title='bbox 1177 575 1307 616; x_wconf 88' lang='lat' dir='ltr'>etiam</span> <span class='ocrx_word' id='word_1_65' title='bbox 1337 587 1490 632; x_wconf 89' lang='lat' dir='ltr'>sponte</span> 
     </span>
     <span class='ocr_line' id='line_1_9' title="bbox 53 629 1489 688; baseline 0.003 -18"><span class='ocrx_word' id='word_1_66' title='bbox 53 645 129 671; x_wconf 84' lang='lat' dir='ltr'>sua</span> <span class='ocrx_word' id='word_1_67' title='bbox 148 640 300 672; x_wconf 88' lang='lat' dir='ltr'>contra</span> <span class='ocrx_word' id='word_1_68' title='bbox 329 629 639 686; x_wconf 87' lang='lat' dir='ltr'>rempublicam</span> <span class='ocrx_word' id='word_1_69' title='bbox 671 631 928 673; x_wconf 82' lang='lat' dir='ltr'>incitantur:</span> <span class='ocrx_word' id='word_1_70' title='bbox 965 631 1080 683; x_wconf 91' lang='lat' dir='ltr'>boni,</span> <span class='ocrx_word' id='word_1_71' title='bbox 1105 631 1249 673; x_wconf 91' lang='lat' dir='ltr'>nescio</span> <span class='ocrx_word' id='word_1_72' title='bbox 1271 634 1489 688; x_wconf 87' lang='lat' dir='ltr'>quomodo</span> 
     </span>
     <span class='ocr_line' id='line_1_10' title="bbox 54 688 1597 745; baseline 0.001 -17"><span class='ocrx_word' id='word_1_73' title='bbox 54 688 260 729; x_wconf 85' lang='lat' dir='ltr'>tardiores</span> <span class='ocrx_word' id='word_1_74' title='bbox 287 697 401 738; x_wconf 86' lang='lat' dir='ltr'>sunt,</span> <span class='ocrx_word' id='word_1_75' title='bbox 423 697 480 739; x_wconf 88' lang='lat' dir='ltr'>et,</span> <span class='ocrx_word' id='word_1_76' title='bbox 502 688 726 744; x_wconf 88' lang='lat' dir='ltr'>principiis</span> <span class='ocrx_word' id='word_1_77' title='bbox 757 702 897 729; x_wconf 84' lang='lat' dir='ltr'>rerum</span> <span class='ocrx_word' id='word_1_78' title='bbox 928 688 1151 745; x_wconf 82' lang='lat' dir='ltr'>neglectis,</span> <span class='ocrx_word' id='word_1_79' title='bbox 1172 689 1226 730; x_wconf 88' lang='lat' dir='ltr'>ad</span> <span class='ocrx_word' id='word_1_80' title='bbox 1247 699 1487 732; x_wconf 88' lang='lat' dir='ltr'>extremum</span> <span class='ocrx_word' id='word_1_81' title='bbox 1501 711 1531 742; x_wconf 83' lang='lat' dir='ltr'>p.</span> <span class='ocrx_word' id='word_1_82' title='bbox 1548 703 1597 732; x_wconf 75' lang='lat'>24.</span> 
     </span>
     <span class='ocr_line' id='line_1_11' title="bbox 50 744 1530 803; baseline 0.003 -19"><span class='ocrx_word' id='word_1_83' title='bbox 50 744 145 800; x_wconf 88' lang='lat' dir='ltr'>ipsa</span> <span class='ocrx_word' id='word_1_84' title='bbox 183 745 367 800; x_wconf 88' lang='lat' dir='ltr'>denique</span> <span class='ocrx_word' id='word_1_85' title='bbox 403 745 658 786; x_wconf 88' lang='lat' dir='ltr'>necessitate</span> <span class='ocrx_word' id='word_1_86' title='bbox 691 745 962 788; x_wconf 83' lang='lat' dir='ltr'>excitantur:</span> <span class='ocrx_word' id='word_1_87' title='bbox 993 747 1055 786; x_wconf 85' lang='lat' dir='ltr'>ita</span> <span class='ocrx_word' id='word_1_88' title='bbox 1086 755 1135 786; x_wconf 91' lang='lat' dir='ltr'>ut</span> <span class='ocrx_word' id='word_1_89' title='bbox 1163 754 1530 803; x_wconf 64' lang='lat' dir='ltr'>nonnumquama·</span> 
     </span>
     <span class='ocr_line' id='line_1_12' title="bbox 51 802 1488 853; baseline 0.003 -11"><span class='ocrx_word' id='word_1_90' title='bbox 51 803 342 853; x_wconf 83' lang='lat' dir='ltr'>cunctatione,</span> <span class='ocrx_word' id='word_1_91' title='bbox 365 816 414 843; x_wconf 87' lang='lat' dir='ltr'>ac</span> <span class='ocrx_word' id='word_1_92' title='bbox 446 802 661 852; x_wconf 82' lang='lat' dir='ltr'>tarditate,</span> <span class='ocrx_word' id='word_1_93' title='bbox 684 802 785 843; x_wconf 87' lang='lat' dir='ltr'>dum</span> <span class='ocrx_word' id='word_1_94' title='bbox 809 803 947 843; x_wconf 89' lang='lat' dir='ltr'>otium</span> <span class='ocrx_word' id='word_1_95' title='bbox 979 803 1128 844; x_wconf 90' lang='lat' dir='ltr'>volunt</span> <span class='ocrx_word' id='word_1_96' title='bbox 1151 803 1281 845; x_wconf 88' lang='lat' dir='ltr'>etiam</span> <span class='ocrx_word' id='word_1_97' title='bbox 1311 805 1402 845; x_wconf 85' lang='lat' dir='ltr'>sine</span> <span class='ocrx_word' id='word_1_98' title='bbox 1423 806 1488 846; x_wconf 90' lang='lat' dir='ltr'>di-</span> 
     </span>
     <span class='ocr_line' id='line_1_13' title="bbox 49 859 1571 917; baseline 0.003 -18"><span class='ocrx_word' id='word_1_99' title='bbox 49 859 215 914; x_wconf 87' lang='lat' dir='ltr'>gnitate</span> <span class='ocrx_word' id='word_1_100' title='bbox 247 860 444 909; x_wconf 88' lang='lat' dir='ltr'>retinere,</span> <span class='ocrx_word' id='word_1_101' title='bbox 478 859 561 915; x_wconf 91' lang='lat' dir='ltr'>ipsi</span> <span class='ocrx_word' id='word_1_102' title='bbox 594 870 823 914; x_wconf 88' lang='lat' dir='ltr'>utrumque</span> <span class='ocrx_word' id='word_1_103' title='bbox 859 860 1075 901; x_wconf 86' lang='lat' dir='ltr'>amittant.</span> <span class='ocrx_word' id='word_1_104' title='bbox 1138 860 1486 917; x_wconf 86' lang='lat' dir='ltr'>Propugnatores</span> <span class='ocrx_word' id='word_1_105' title='bbox 1504 876 1571 909; x_wconf 83' lang='lat'>101</span> 
     </span>
     <span class='ocr_line' id='line_1_14' title="bbox 49 915 1487 972; baseline 0.003 -16"><span class='ocrx_word' id='word_1_106' title='bbox 49 927 194 957; x_wconf 90' lang='lat' dir='ltr'>autem</span> <span class='ocrx_word' id='word_1_107' title='bbox 216 915 465 972; x_wconf 87' lang='lat' dir='ltr'>reipublicae</span> <span class='ocrx_word' id='word_1_108' title='bbox 488 916 561 971; x_wconf 85' lang='lat' dir='ltr'>qui</span> <span class='ocrx_word' id='word_1_109' title='bbox 584 931 674 958; x_wconf 87' lang='lat' dir='ltr'>esse</span> <span class='ocrx_word' id='word_1_110' title='bbox 698 917 936 968; x_wconf 89' lang='lat' dir='ltr'>voluerunt,</span> <span class='ocrx_word' id='word_1_111' title='bbox 958 918 992 958; x_wconf 89' lang='lat' dir='ltr'>si</span> <span class='ocrx_word' id='word_1_112' title='bbox 1015 917 1194 959; x_wconf 88' lang='lat' dir='ltr'>leviores</span> <span class='ocrx_word' id='word_1_113' title='bbox 1217 929 1330 970; x_wconf 89' lang='lat' dir='ltr'>sunt,</span> <span class='ocrx_word' id='word_1_114' title='bbox 1352 920 1487 961; x_wconf 82' lang='lat' dir='ltr'>desci-</span> 
     </span>
     <span class='ocr_line' id='line_1_15' title="bbox 49 973 1487 1033; baseline 0.003 -20"><span class='ocrx_word' id='word_1_115' title='bbox 49 983 198 1015; x_wconf 88' lang='lat' dir='ltr'>scunt:</span> <span class='ocrx_word' id='word_1_116' title='bbox 231 974 314 1014; x_wconf 68' lang='lat'>4431</span> <span class='ocrx_word' id='word_1_117' title='bbox 351 973 603 1025; x_wconf 84' lang='lat' dir='ltr'>timidiores,</span> <span class='ocrx_word' id='word_1_118' title='bbox 636 974 815 1015; x_wconf 86' lang='lat' dir='ltr'>desunt:</span> <span class='ocrx_word' id='word_1_119' title='bbox 849 984 1101 1030; x_wconf 86' lang='lat' dir='ltr'>permanent</span> <span class='ocrx_word' id='word_1_120' title='bbox 1134 974 1192 1015; x_wconf 90' lang='lat' dir='ltr'>illi</span> <span class='ocrx_word' id='word_1_121' title='bbox 1233 976 1326 1027; x_wconf 87' lang='lat' dir='ltr'>soli,</span> <span class='ocrx_word' id='word_1_122' title='bbox 1359 987 1487 1033; x_wconf 88' lang='lat' dir='ltr'>atque</span> 
     </span>
     <span class='ocr_line' id='line_1_16' title="bbox 47 1030 1490 1090; baseline 0.002 -19"><span class='ocrx_word' id='word_1_123' title='bbox 47 1031 194 1071; x_wconf 87' lang='lat' dir='ltr'>omnia</span> <span class='ocrx_word' id='word_1_124' title='bbox 216 1030 465 1086; x_wconf 87' lang='lat' dir='ltr'>reipublicae</span> <span class='ocrx_word' id='word_1_125' title='bbox 487 1045 616 1072; x_wconf 89' lang='lat' dir='ltr'>causa</span> <span class='ocrx_word' id='word_1_126' title='bbox 639 1031 872 1086; x_wconf 83' lang='lat' dir='ltr'>perferunt,</span> <span class='ocrx_word' id='word_1_127' title='bbox 894 1032 967 1087; x_wconf 91' lang='lat' dir='ltr'>qui</span> <span class='ocrx_word' id='word_1_128' title='bbox 991 1041 1091 1073; x_wconf 88' lang='lat' dir='ltr'>sunt</span> <span class='ocrx_word' id='word_1_129' title='bbox 1113 1033 1231 1084; x_wconf 87' lang='lat' dir='ltr'>tales,</span> <span class='ocrx_word' id='word_1_130' title='bbox 1253 1032 1390 1089; x_wconf 88' lang='lat' dir='ltr'>qualis</span> <span class='ocrx_word' id='word_1_131' title='bbox 1414 1049 1490 1090; x_wconf 87' lang='lat' dir='ltr'>pa-</span> 
     </span>
     <span class='ocr_line' id='line_1_17' title="bbox 47 1087 1492 1145; baseline 0.003 -17"><span class='ocrx_word' id='word_1_132' title='bbox 47 1096 111 1128; x_wconf 90' lang='lat' dir='ltr'>ter</span> <span class='ocrx_word' id='word_1_133' title='bbox 143 1097 254 1138; x_wconf 89' lang='lat' dir='ltr'>tuus,</span> <span class='ocrx_word' id='word_1_134' title='bbox 286 1087 354 1128; x_wconf 88' lang='lat' dir='ltr'>M.</span> <span class='ocrx_word' id='word_1_135' title='bbox 376 1088 549 1138; x_wconf 88' lang='lat' dir='ltr'>Scaure,</span> <span class='ocrx_word' id='word_1_136' title='bbox 573 1088 669 1139; x_wconf 85' lang='lat' dir='ltr'>fuit,</span> <span class='ocrx_word' id='word_1_137' title='bbox 691 1089 763 1143; x_wconf 87' lang='lat' dir='ltr'>qui</span> <span class='ocrx_word' id='word_1_138' title='bbox 799 1104 823 1129; x_wconf 88' lang='lat' dir='ltr'>a</span> <span class='ocrx_word' id='word_1_139' title='bbox 846 1088 1048 1131; x_wconf 87' lang='lat' dir='ltr'>Graccho</span> <span class='ocrx_word' id='word_1_140' title='bbox 1079 1103 1213 1145; x_wconf 88' lang='lat' dir='ltr'>usque</span> <span class='ocrx_word' id='word_1_141' title='bbox 1246 1090 1299 1131; x_wconf 88' lang='lat' dir='ltr'>ad</span> <span class='ocrx_word' id='word_1_142' title='bbox 1322 1090 1379 1138; x_wconf 81' lang='lat' dir='ltr'>Q.</span> <span class='ocrx_word' id='word_1_143' title='bbox 1405 1091 1492 1132; x_wconf 24' lang='lat' dir='ltr'>vas</span> 
     </span>
     <span class='ocr_line' id='line_1_18' title="bbox 46 1144 1488 1203; baseline 0.003 -18"><span class='ocrx_word' id='word_1_144' title='bbox 46 1144 159 1186; x_wconf 86' lang='lat' dir='ltr'>rium</span> <span class='ocrx_word' id='word_1_145' title='bbox 190 1144 402 1186; x_wconf 86' lang='lat' dir='ltr'>seditiosis</span> <span class='ocrx_word' id='word_1_146' title='bbox 433 1146 635 1187; x_wconf 87' lang='lat' dir='ltr'>omnibus</span> <span class='ocrx_word' id='word_1_147' title='bbox 667 1146 847 1186; x_wconf 88' lang='lat' dir='ltr'>restitit:</span> <span class='ocrx_word' id='word_1_148' title='bbox 880 1161 1006 1201; x_wconf 90' lang='lat' dir='ltr'>quem</span> <span class='ocrx_word' id='word_1_149' title='bbox 1042 1146 1156 1187; x_wconf 86' lang='lat' dir='ltr'>nulla</span> <span class='ocrx_word' id='word_1_150' title='bbox 1183 1161 1384 1203; x_wconf 89' lang='lat' dir='ltr'>umquam</span> <span class='ocrx_word' id='word_1_151' title='bbox 1408 1149 1488 1200; x_wconf 85' lang='lat' dir='ltr'>vis,</span> 
     </span>
     <span class='ocr_line' id='line_1_19' title="bbox 46 1202 1524 1274; baseline 0.003 -32"><span class='ocrx_word' id='word_1_152' title='bbox 46 1202 174 1243; x_wconf 85' lang='lat' dir='ltr'>nullae</span> <span class='ocrx_word' id='word_1_153' title='bbox 207 1202 351 1252; x_wconf 85' lang='lat' dir='ltr'>minae,</span> <span class='ocrx_word' id='word_1_154' title='bbox 385 1203 500 1243; x_wconf 89' lang='lat' dir='ltr'>nulla</span> <span class='ocrx_word' id='word_1_155' title='bbox 530 1203 693 1244; x_wconf 91' lang='lat' dir='ltr'>invidia</span> <span class='ocrx_word' id='word_1_156' title='bbox 723 1202 948 1245; x_wconf 83' lang='lat' dir='ltr'>labefecit:</span> <span class='ocrx_word' id='word_1_157' title='bbox 982 1215 1055 1244; x_wconf 87' lang='lat' dir='ltr'>aut</span> <span class='ocrx_word' id='word_1_158' title='bbox 1076 1203 1212 1259; x_wconf 90' lang='lat' dir='ltr'>qualis</span> <span class='ocrx_word' id='word_1_159' title='bbox 1247 1206 1304 1252; x_wconf 85' lang='lat' dir='ltr'>Q.</span> <span class='ocrx_word' id='word_1_160' title='bbox 1329 1204 1524 1274; x_wconf 44' lang='lat' dir='ltr'>Metel-24</span> 
     </span>
     <span class='ocr_line' id='line_1_20' title="bbox 45 1259 1584 1315; baseline 0.003 -16"><span class='ocrx_word' id='word_1_161' title='bbox 45 1259 124 1311; x_wconf 90' lang='lat' dir='ltr'>lus,</span> <span class='ocrx_word' id='word_1_162' title='bbox 156 1266 332 1315; x_wconf 88' lang='lat' dir='ltr'>patruus</span> <span class='ocrx_word' id='word_1_163' title='bbox 369 1260 516 1300; x_wconf 88' lang='lat' dir='ltr'>matris</span> <span class='ocrx_word' id='word_1_164' title='bbox 548 1269 659 1301; x_wconf 87' lang='lat' dir='ltr'>tuae:</span> <span class='ocrx_word' id='word_1_165' title='bbox 693 1260 781 1314; x_wconf 89' lang='lat' dir='ltr'>qui,</span> <span class='ocrx_word' id='word_1_166' title='bbox 806 1275 904 1301; x_wconf 93' lang='lat' dir='ltr'>cum</span> <span class='ocrx_word' id='word_1_167' title='bbox 937 1261 1160 1302; x_wconf 84' lang='lat' dir='ltr'>florentem</span> <span class='ocrx_word' id='word_1_168' title='bbox 1188 1261 1407 1303; x_wconf 90' lang='lat' dir='ltr'>hominem</span> <span class='ocrx_word' id='word_1_169' title='bbox 1440 1263 1534 1304; x_wconf 59' lang='lat' dir='ltr'>in&#39;t*</span> <span class='ocrx_word' id='word_1_170' title='bbox 1564 1275 1584 1282; x_wconf 67' lang='grc'>”·</span> 
     </span>
     <span class='ocr_line' id='line_1_21' title="bbox 45 1316 1487 1376; baseline 0.003 -20"><span class='ocrx_word' id='word_1_171' title='bbox 45 1316 240 1372; x_wconf 89' lang='lat' dir='ltr'>populari</span> <span class='ocrx_word' id='word_1_172' title='bbox 275 1317 454 1367; x_wconf 86' lang='lat' dir='ltr'>ratione,</span> <span class='ocrx_word' id='word_1_173' title='bbox 490 1317 537 1358; x_wconf 93' lang='lat' dir='ltr'>L.</span> <span class='ocrx_word' id='word_1_174' title='bbox 562 1317 856 1369; x_wconf 86' lang='lat' dir='ltr'>Saturninum,</span> <span class='ocrx_word' id='word_1_175' title='bbox 888 1332 1038 1359; x_wconf 88' lang='lat' dir='ltr'>censor</span> <span class='ocrx_word' id='word_1_176' title='bbox 1057 1328 1273 1370; x_wconf 85' lang='lat' dir='ltr'>notasset,</span> <span class='ocrx_word' id='word_1_177' title='bbox 1300 1334 1487 1376; x_wconf 86' lang='lat' dir='ltr'>cumque</span> 
     </span>
     <span class='ocr_line' id='line_1_22' title="bbox 46 1374 1486 1418; baseline 0.003 -4"><span class='ocrx_word' id='word_1_178' title='bbox 46 1374 266 1414; x_wconf 88' lang='lat' dir='ltr'>insitivum</span> <span class='ocrx_word' id='word_1_179' title='bbox 286 1374 535 1415; x_wconf 82' lang='lat' dir='ltr'>Gracchum</span> <span class='ocrx_word' id='word_1_180' title='bbox 555 1385 705 1416; x_wconf 88' lang='lat' dir='ltr'>contra</span> <span class='ocrx_word' id='word_1_181' title='bbox 728 1376 813 1415; x_wconf 90' lang='lat' dir='ltr'>vim</span> <span class='ocrx_word' id='word_1_182' title='bbox 832 1375 1121 1417; x_wconf 87' lang='lat' dir='ltr'>multitudinis</span> <span class='ocrx_word' id='word_1_183' title='bbox 1142 1376 1335 1418; x_wconf 85' lang='lat' dir='ltr'>incitatae</span> <span class='ocrx_word' id='word_1_184' title='bbox 1355 1391 1486 1418; x_wconf 83' lang='lat' dir='ltr'>censu</span> 
     </span>
     <span class='ocr_line' id='line_1_23' title="bbox 44 1430 1484 1490; baseline 0.002 -19"><span class='ocrx_word' id='word_1_185' title='bbox 44 1430 350 1486; x_wconf 88' lang='lat' dir='ltr'>prohibuisset,</span> <span class='ocrx_word' id='word_1_186' title='bbox 373 1446 558 1486; x_wconf 86' lang='lat' dir='ltr'>cumque</span> <span class='ocrx_word' id='word_1_187' title='bbox 590 1432 634 1472; x_wconf 90' lang='lat' dir='ltr'>in</span> <span class='ocrx_word' id='word_1_188' title='bbox 655 1446 749 1472; x_wconf 89' lang='lat' dir='ltr'>eam</span> <span class='ocrx_word' id='word_1_189' title='bbox 782 1432 935 1488; x_wconf 89' lang='lat' dir='ltr'>legem,</span> <span class='ocrx_word' id='word_1_190' title='bbox 957 1447 1086 1488; x_wconf 87' lang='lat' dir='ltr'>quam</span> <span class='ocrx_word' id='word_1_191' title='bbox 1116 1447 1201 1474; x_wconf 91' lang='lat' dir='ltr'>non</span> <span class='ocrx_word' id='word_1_192' title='bbox 1228 1433 1327 1488; x_wconf 83' lang='lat' dir='ltr'>jure</span> <span class='ocrx_word' id='word_1_193' title='bbox 1359 1449 1484 1490; x_wconf 84' lang='lat' dir='ltr'>roga-</span> 
     </span>
     <span class='ocr_line' id='line_1_24' title="bbox 44 1488 1487 1544; baseline 0.003 -16"><span class='ocrx_word' id='word_1_194' title='bbox 44 1498 135 1529; x_wconf 85' lang='lat' dir='ltr'>tam</span> <span class='ocrx_word' id='word_1_195' title='bbox 165 1488 398 1543; x_wconf 72' lang='lat' dir='ltr'>judicamt,</span> <span class='ocrx_word' id='word_1_196' title='bbox 433 1489 580 1543; x_wconf 82' lang='lat' dir='ltr'>jurare</span> <span class='ocrx_word' id='word_1_197' title='bbox 616 1503 725 1529; x_wconf 90' lang='lat' dir='ltr'>unus</span> <span class='ocrx_word' id='word_1_198' title='bbox 763 1490 991 1542; x_wconf 78' lang='lat' dir='ltr'>noluisset3</span> <span class='ocrx_word' id='word_1_199' title='bbox 1022 1490 1076 1530; x_wconf 89' lang='lat' dir='ltr'>de</span> <span class='ocrx_word' id='word_1_200' title='bbox 1107 1490 1285 1531; x_wconf 87' lang='lat' dir='ltr'>civitate</span> <span class='ocrx_word' id='word_1_201' title='bbox 1316 1491 1487 1544; x_wconf 82' lang='lat' dir='ltr'>maluit,</span> 
     </span>
     <span class='ocr_line' id='line_1_25' title="bbox 44 1546 1484 1604; baseline 0.001 -18"><span class='ocrx_word' id='word_1_202' title='bbox 44 1559 175 1600; x_wconf 90' lang='lat' dir='ltr'>quam</span> <span class='ocrx_word' id='word_1_203' title='bbox 209 1546 315 1586; x_wconf 79' lang='lat' dir='ltr'>45de</span> <span class='ocrx_word' id='word_1_204' title='bbox 353 1547 564 1587; x_wconf 84' lang='lat' dir='ltr'>sententia</span> <span class='ocrx_word' id='word_1_205' title='bbox 596 1546 839 1588; x_wconf 82' lang='lat' dir='ltr'>demoveri:</span> <span class='ocrx_word' id='word_1_206' title='bbox 885 1557 974 1598; x_wconf 91' lang='lat' dir='ltr'>aut,</span> <span class='ocrx_word' id='word_1_207' title='bbox 1010 1556 1058 1588; x_wconf 89' lang='lat' dir='ltr'>ut</span> <span class='ocrx_word' id='word_1_208' title='bbox 1096 1556 1240 1588; x_wconf 83' lang='lat' dir='ltr'>vetera</span> <span class='ocrx_word' id='word_1_209' title='bbox 1271 1548 1484 1604; x_wconf 83' lang='lat' dir='ltr'>exempla,</span> 
     </span>
     <span class='ocr_line' id='line_1_26' title="bbox 43 1603 1504 1661; baseline 0.003 -19"><span class='ocrx_word' id='word_1_210' title='bbox 43 1617 226 1658; x_wconf 88' lang='lat' dir='ltr'>quorum</span> <span class='ocrx_word' id='word_1_211' title='bbox 259 1613 323 1644; x_wconf 86' lang='lat' dir='ltr'>est</span> <span class='ocrx_word' id='word_1_212' title='bbox 354 1603 482 1659; x_wconf 85' lang='lat' dir='ltr'>copia</span> <span class='ocrx_word' id='word_1_213' title='bbox 512 1603 646 1659; x_wconf 81' lang='lat' dir='ltr'>digna</span> <span class='ocrx_word' id='word_1_214' title='bbox 681 1604 808 1659; x_wconf 84' lang='lat' dir='ltr'>hujus</span> <span class='ocrx_word' id='word_1_215' title='bbox 845 1604 1013 1660; x_wconf 85' lang='lat' dir='ltr'>imperii</span> <span class='ocrx_word' id='word_1_216' title='bbox 1047 1603 1199 1659; x_wconf 85' lang='lat' dir='ltr'>gloria,</span> <span class='ocrx_word' id='word_1_217' title='bbox 1231 1605 1504 1661; x_wconf 81' lang='lat' dir='ltr'>relinquam,&#39;</span> 
     </span>
     <span class='ocr_line' id='line_1_27' title="bbox 44 1660 1484 1718; baseline 0.002 -18"><span class='ocrx_word' id='word_1_218' title='bbox 44 1673 150 1701; x_wconf 89' lang='lat' dir='ltr'>neve</span> <span class='ocrx_word' id='word_1_219' title='bbox 181 1674 327 1700; x_wconf 87' lang='lat' dir='ltr'>eorum</span> <span class='ocrx_word' id='word_1_220' title='bbox 359 1660 559 1716; x_wconf 88' lang='lat' dir='ltr'>aliquem,</span> <span class='ocrx_word' id='word_1_221' title='bbox 593 1662 667 1716; x_wconf 90' lang='lat' dir='ltr'>qui</span> <span class='ocrx_word' id='word_1_222' title='bbox 699 1661 863 1712; x_wconf 84' lang='lat' dir='ltr'>vivunt,</span> <span class='ocrx_word' id='word_1_223' title='bbox 899 1661 1143 1703; x_wconf 84' lang='lat' dir='ltr'>nominem:</span> <span class='ocrx_word' id='word_1_224' title='bbox 1176 1662 1312 1717; x_wconf 88' lang='lat' dir='ltr'>qualis</span> <span class='ocrx_word' id='word_1_225' title='bbox 1349 1677 1484 1718; x_wconf 89' lang='lat' dir='ltr'>nuper</span> 
     </span>
     <span class='ocr_line' id='line_1_28' title="bbox 45 1715 1482 1774; baseline 0.002 -17"><span class='ocrx_word' id='word_1_226' title='bbox 45 1716 102 1763; x_wconf 86' lang='lat' dir='ltr'>Q.</span> <span class='ocrx_word' id='word_1_227' title='bbox 121 1716 300 1758; x_wconf 88' lang='lat' dir='ltr'>Catulus</span> <span class='ocrx_word' id='word_1_228' title='bbox 323 1715 430 1758; x_wconf 87' lang='lat' dir='ltr'>fuit:</span> <span class='ocrx_word' id='word_1_229' title='bbox 462 1732 589 1773; x_wconf 90' lang='lat' dir='ltr'>quem</span> <span class='ocrx_word' id='word_1_230' title='bbox 613 1732 751 1772; x_wconf 89' lang='lat' dir='ltr'>neque</span> <span class='ocrx_word' id='word_1_231' title='bbox 774 1719 951 1774; x_wconf 88' lang='lat' dir='ltr'>periculi</span> <span class='ocrx_word' id='word_1_232' title='bbox 976 1727 1221 1774; x_wconf 85' lang='lat' dir='ltr'>tempestas,</span> <span class='ocrx_word' id='word_1_233' title='bbox 1244 1734 1381 1774; x_wconf 89' lang='lat' dir='ltr'>neque</span> <span class='ocrx_word' id='word_1_234' title='bbox 1406 1721 1482 1760; x_wconf 86' lang='lat' dir='ltr'>ho-</span> 
     </span>
     <span class='ocr_line' id='line_1_29' title="bbox 41 1774 1477 1831; baseline 0.002 -17"><span class='ocrx_word' id='word_1_235' title='bbox 41 1774 157 1815; x_wconf 90' lang='lat' dir='ltr'>noris</span> <span class='ocrx_word' id='word_1_236' title='bbox 179 1789 281 1815; x_wconf 87' lang='lat' dir='ltr'>aura</span> <span class='ocrx_word' id='word_1_237' title='bbox 303 1775 447 1830; x_wconf 89' lang='lat' dir='ltr'>potuit</span> <span class='ocrx_word' id='word_1_238' title='bbox 476 1789 680 1830; x_wconf 87' lang='lat' dir='ltr'>umquam</span> <span class='ocrx_word' id='word_1_239' title='bbox 702 1775 756 1816; x_wconf 89' lang='lat' dir='ltr'>de</span> <span class='ocrx_word' id='word_1_240' title='bbox 786 1790 863 1817; x_wconf 88' lang='lat' dir='ltr'>suo</span> <span class='ocrx_word' id='word_1_241' title='bbox 885 1790 1026 1827; x_wconf 87' lang='lat' dir='ltr'>cursu,</span> <span class='ocrx_word' id='word_1_242' title='bbox 1048 1785 1122 1816; x_wconf 89' lang='lat' dir='ltr'>aut</span> <span class='ocrx_word' id='word_1_243' title='bbox 1153 1790 1241 1831; x_wconf 88' lang='lat' dir='ltr'>spe,</span> <span class='ocrx_word' id='word_1_244' title='bbox 1264 1781 1338 1817; x_wconf 60' lang='lat' dir='ltr'>aut</span> <span class='ocrx_word' id='word_1_245' title='bbox 1361 1787 1477 1817; x_wconf 89' lang='lat' dir='ltr'>metu</span> 
     </span>
     <span class='ocr_line' id='line_1_30' title="bbox 39 1828 1562 1889; baseline 0.003 -17"><span class='ocrx_word' id='word_1_246' title='bbox 39 1830 281 1872; x_wconf 86' lang='lat' dir='ltr'>demovere.</span> <span class='ocrx_word' id='word_1_247' title='bbox 342 1831 454 1873; x_wconf 85' lang='lat' dir='ltr'>Haec</span> <span class='ocrx_word' id='word_1_248' title='bbox 482 1832 728 1885; x_wconf 84' lang='lat' dir='ltr'>imitamini,</span> <span class='ocrx_word' id='word_1_249' title='bbox 760 1847 836 1888; x_wconf 86' lang='lat' dir='ltr'>per</span> <span class='ocrx_word' id='word_1_250' title='bbox 863 1833 966 1874; x_wconf 91' lang='lat' dir='ltr'>deos</span> <span class='ocrx_word' id='word_1_251' title='bbox 997 1832 1286 1875; x_wconf 83' lang='lat' dir='ltr'>immortales!</span> <span class='ocrx_word' id='word_1_252' title='bbox 1319 1835 1392 1889; x_wconf 92' lang='lat' dir='ltr'>qui</span> <span class='ocrx_word' id='word_1_253' title='bbox 1415 1834 1477 1875; x_wconf 84' lang='lat' dir='ltr'>di·</span> <span class='ocrx_word' id='word_1_254' title='bbox 1492 1828 1562 1876; x_wconf 82' lang='grc'>48</span> 
     </span>
     <span class='ocr_line' id='line_1_31' title="bbox 40 1888 1566 1947; baseline 0.005 -19"><span class='ocrx_word' id='word_1_255' title='bbox 40 1888 268 1944; x_wconf 87' lang='lat' dir='ltr'>gnitatem,</span> <span class='ocrx_word' id='word_1_256' title='bbox 301 1889 374 1944; x_wconf 88' lang='lat' dir='ltr'>qui</span> <span class='ocrx_word' id='word_1_257' title='bbox 408 1888 591 1940; x_wconf 90' lang='lat' dir='ltr'>laudem,</span> <span class='ocrx_word' id='word_1_258' title='bbox 628 1890 700 1944; x_wconf 90' lang='lat' dir='ltr'>qui</span> <span class='ocrx_word' id='word_1_259' title='bbox 741 1890 923 1945; x_wconf 85' lang='lat' dir='ltr'>gloriam</span> <span class='ocrx_word' id='word_1_260' title='bbox 958 1890 1167 1945; x_wconf 84' lang='lat' dir='ltr'>quaeritis.</span> <span class='ocrx_word' id='word_1_261' title='bbox 1200 1890 1294 1931; x_wconf 82' lang='lat' dir='ltr'>haec</span> <span class='ocrx_word' id='word_1_262' title='bbox 1337 1891 1480 1947; x_wconf 85' lang='lat' dir='ltr'>ampla</span> <span class='ocrx_word' id='word_1_263' title='bbox 1496 1902 1566 1938; x_wconf 72' lang='lat'>102</span> 
     </span>
     <span class='ocr_line' id='line_1_32' title="bbox 41 1945 1478 2000; baseline 0.003 -14"><span class='ocrx_word' id='word_1_264' title='bbox 41 1954 155 1996; x_wconf 77' lang='lat' dir='ltr'>sunt,</span> <span class='ocrx_word' id='word_1_265' title='bbox 187 1945 282 1986; x_wconf 80' lang='lat' dir='ltr'>haec</span> <span class='ocrx_word' id='word_1_266' title='bbox 303 1946 463 1998; x_wconf 88' lang='lat' dir='ltr'>divina,</span> <span class='ocrx_word' id='word_1_267' title='bbox 493 1946 588 1987; x_wconf 86' lang='lat' dir='ltr'>haec</span> <span class='ocrx_word' id='word_1_268' title='bbox 619 1946 902 1989; x_wconf 87' lang='lat' dir='ltr'>immortalia:</span> <span class='ocrx_word' id='word_1_269' title='bbox 934 1947 1029 1988; x_wconf 85' lang='lat' dir='ltr'>haec</span> <span class='ocrx_word' id='word_1_270' title='bbox 1060 1946 1175 1987; x_wconf 79' lang='lat' dir='ltr'>fama</span> <span class='ocrx_word' id='word_1_271' title='bbox 1196 1948 1478 2000; x_wconf 79' lang='lat' dir='ltr'>celebrantur,</span> 
     </span>
     <span class='ocr_line' id='line_1_33' title="bbox 39 2003 1479 2061; baseline 0.003 -18"><span class='ocrx_word' id='word_1_272' title='bbox 39 2003 332 2044; x_wconf 89' lang='lat' dir='ltr'>monumentis</span> <span class='ocrx_word' id='word_1_273' title='bbox 363 2004 579 2044; x_wconf 89' lang='lat' dir='ltr'>annalium</span> <span class='ocrx_word' id='word_1_274' title='bbox 602 2004 873 2056; x_wconf 87' lang='lat' dir='ltr'>mandantur,</span> <span class='ocrx_word' id='word_1_275' title='bbox 896 2004 1139 2061; x_wconf 84' lang='lat' dir='ltr'>posteritati</span> <span class='ocrx_word' id='word_1_276' title='bbox 1172 2017 1479 2060; x_wconf 82' lang='lat' dir='ltr'>propagantur.</span> 
     </span>
     <span class='ocr_line' id='line_1_34' title="bbox 41 2058 1479 2117; baseline 0.002 -17"><span class='ocrx_word' id='word_1_277' title='bbox 41 2058 119 2100; x_wconf 90' lang='lat' dir='ltr'>Est</span> <span class='ocrx_word' id='word_1_278' title='bbox 141 2060 282 2102; x_wconf 87' lang='lat' dir='ltr'>labor:</span> <span class='ocrx_word' id='word_1_279' title='bbox 315 2075 400 2100; x_wconf 91' lang='lat' dir='ltr'>non</span> <span class='ocrx_word' id='word_1_280' title='bbox 425 2075 550 2117; x_wconf 87' lang='lat' dir='ltr'>nego.</span> <span class='ocrx_word' id='word_1_281' title='bbox 572 2061 763 2117; x_wconf 88' lang='lat' dir='ltr'>pericula</span> <span class='ocrx_word' id='word_1_282' title='bbox 777 2076 960 2117; x_wconf 81' lang='lat' dir='ltr'>magna3</span> <span class='ocrx_word' id='word_1_283' title='bbox 991 2061 1142 2102; x_wconf 86' lang='lat' dir='ltr'>fateor.</span> <span class='ocrx_word' id='word_1_284' title='bbox 1201 2066 1228 2085; x_wconf 89' lang='lat'><strong>“</strong></span> <span class='ocrx_word' id='word_1_285' title='bbox 1249 2061 1398 2103; x_wconf 62' lang='lat' dir='ltr'>JlIzcltae</span> <span class='ocrx_word' id='word_1_286' title='bbox 1417 2063 1479 2104; x_wconf 82' lang='lat' dir='ltr'>in-</span> 
     </span>
     <span class='ocr_line' id='line_1_35' title="bbox 37 2116 1482 2175; baseline 0.002 -18"><span class='ocrx_word' id='word_1_287' title='bbox 37 2116 149 2158; x_wconf 79' lang='lat' dir='ltr'>sidiae</span> <span class='ocrx_word' id='word_1_288' title='bbox 177 2124 270 2158; x_wconf 81' lang='lat' dir='ltr'>sunt</span> <span class='ocrx_word' id='word_1_289' title='bbox 302 2117 464 2158; x_wconf 82' lang='lat' dir='ltr'>bonis:”</span> <span class='ocrx_word' id='word_1_290' title='bbox 496 2118 713 2159; x_wconf 85' lang='lat' dir='ltr'>verissime</span> <span class='ocrx_word' id='word_1_291' title='bbox 734 2118 897 2159; x_wconf 92' lang='lat' dir='ltr'>dictum</span> <span class='ocrx_word' id='word_1_292' title='bbox 930 2127 1008 2159; x_wconf 89' lang='lat' dir='ltr'>est.</span> <span class='ocrx_word' id='word_1_293' title='bbox 1069 2122 1095 2141; x_wconf 83' lang='lat'>‘⁴</span> <span class='ocrx_word' id='word_1_294' title='bbox 1114 2117 1207 2169; x_wconf 86' lang='lat' dir='ltr'>Sed,</span> <span class='ocrx_word' id='word_1_295' title='bbox 1230 2126 1268 2159; x_wconf 81' lang='lat' dir='ltr'>te</span> <span class='ocrx_word' id='word_1_296' title='bbox 1294 2119 1350 2171; x_wconf 79' lang='lat' dir='ltr'>id,</span> <span class='ocrx_word' id='word_1_297' title='bbox 1373 2119 1482 2175; x_wconf 83' lang='lat' dir='ltr'>quod</span> 
     </span>
     <span class='ocr_line' id='line_1_36' title="bbox 38 2170 1477 2232; baseline 0.001 -17"><span class='ocrx_word' id='word_1_298' title='bbox 38 2173 159 2215; x_wconf 76' lang='lat' dir='ltr'>multi</span> <span class='ocrx_word' id='word_1_299' title='bbox 178 2170 403 2226; x_wconf 74' lang='lat' dir='ltr'>invideant,</span> <span class='ocrx_word' id='word_1_300' title='bbox 424 2173 621 2230; x_wconf 76' lang='lat' dir='ltr'>multique</span> <span class='ocrx_word' id='word_1_301' title='bbox 642 2181 844 2231; x_wconf 69' lang='lat' dir='ltr'>expetant,</span> <span class='ocrx_word' id='word_1_302' title='bbox 869 2174 1041 2216; x_wconf 76' lang='lat' dir='ltr'>Inscitia</span> <span class='ocrx_word' id='word_1_303' title='bbox 1068 2174 1135 2222; x_wconf 79' lang='lat' dir='ltr'>sit.</span> <span class='ocrx_word' id='word_1_304' title='bbox 1159 2176 1313 2231; x_wconf 87' lang='lat' dir='ltr'>inquit,</span> <span class='ocrx_word' id='word_1_305' title='bbox 1336 2184 1477 2232; x_wconf 77' lang='lat' dir='ltr'>postu—</span> 
     </span>
     <span class='ocr_line' id='line_1_37' title="bbox 37 2229 1478 2288; baseline 0.002 -16"><span class='ocrx_word' id='word_1_306' title='bbox 37 2229 137 2282; x_wconf 78' lang='lat' dir='ltr'>lare,</span> <span class='ocrx_word' id='word_1_307' title='bbox 164 2231 200 2272; x_wconf 80' lang='lat' dir='ltr'>si</span> <span class='ocrx_word' id='word_1_308' title='bbox 229 2238 275 2272; x_wconf 80' lang='lat' dir='ltr'>tu</span> <span class='ocrx_word' id='word_1_309' title='bbox 304 2231 481 2273; x_wconf 77' lang='lat' dir='ltr'>laborem</span> <span class='ocrx_word' id='word_1_310' title='bbox 512 2247 663 2273; x_wconf 78' lang='lat' dir='ltr'>summa</span> <span class='ocrx_word' id='word_1_311' title='bbox 686 2247 774 2273; x_wconf 81' lang='lat' dir='ltr'>cum</span> <span class='ocrx_word' id='word_1_312' title='bbox 793 2247 889 2273; x_wconf 78' lang='lat' dir='ltr'>cara</span> <span class='ocrx_word' id='word_1_313' title='bbox 921 2231 1059 2288; x_wconf 61' lang='lat' dir='ltr'>efferas</span> <span class='ocrx_word' id='word_1_314' title='bbox 1083 2231 1294 2274; x_wconf 56' lang='lat' dir='ltr'>Nullumst</span> <span class='ocrx_word' id='word_1_315' title='bbox 1356 2234 1478 2275; x_wconf 86' lang='lat' dir='ltr'>Idem</span> 
     </span>
     <span class='ocr_line' id='line_1_38' title="bbox 39 2288 1475 2346; baseline 0.002 -17"><span class='ocrx_word' id='word_1_316' title='bbox 39 2288 122 2329; x_wconf 88' lang='lat' dir='ltr'>alio</span> <span class='ocrx_word' id='word_1_317' title='bbox 159 2288 256 2329; x_wconf 91' lang='lat' dir='ltr'>loco</span> <span class='ocrx_word' id='word_1_318' title='bbox 294 2289 420 2340; x_wconf 84' lang='lat' dir='ltr'>dixit,</span> <span class='ocrx_word' id='word_1_319' title='bbox 453 2290 568 2344; x_wconf 89' lang='lat' dir='ltr'>quod</span> <span class='ocrx_word' id='word_1_320' title='bbox 604 2290 855 2345; x_wconf 85' lang='lat' dir='ltr'>exciperent</span> <span class='ocrx_word' id='word_1_321' title='bbox 898 2289 1084 2346; x_wconf 88' lang='lat' dir='ltr'>improbi</span> <span class='ocrx_word' id='word_1_322' title='bbox 1121 2291 1250 2342; x_wconf 79' lang='lat' dir='ltr'>cives,</span> <span class='ocrx_word' id='word_1_323' title='bbox 1286 2288 1475 2343; x_wconf 76' lang='lat' dir='ltr'>Oderint,</span> 
     </span>
     <span class='ocr_line' id='line_1_39' title="bbox 38 2344 1564 2403; baseline 0.003 -17"><span class='ocrx_word' id='word_1_324' title='bbox 38 2344 133 2386; x_wconf 81' lang='lat' dir='ltr'>dum</span> <span class='ocrx_word' id='word_1_325' title='bbox 163 2353 360 2387; x_wconf 77' lang='lat' dir='ltr'>metuant.</span> <span class='ocrx_word' id='word_1_326' title='bbox 395 2347 599 2401; x_wconf 78' lang='lat' dir='ltr'>praeclara</span> <span class='ocrx_word' id='word_1_327' title='bbox 628 2347 743 2388; x_wconf 88' lang='lat' dir='ltr'>euim</span> <span class='ocrx_word' id='word_1_328' title='bbox 776 2347 847 2387; x_wconf 88' lang='lat' dir='ltr'>illa</span> <span class='ocrx_word' id='word_1_329' title='bbox 876 2357 1095 2403; x_wconf 77' lang='lat' dir='ltr'>praecepta</span> <span class='ocrx_word' id='word_1_330' title='bbox 1117 2347 1292 2388; x_wconf 85' lang='lat' dir='ltr'>dederat</span> <span class='ocrx_word' id='word_1_331' title='bbox 1317 2348 1564 2402; x_wconf 78' lang='lat' dir='ltr'>juven-103</span> 
     </span>
     <span class='ocr_line' id='line_1_40' title="bbox 38 2403 1476 2460; baseline 0.001 -17"><span class='ocrx_word' id='word_1_332' title='bbox 38 2403 136 2444; x_wconf 88' lang='lat' dir='ltr'>tuti.</span> <span class='ocrx_word' id='word_1_333' title='bbox 196 2403 280 2444; x_wconf 89' lang='lat' dir='ltr'>Sed</span> <span class='ocrx_word' id='word_1_334' title='bbox 303 2414 445 2444; x_wconf 88' lang='lat' dir='ltr'>tamen</span> <span class='ocrx_word' id='word_1_335' title='bbox 479 2404 573 2445; x_wconf 86' lang='lat' dir='ltr'>haec</span> <span class='ocrx_word' id='word_1_336' title='bbox 606 2405 686 2454; x_wconf 85' lang='lat' dir='ltr'>via,</span> <span class='ocrx_word' id='word_1_337' title='bbox 718 2404 811 2445; x_wconf 81' lang='lat' dir='ltr'>haec</span> <span class='ocrx_word' id='word_1_338' title='bbox 842 2405 950 2445; x_wconf 90' lang='lat' dir='ltr'>ratio</span> <span class='ocrx_word' id='word_1_339' title='bbox 973 2404 1222 2460; x_wconf 76' lang='lat' dir='ltr'>reipublicae</span> <span class='ocrx_word' id='word_1_340' title='bbox 1251 2419 1476 2460; x_wconf 88' lang='lat' dir='ltr'>capessen-</span> 
     </span>
    </p>

    <p class='ocr_par' dir='ltr' id='par_1_3' title="bbox 0 2457 1476 2517">
     <span class='ocr_line' id='line_1_41' title="bbox 0 2457 1476 2517; baseline 0.002 -17"><span class='ocrx_word' id='word_1_341' title='bbox 0 2457 2 2467; x_wconf 56' lang='lat'><em>¹</em></span> <span class='ocrx_word' id='word_1_342' title='bbox 39 2459 121 2511; x_wconf 82' lang='lat' dir='ltr'>dae,</span> <span class='ocrx_word' id='word_1_343' title='bbox 151 2460 253 2501; x_wconf 87' lang='lat' dir='ltr'>olim</span> <span class='ocrx_word' id='word_1_344' title='bbox 284 2471 375 2502; x_wconf 82' lang='lat' dir='ltr'>erat</span> <span class='ocrx_word' id='word_1_345' title='bbox 401 2462 537 2516; x_wconf 86' lang='lat' dir='ltr'>magis</span> <span class='ocrx_word' id='word_1_346' title='bbox 572 2461 924 2517; x_wconf 86' lang='lat' dir='ltr'>pertimescenda,</span> <span class='ocrx_word' id='word_1_347' title='bbox 959 2476 1057 2502; x_wconf 87' lang='lat' dir='ltr'>cum</span> <span class='ocrx_word' id='word_1_348' title='bbox 1091 2461 1237 2503; x_wconf 87' lang='lat' dir='ltr'>multis</span> <span class='ocrx_word' id='word_1_349' title='bbox 1270 2463 1312 2502; x_wconf 92' lang='lat' dir='ltr'>in</span> <span class='ocrx_word' id='word_1_350' title='bbox 1351 2463 1476 2505; x_wconf 87' lang='lat' dir='ltr'>rebus</span> 
     </span>
    </p>

    <p class='ocr_par' dir='ltr' id='par_1_4' title="bbox 0 2517 1477 2575">
     <span class='ocr_line' id='line_1_42' title="bbox 0 2517 1477 2575; baseline 0.001 -17"><span class='ocrx_word' id='word_1_351' title='bbox 0 2521 6 2559; x_wconf 74' lang='grc' dir='ltr'>ἶ·</span> <span class='ocrx_word' id='word_1_352' title='bbox 39 2517 326 2558; x_wconf 88' lang='lat' dir='ltr'>multitudinis</span> <span class='ocrx_word' id='word_1_353' title='bbox 359 2518 549 2560; x_wconf 86' lang='lat' dir='ltr'>studium</span> <span class='ocrx_word' id='word_1_354' title='bbox 578 2518 681 2559; x_wconf 71' lang='lat' dir='ltr'>40&#39;ad</span> <span class='ocrx_word' id='word_1_355' title='bbox 720 2518 869 2575; x_wconf 87' lang='lat' dir='ltr'>populi</span> <span class='ocrx_word' id='word_1_356' title='bbox 895 2519 1172 2559; x_wconf 87' lang='lat' dir='ltr'>commodum</span> <span class='ocrx_word' id='word_1_357' title='bbox 1204 2519 1258 2561; x_wconf 83' lang='lat' dir='ltr'>ab</span> <span class='ocrx_word' id='word_1_358' title='bbox 1289 2519 1477 2560; x_wconf 81' lang='lat' dir='ltr'>utilitate</span> 
     </span>
    </p>
   </div>
   <div class='ocr_carea' id='block_1_3' title="bbox 0 2663 1474 2785">
    <p class='ocr_par' dir='ltr' id='par_1_5' title="bbox 0 2663 1474 2785">
     <span class='ocr_line' id='line_1_43' title="bbox 78 2663 1147 2705; baseline 0.001 -11"><span class='ocrx_word' id='word_1_359' title='bbox 78 2665 121 2694; x_wconf 83' lang='lat'>44</span> <span class='ocrx_word' id='word_1_360' title='bbox 146 2664 174 2694; x_wconf 80' lang='lat' dir='ltr'>si</span> <span class='ocrx_word' id='word_1_361' title='bbox 196 2664 384 2701; x_wconf 72' lang='lat' dir='ltr'>timidiores,</span> <span class='ocrx_word' id='word_1_362' title='bbox 407 2664 536 2705; x_wconf 74' lang='lat' dir='ltr'>desunt]</span> <span class='ocrx_word' id='word_1_363' title='bbox 562 2674 606 2696; x_wconf 86' lang='lat' dir='ltr'>sc.</span> <span class='ocrx_word' id='word_1_364' title='bbox 628 2666 735 2705; x_wconf 86' lang='lat' dir='ltr'>reipu-</span> <span class='ocrx_word' id='word_1_365' title='bbox 777 2664 848 2694; x_wconf 78' lang='lat' dir='ltr'>vius</span> <span class='ocrx_word' id='word_1_366' title='bbox 860 2663 961 2694; x_wconf 81' lang='lat' dir='ltr'>edidit</span> <span class='ocrx_word' id='word_1_367' title='bbox 975 2664 1147 2696; x_wconf 73' lang='lat' dir='ltr'>dimovere.</span> 
     </span>
     <span class='ocr_line' id='line_1_44' title="bbox 0 2702 1472 2745; baseline 0.002 -12"><span class='ocrx_word' id='word_1_368' title='bbox 0 2706 2 2722; x_wconf 84' lang='lat'>:</span> <span class='ocrx_word' id='word_1_369' title='bbox 37 2702 140 2734; x_wconf 80' lang='lat' dir='ltr'>blieae.</span> <span class='ocrx_word' id='word_1_370' title='bbox 184 2706 247 2737; x_wconf 89' lang='lat' dir='ltr'>Sed</span> <span class='ocrx_word' id='word_1_371' title='bbox 269 2706 416 2737; x_wconf 78' lang='lat' dir='ltr'>Graevius</span> <span class='ocrx_word' id='word_1_372' title='bbox 439 2717 504 2737; x_wconf 78' lang='lat' dir='ltr'>non</span> <span class='ocrx_word' id='word_1_373' title='bbox 530 2708 612 2738; x_wconf 84' lang='lat' dir='ltr'>male</span> <span class='ocrx_word' id='word_1_374' title='bbox 636 2708 736 2737; x_wconf 84' lang='lat' dir='ltr'>corri-</span> <span class='ocrx_word' id='word_1_375' title='bbox 819 2707 860 2736; x_wconf 74' lang='grc'>46</span> <span class='ocrx_word' id='word_1_376' title='bbox 886 2706 932 2736; x_wconf 78' lang='lat' dir='ltr'>ad</span> <span class='ocrx_word' id='word_1_377' title='bbox 951 2708 1067 2745; x_wconf 61' lang='lat' dir='ltr'>populi</span> <span class='ocrx_word' id='word_1_378' title='bbox 1093 2704 1308 2744; x_wconf 71' lang='lat' dir='ltr'>commodam]</span> <span class='ocrx_word' id='word_1_379' title='bbox 1340 2703 1472 2736; x_wconf 77' lang='lat' dir='ltr'>Lambi-</span> 
     </span>
     <span class='ocr_line' id='line_1_45' title="bbox 0 2745 1474 2785; baseline 0.001 -8"><span class='ocrx_word' id='word_1_380' title='bbox 0 2766 2 2777; x_wconf 83' lang='lat'>.</span> <span class='ocrx_word' id='word_1_381' title='bbox 38 2745 98 2785; x_wconf 82' lang='lat' dir='ltr'>git,</span> <span class='ocrx_word' id='word_1_382' title='bbox 113 2747 273 2778; x_wconf 76' lang='lat' dir='ltr'>deserunt.</span> <span class='ocrx_word' id='word_1_383' title='bbox 779 2758 838 2778; x_wconf 86' lang='lat' dir='ltr'>nus</span> <span class='ocrx_word' id='word_1_384' title='bbox 855 2749 993 2778; x_wconf 68' lang='lat' dir='ltr'>correxit</span> <span class='ocrx_word' id='word_1_385' title='bbox 1011 2758 1060 2778; x_wconf 79' lang='lat' dir='ltr'>(tc.</span> <span class='ocrx_word' id='word_1_386' title='bbox 1105 2748 1200 2778; x_wconf 71' lang='lat' dir='ltr'>Forte</span> <span class='ocrx_word' id='word_1_387' title='bbox 1224 2754 1331 2777; x_wconf 33' lang='lat' dir='ltr'>tot-sm</span> <span class='ocrx_word' id='word_1_388' title='bbox 1351 2754 1400 2778; x_wconf 82' lang='lat' dir='ltr'>est</span> <span class='ocrx_word' id='word_1_389' title='bbox 1424 2749 1474 2778; x_wconf 77' lang='lat' dir='ltr'>in.</span> 
     </span>
    </p>
   </div>
   <div class='ocr_carea' id='block_1_4' title="bbox 0 2789 1472 2909">
    <p class='ocr_par' dir='ltr' id='par_1_6' title="bbox 0 2789 1472 2909">
     <span class='ocr_line' id='line_1_46' title="bbox 77 2789 1472 2831; baseline 0.001 -13"><span class='ocrx_word' id='word_1_390' title='bbox 77 2789 118 2818; x_wconf 85' lang='lat'>45</span> <span class='ocrx_word' id='word_1_391' title='bbox 149 2789 187 2818; x_wconf 79' lang='lat' dir='ltr'>de</span> <span class='ocrx_word' id='word_1_392' title='bbox 219 2792 378 2825; x_wconf 66' lang='lat' dir='ltr'>sententia</span> <span class='ocrx_word' id='word_1_393' title='bbox 414 2790 587 2829; x_wconf 65' lang='lat' dir='ltr'>demoveri]</span> <span class='ocrx_word' id='word_1_394' title='bbox 618 2791 726 2831; x_wconf 60' lang='lat' dir='ltr'>Vulgo</span> <span class='ocrx_word' id='word_1_395' title='bbox 771 2791 910 2820; x_wconf 69' lang='lat' dir='ltr'>›ititium</span> <span class='ocrx_word' id='word_1_396' title='bbox 925 2802 931 2819; x_wconf 72' lang='grc' dir='ltr'>ε</span> <span class='ocrx_word' id='word_1_397' title='bbox 951 2800 1025 2819; x_wconf 79' lang='lat' dir='ltr'>nani</span> <span class='ocrx_word' id='word_1_398' title='bbox 1041 2791 1156 2820; x_wconf 68' lang='lat' dir='ltr'>intuto</span> <span class='ocrx_word' id='word_1_399' title='bbox 1172 2792 1241 2820; x_wconf 72' lang='lat' dir='ltr'>loco</span> <span class='ocrx_word' id='word_1_400' title='bbox 1256 2796 1384 2819; x_wconf 68' lang='lat' dir='ltr'>tantun!</span> <span class='ocrx_word' id='word_1_401' title='bbox 1400 2797 1472 2820; x_wconf 86' lang='lat' dir='ltr'>stu-</span> 
     </span>
     <span class='ocr_line' id='line_1_47' title="bbox 0 2827 1471 2872; baseline 0.003 -14"><span class='ocrx_word' id='word_1_402' title='bbox 0 2827 3 2858; x_wconf 68' lang='grc' dir='ltr'><em>ἔ</em></span> <span class='ocrx_word' id='word_1_403' title='bbox 38 2829 122 2860; x_wconf 83' lang='lat' dir='ltr'>male</span> <span class='ocrx_word' id='word_1_404' title='bbox 144 2831 310 2867; x_wconf 66' lang='lat' dir='ltr'>dimoveri,</span> <span class='ocrx_word' id='word_1_405' title='bbox 333 2837 366 2862; x_wconf 64' lang='lat' dir='ltr'>et</span> <span class='ocrx_word' id='word_1_406' title='bbox 388 2831 434 2861; x_wconf 65' lang='lat' dir='ltr'>sie</span> <span class='ocrx_word' id='word_1_407' title='bbox 456 2841 503 2862; x_wconf 76' lang='lat' dir='ltr'>est</span> <span class='ocrx_word' id='word_1_408' title='bbox 527 2837 626 2862; x_wconf 55' lang='lat' dir='ltr'>enam</span> <span class='ocrx_word' id='word_1_409' title='bbox 652 2843 728 2864; x_wconf 56' lang='lat' dir='ltr'>mox</span> <span class='ocrx_word' id='word_1_410' title='bbox 772 2832 824 2862; x_wconf 69' lang='lat' dir='ltr'>dia</span> <span class='ocrx_word' id='word_1_411' title='bbox 846 2832 958 2872; x_wconf 71' lang='lat' dir='ltr'>populi</span> <span class='ocrx_word' id='word_1_412' title='bbox 994 2839 1307 2863; x_wconf 45' lang='lat' dir='ltr'>.*‘.·u;memorantur.</span> <span class='ocrx_word' id='word_1_413' title='bbox 1333 2833 1379 2863; x_wconf 69' lang='lat' dir='ltr'>ad</span> <span class='ocrx_word' id='word_1_414' title='bbox 1401 2834 1471 2872; x_wconf 75' lang='lat' dir='ltr'>qui·</span> 
     </span>
     <span class='ocr_line' id='line_1_48' title="bbox 38 2869 1091 2909; baseline 0.006 -9"><span class='ocrx_word' id='word_1_415' title='bbox 38 2869 72 2901; x_wconf 87' lang='lat' dir='ltr'>in</span> <span class='ocrx_word' id='word_1_416' title='bbox 93 2873 244 2902; x_wconf 65' lang='lat' dir='ltr'>omnibus</span> <span class='ocrx_word' id='word_1_417' title='bbox 261 2875 436 2909; x_wconf 60' lang='lat' dir='ltr'>dmm-me,</span> <span class='ocrx_word' id='word_1_418' title='bbox 460 2875 515 2904; x_wconf 78' lang='lat' dir='ltr'>ubi</span> <span class='ocrx_word' id='word_1_419' title='bbox 540 2875 625 2905; x_wconf 76' lang='lat' dir='ltr'>maie</span> <span class='ocrx_word' id='word_1_420' title='bbox 639 2876 729 2905; x_wconf 76' lang='lat' dir='ltr'>Grae-</span> <span class='ocrx_word' id='word_1_421' title='bbox 772 2874 844 2903; x_wconf 70' lang='lat' dir='ltr'>dem</span> <span class='ocrx_word' id='word_1_422' title='bbox 860 2874 1012 2904; x_wconf 74' lang='lat' dir='ltr'>vitiosum</span> <span class='ocrx_word' id='word_1_423' title='bbox 1029 2880 1091 2904; x_wconf 78' lang='lat' dir='ltr'>est.</span> 
     </span>
    </p>
   </div>
   <div class='ocr_carea' id='block_1_5' title="bbox 95 2924 787 2959">
    <p class='ocr_par' dir='ltr' id='par_1_7' title="bbox 95 2924 787 2959">
     <span class='ocr_line' id='line_1_49' title="bbox 95 2924 787 2959; baseline 0.007 -5"><span class='ocrx_word' id='word_1_424' title='bbox 95 2927 430 2956; x_wconf 77' lang='lat' dir='ltr'>vot..1i.1¹.11.</span> <span class='ocrx_word' id='word_1_425' title='bbox 707 2924 731 2959; x_wconf 84' lang='grc'><strong>3</strong></span> <span class='ocrx_word' id='word_1_426' title='bbox 763 2931 787 2958; x_wconf 89' lang='grc' dir='ltr'>υ</span> 
     </span>
    </p>
   </div>
   <div class='ocr_carea' id='block_1_6' title="bbox 0 1727 23 3088">
    <p class='ocr_par' dir='ltr' id='par_1_8' title="bbox 0 1727 23 3088">
     <span class='ocr_line' id='line_1_50' title="bbox 0 1727 23 3088; baseline 0 0"><span class='ocrx_word' id='word_1_427' title='bbox 0 1727 23 3088; x_wconf 95' lang='lat' dir='ltr'> </span> 
     </span>
    </p>
   </div>
  </div>
 </body>
</html>
