1785 3185
432 76 781 116 PHILIPPICA
824 75 1114 114 SECUNDA.
1390 80 1488 116 1291

62 181 195 224 suerit
215 180 425 232 diadema,
447 195 544 222 cum
567 193 714 221 omnes
738 178 951 219 fateantur
966 179 1065 233 jure
1087 179 1360 222 interfectum
1383 195 1489 233 esse,

62 239 137 295 qui
155 237 386 292 abjecerit?
415 237 476 278 At
496 238 625 278 etiam
646 235 829 276 adscribi
845 235 977 289 jussit
994 235 1035 274 in
1060 235 1179 276 fastis
1202 238 1251 277 ad
1277 238 1488 293 Luperca·
1500 247 1555 285 87

58 295 140 346 lia,
173 293 223 335 C.
248 294 462 344 CAEsAm,
498 305 766 334 mc'rATom
796 303 1072 341 PERPETUO,
1101 291 1167 331 M.
1191 293 1619 347 ANT‹›N1UM,P·177.

65 364 349 401 consumunt,
384 363 562 392 popum
589 361 734 391 Jussu
762 361 971 390 REGNUM
1008 361 1295 399 DETULISSE,
1326 347 1533 393 Cium-⁸·

63 421 165 450 REM
190 422 269 449 u'ri
298 420 558 449 NonnissE.
579 407 782 461 Jamjam
803 405 980 446 minime
1001 405 1147 455 miror,
1170 414 1211 445 tc
1234 407 1369 447 otium
1395 422 1489 464 per-

62 466 257 506 turbare:
289 479 376 505 non
409 465 538 505 modo
562 465 709 504 urbem
741 463 894 513 odisse,
926 461 999 503 sed
1029 462 1157 502 etiam
1190 462 1354 504 lucem:
1390 479 1489 507 cum

62 521 359 578 perditissimis
392 521 629 562 latronibus
666 535 752 561 non
792 519 926 560 solum
970 519 1023 559 de
1064 518 1147 568 die,
1181 519 1251 560 sed
1285 521 1412 561 etiam
1448 524 1493 563 in

62 579 176 620 diem
201 579 355 620 vivere.
408 579 493 621 Ubi
514 579 625 619 enim
652 588 697 619 tu
725 577 767 618 in
793 590 896 632 pace
918 576 1153 618 consistes?
1175 577 1246 631 qui
1273 577 1390 618 locus
1414 580 1494 621 tibi

63 636 104 671 69
118 636 161 676 in
182 635 349 691 legibus
371 645 414 677 et
436 636 477 677 in
494 635 673 690 judiciis
688 648 779 675 esse
797 643 951 689 potest,
973 648 1069 689 quae
1089 644 1149 682 tu,
1169 635 1434 687 quantumin
1453 645 1494 676 tc

62 691 161 743 fuit,
194 693 415 734 dominatu
440 693 558 748 regio
581 691 812 733 sustulisti?
845 690 1005 732 Ideone
1038 691 1086 731 L.
1106 689 1362 745 Tarquinius
1393 707 1496 733 exa-

64 758 178 791 ctus:
215 749 288 806 Sp.
324 750 511 800 Cassius,
544 749 718 799 Melius,
751 747 816 788 M.
851 747 1056 798 Manlum,
1086 748 1241 798 necati,
1276 759 1320 789 ut
1349 749 1495 791 multis

65 817 164 862 post
199 806 380 857 saeculis,
412 822 435 847 a
465 806 532 847 M.
554 805 762 856 Antonio,
783 806 898 859 quod
922 804 983 845 fas
1007 819 1091 845 non
1123 815 1201 857 est,
1234 819 1309 846 rex
1339 806 1493 848 Roma}

63 864 422 905 constitueretur?
454 863 537 904 Sed
559 863 609 903 ad
634 862 825 918 auspicia
847 862 1082 903 redeamus.

120 924 161 954 70
177 920 245 961 De
275 921 429 976 quibus
458 921 584 961 rebus
617 919 764 961 Idibus
790 918 964 959 Martiis
993 919 1076 960 fuit
1107 918 1148 959 in
1172 927 1319 960 senatu
1345 919 1575 972 Caesar35

67 986 263 1029 acturus3
295 991 442 1032 quaero
465 986 555 1018 tum
580 986 622 1017 tu
643 976 747 1031 quid
770 976 944 1031 egisses.
989 975 1228 1017 Audiebam
1254 977 1426 1032 quidem
1450 988 1491 1020 te
1504 995 1554 1028 33

65 1043 262 1090 paratum
281 1034 458 1085 venisse,
480 1034 593 1089 quod
617 1048 686 1074 me
707 1034 759 1074 de
778 1033 993 1074 ementitis
1013 1033 1229 1089 auspiciis,
1251 1035 1408 1089 quibus
1431 1046 1493 1076 ta-

62 1103 162 1132 men
188 1105 333 1147 parere
352 1105 522 1132 necesse
541 1100 645 1141 erat,
666 1099 834 1146 putares
854 1105 944 1131 esse
966 1091 1196 1131 dicturum.
1240 1092 1422 1134 Sustulit
1446 1093 1496 1133 il-

66 1146 154 1189 lum
176 1149 288 1189 diem
313 1148 485 1189 fortuna
511 1147 657 1204 populi
688 1147 890 1188 Romani.
920 1162 1021 1187 num
1051 1148 1179 1188 etiam
1204 1157 1322 1189 tuum
1347 1151 1400 1191 de
1420 1166 1496 1191 au-

67 1205 443 1260 spiciisjssdicium
467 1206 662 1246 interitus
687 1204 870 1245 Caesaris
893 1204 1091 1246 sustulit?
1124 1205 1205 1246 Sed
1231 1205 1359 1248 incidi
1384 1207 1426 1247 in
1451 1208 1495 1249 id

65 1270 249 1318 tempus,
271 1262 384 1318 quod
405 1262 455 1303 iis
479 1264 618 1311 rebus,
642 1263 684 1303 in
705 1277 809 1317 quas
833 1262 1024 1317 ingressa
1043 1271 1133 1302 erat
1154 1262 1308 1314 oratio,
1330 1266 1366 1296 7¹
1385 1278 1494 1319 prae-

65 1320 315 1361 vertendum
339 1335 423 1361 non
446 1329 524 1360 est.
586 1321 696 1366 Quae
722 1329 794 1360 tua
815 1318 945 1375 fuga?
976 1334 1072 1374 quae
1097 1318 1282 1360 formido
1305 1320 1376 1361 illo
1398 1321 1493 1364 die?

64 1391 163 1431 quae
197 1388 371 1432 propter
397 1377 706 1418 conscientiam
733 1375 937 1418 scelerum
966 1376 1206 1432 desperatio
1231 1377 1360 1419 vitae?
1391 1393 1491 1420 cum

64 1447 120 1475 ex
143 1433 214 1475 illa
235 1434 352 1490 fuga,
375 1434 585 1476 beneficio
607 1448 769 1485 eorum,
791 1434 864 1489 qui
888 1444 943 1484 te,
966 1434 999 1474 si
1025 1448 1150 1474 sanus
1179 1447 1306 1484 esses,
1327 1434 1488 1477 salvum

63 1505 156 1532 esse
187 1491 426 1541 voluerunt,
465 1491 575 1532 clam
607 1502 650 1532 te
679 1491 852 1532 domum
886 1491 1109 1547 recepisti?
1141 1490 1181 1531 O
1213 1505 1308 1531 mea
1339 1492 1556 1535 frustraS9

65 1562 233 1603 semper
253 1548 472 1589 verissima
500 1548 681 1605 auguria
701 1563 842 1590 rerum
871 1547 1134 1590 futurarum!
1171 1547 1381 1589 Dicebam
1415 1551 1496 1591 illis

64 1604 108 1645 in
134 1605 352 1661 Capitolio
375 1605 674 1647 liberatoribus
696 1606 867 1657 nostris,
892 1621 988 1647 cum
1012 1620 1081 1646 me
1102 1605 1154 1646 ad
1181 1616 1223 1652 te,
1242 1605 1301 1646 ire
1325 1607 1497 1658 vellent,

65 1673 115 1703 ut
136 1662 188 1703 ad
210 1662 522 1704 defendendam
546 1663 854 1719 rempublicam
877 1671 918 1704 te
939 1663 1211 1705 adhortarer:
1244 1663 1385 1717 quoad
1408 1679 1496 1706 me-

65 1727 219 1770 tuereS,
252 1719 398 1761 omnia
427 1728 470 1760 te
500 1721 834 1776 promissurum:
867 1720 990 1761 simul
1023 1735 1072 1762 ac
1106 1721 1255 1761 timere
1285 1720 1496 1775 desiisses,

64 1776 247 1817 similem
270 1787 311 1818 te
333 1776 524 1818 futurum
548 1778 625 1818 tui.
660 1777 826 1833 Itaque,
843 1792 940 1819 cum
957 1778 1088 1819 ceteri
1108 1776 1350 1819 consulares
1371 1779 1496 1831 irent,

62 1833 265 1886 redirent,
287 1834 331 1874 in
353 1834 565 1876 sententia
584 1835 719 1876 mansi
738 1852 746 1876 :
780 1849 918 1890 neque
939 1845 980 1877 te
1003 1835 1074 1876 illo
1094 1835 1177 1885 die,
1195 1849 1332 1890 neque
1351 1846 1496 1891 poste-

63 1905 110 1931 ro
133 1891 247 1943 vidi;
278 1905 416 1946 neque
447 1891 575 1933 ullam
606 1892 857 1933 societatem
888 1892 1063 1948 optimis
1095 1892 1262 1933 civibus
1293 1907 1391 1933 cum
1414 1894 1493 1935 im-

61 1947 370 2003 portunissimo
406 1948 530 1990 hoste
563 1948 728 1991 foedere
763 1950 849 1990 ullo
881 1949 1125 1991 confirmari
1161 1964 1284 2005 posse
1316 1951 1493 1993 credidi.

63 2004 172 2046 Post
188 2005 302 2046 diem
326 2006 499 2048 tertium
519 2007 615 2047 veni
633 2007 675 2047 in
694 2007 828 2047 aedem
849 2003 1043 2058 Telluris,
1063 2017 1106 2048 et
1126 2008 1299 2061 quidem
1317 2007 1535 2059 invituS,b,

62 2076 162 2103 cum
185 2077 332 2103 omnes
354 2062 494 2104 aditus
517 2064 668 2105 armati
691 2064 951 2105 obsiderent.
990 2064 1077 2111 Qui
1104 2064 1179 2104 tibi
1204 2064 1293 2105 dies
1317 2063 1399 2115 ille,
1425 2065 1556 2107 M.9o

63 2117 244 2170 Antoni,
268 2119 377 2162 fuit?
411 2122 684 2176 Quamquam
717 2121 823 2162 mihi
856 2121 999 2162 subito
1032 2121 1230 2162 inimicus
1261 2122 1491 2166 exstitisti:

65 2185 207 2218 tamen
230 2191 298 2217 me
321 2177 383 2217 tui
407 2179 591 2229 miseret,
617 2178 731 2233 quod
761 2179 838 2219 tibi
869 2179 1083 2219 invideris.
1146 2180 1234 2225 Qui
1262 2188 1308 2219 tu
1334 2181 1410 2230 vir,
1434 2172 1578 2228 ‹11536

62 2234 347 2275 immortales!
373 2245 416 2276 et
437 2245 621 2292 quantus
645 2235 810 2287 fuisses,
831 2236 863 2276 si
887 2235 997 2276 illius
1016 2236 1098 2276 diei
1123 2246 1309 2278 mentem
1329 2251 1496 2279 servare

61 2292 293 2347 potuisses!
327 2306 476 2347 pacem
505 2293 773 2343 haberemus,
806 2308 902 2348 quae
933 2301 1023 2333 erat
1051 2293 1165 2334 facta
1187 2309 1263 2350 per
1284 2294 1494 2346 obsidem,

62 2361 242 2403 puerum
275 2349 480 2401 nobilem,
532 2352 573 2383 72⁷
597 2349 664 2390 M.
696 2349 878 2390 Antonii
912 2349 1062 2402 filium,
1099 2351 1165 2391 M.
1200 2351 1495 2393 Bambalionis

105 2462 145 2496 69
166 2463 201 2492 in
229 2464 352 2502 legibus
379 2469 410 2495 ec
436 2464 471 2493 in
487 2463 641 2505 judiciis]
677 2464 698 2493 i.
727 2473 756 2494 e.
842 2466 877 2497 71
901 2465 1163 2503 praevertendum
1186 2475 1250 2496 non
1269 2464 1330 2503 est]
1361 2465 1416 2496 Sic
1439 2466 1498 2497 hrt·

64 2504 98 2534 in
126 2505 292 2544 republica
316 2506 428 2537 libera.
454 2516 532 2536 nam
555 2507 688 2537 libertas
711 2506 757 2536 le·
800 2505 872 2535 buit
896 2507 960 2537 Ms.
985 2507 1059 2537 Vat.
1084 2507 1169 2538 unde
1187 2513 1220 2538 et
1249 2508 1375 2538 editum
1402 2513 1452 2538 est
1477 2519 1497 2539 a

63 2546 158 2585 gibus
180 2553 214 2576 et
233 2547 366 2584 ,iudiciis
395 2559 434 2578 ex
460 2548 585 2588 legibus
607 2549 756 2579 contine.
800 2547 926 2578 Faerno
947 2555 980 2579 et
996 2549 1080 2586 aliis,
1103 2560 1160 2589 pro
1186 2550 1320 2589 vulgato
1339 2555 1495 2588 praetere-

61 2594 130 2618 tur.
173 2588 333 2620 Addidere
362 2590 502 2621 alterum
531 2592 565 2621 in
590 2590 756 2621 Ferrarius
797 2591 925 2621 undum
940 2601 1003 2621 non
1015 2592 1078 2629 sit3
1102 2592 1186 2630 quod
1202 2592 1347 2632 profecto
1363 2601 1495 2623 sensum

62 2635 94 2661 ct
111 2630 166 2661 alii
182 2641 199 2661 e
216 2631 295 2661 Mss.
310 2633 425 2670 quibus
442 2639 475 2663 et
492 2633 555 2664 Gu.
571 2633 749 2663 consentit.
803 2633 1014 2663 commodum
1043 2633 1094 2663 bie
1133 2643 1198 2663 non
1227 2634 1344 2664 babere
1374 2638 1494 2674 potest.

102 2675 144 2706 70
176 2672 232 2703 De
259 2674 373 2713 quibus
400 2675 507 2714 rebus]
546 2676 585 2706 In
611 2675 682 2706 edd.
712 2686 760 2714 pr.
803 2674 855 2704 Sic
876 2679 909 2705 et
936 2675 977 2706 L.
1026 2675 1186 2714 intellig-it
1205 2675 1325 2705 caedem
1343 2676 1494 2713 Caesaris,

62 2714 124 2745 hoe
146 2724 223 2745 cum
248 2717 514 2747 antecedentibus
533 2719 758 2757 conjungitur,
803 2715 841 2746 de
863 2727 928 2755 quo
952 2717 1040 2757 prius
1064 2725 1160 2757 putat
1184 2717 1369 2752 dicendum,
1395 2727 1495 2756 quam

63 2760 97 2787 et
108 2757 225 2786 finitur
237 2757 271 2787 in
285 2763 430 2789 aetanrux.
447 2769 505 2789 uec
518 2769 593 2789 cum
607 2769 645 2790 eo
658 2760 756 2790 hene:
803 2758 841 2787 de
857 2760 1018 2799 auspiciis,
1035 2759 1074 2789 de
1089 2760 1204 2799 quibus
1219 2759 1324 2789 dicere
1338 2765 1494 2799 eoeperat.

59 2800 333 2838 ‹lacero—egisses.
377 2801 439 2832 Sed
465 2801 617 2839 arbitror,
642 2801 751 2833 delen·
836 2803 877 2833 7‘2
900 2802 949 2832 M.
974 2802 1196 2841 Artt.fi!ium]
1237 2800 1309 2831 Hoc
1337 2811 1403 2831 non
1429 2802 1494 2832 fuit

59 2839 136 2870 dum
150 2850 216 2872 csse
233 2842 314 2873 tiam.
794 2841 827 2871 in
850 2843 912 2875 Ms.
930 2844 1006 2875 Vat.
1027 2843 1210 2882 delevitque
1235 2842 1393 2880 Faernus,
1411 2843 1495 2874 ‘Ma-
