1769 3174
276 85 353 125 964
868 76 1114 120 ORATIO

276 199 428 249 porum
462 181 644 226 illorum.
706 183 817 226 Cum
851 185 941 241 ipsa
972 201 1095 242 paene
1127 183 1264 226 insula
1283 182 1503 225 mihisese
1523 182 1700 226 obviam

172 246 187 258 '⁸
276 244 385 282 ferre
408 242 554 283 vellet:
589 250 744 297 praetor
768 242 836 283 illc
856 243 1047 298 ejusdem
1067 242 1226 284 tribuni
1248 241 1383 297 plebis
1401 240 1700 290 concionibus,

274 307 450 354 propter
470 299 645 339 eandem
671 299 916 354 reipublicae
939 315 1125 350 causam,
1148 313 1261 354 saepe
1286 305 1463 338 vexatus
1483 296 1588 338 nihil
1610 311 1701 338 am-

292 355 386 395 ›lius
408 355 520 405 dico,
542 356 623 396 nisi
646 370 712 396 mc
733 357 776 397 in
801 356 986 397 Siciliam
1014 357 1155 396 venire
1178 355 1329 395 noluit.
1389 353 1505 400 Quid
1528 354 1700 396 dicam?

319 443 328 452 .
354 412 551 469 Virgilio,
573 412 645 453 tali
669 413 752 454 civi
787 422 830 454 et
860 413 965 463 viro,
990 412 1322 453 benivolentiam
1356 411 1400 451 in
1432 425 1514 461 me,
1537 424 1702 452 memo-

274 469 380 510 riam
403 470 697 510 communium
721 478 976 525 temporum,
994 469 1211 524 pietatem,
1230 467 1556 517 humanitatem,
1570 467 1698 508 fidem

274 526 487 568 defuisse?
520 526 656 576 Nihil,
679 525 865 580 judices,
894 536 959 566 est
989 540 1160 566 eorum:
1193 525 1280 575 sed,
1311 539 1436 578 quam
1470 532 1700 579 tempesta-

147 608 177 638 p.
191 598 260 627 ¹280.
277 591 362 624 tem
385 598 462 623 nos
484 583 707 624 vobiscum
729 597 814 623 non
837 582 1093 632 tulissemus,
1117 582 1282 632 metuit,
1305 591 1352 622 ut
1372 595 1466 621 eam
1490 581 1579 636 ipse
1603 595 1700 635 pos-

231 648 262 669 a.
276 648 339 681 set
352 640 506 694 opibus
518 640 603 680 suis
619 638 839 680 sustinere.
857 639 1172 689 Tum,consilio
1187 648 1360 693 repente
1374 647 1554 687 mutato,
1571 637 1702 677 witer

276 712 302 738 a
323 697 491 737 Vibone
517 696 790 737 Brundisium
811 705 921 737 terra
943 705 1084 751 petere
1102 695 1319 736 contendi.
1343 709 1438 735 nam
1461 693 1699 734 maritimos

192 748 253 800 4]
277 768 422 795 cursus
461 753 752 808 praecludebat
789 752 941 794 hiemis
979 753 1246 808 magnitudo.
1308 751 1420 792 Cum
1452 750 1598 791 omnia
1628 749 1701 790 illa

211 826 263 864 97
277 811 526 866 municipia,
556 825 652 865 quae
685 818 783 851 sunt
812 825 836 850 a
866 810 1034 850 Vibone
1068 809 1359 859 Brundisium,
1393 808 1436 848 in
1471 807 1554 848 fide
1589 820 1699 857 mea,

265 867 451 923 judices,
474 876 638 908 essent:
672 866 752 908 iter
781 866 887 907 mihi
921 876 1075 918 tutum,
1098 866 1241 906 multis
1274 865 1587 914 nunitantibus,
1609 877 1701 905 ma-

270 939 358 980 gno
381 938 478 965 cum
501 939 577 965 suo
601 933 716 964 metu
740 924 1046 979 praestiterunt.
1098 923 1374 964 Brundisium
1399 921 1510 971 veni,
1533 919 1599 961 vel
1621 935 1700 977 po·-

268 982 353 1022 tius
377 982 429 1022 ad
453 981 615 1021 moenia
636 980 810 1021 accessi.
869 984 910 1013 90
929 980 1084 1022 Urbem
1109 994 1235 1021 unam
1259 979 1364 1020 mihi
1394 977 1700 1019 amicissimam

267 1037 494 1088 declinavi,
516 1041 665 1093 91quae
689 1051 733 1077 se
764 1037 830 1078 vel
862 1037 1005 1093 potius
1027 1036 1237 1087 exscindi,
1259 1050 1402 1091 quam,
1424 1049 1447 1076 e
1481 1049 1557 1075 suo
1579 1049 1699 1075 com-

299 1095 396 1136 lexu
422 1104 468 1136 ut
490 1094 686 1150 eriperer,
710 1093 835 1135 facile
858 1103 1087 1149 pateretur.
1146 1093 1196 1134 In
1223 1093 1368 1134 hortos
1391 1106 1458 1132 me
1482 1090 1549 1131 M.
1576 1091 1698 1132 Lenii

291 1153 412 1193 ‘'lacci
435 1152 596 1193 contuli
616 1168 624 1193 :
656 1151 724 1191 cui
748 1166 845 1192 cum
869 1151 1007 1191 omnis
1034 1158 1186 1200 metus,
1210 1150 1445 1206 publicatio
1471 1149 1697 1199 bonorum,

266 1209 481 1259 exsilium,
514 1223 628 1249 mors
668 1217 991 1264 proponeretur,
1023 1207 1118 1248 haec
1152 1207 1330 1263 perpeti,
1368 1207 1399 1246 si
1437 1205 1697 1258 acciderent,

265 1265 431 1316 maluit,
454 1280 581 1320 quam
605 1265 843 1306 custodiam
866 1265 949 1305 mei
973 1265 1126 1320 capitis
1148 1265 1378 1305 dimittere.
1431 1262 1575 1317 Hujus
1598 1277 1696 1319 ego,
1747 1266 1760 1277 ⁹

266 1332 309 1363 et
344 1322 528 1377 parentis
562 1322 669 1376 ejus,
714 1322 1029 1377 prudentissimi
1073 1331 1201 1376 atque
1240 1320 1394 1376 optimi
1435 1324 1475 1354 92
1489 1321 1614 1371 senis,
1652 1329 1696 1362 et

266 1380 488 1434 utriusque
521 1379 595 1419 filii
631 1379 843 1429 manibus,
878 1379 920 1418 in
954 1379 1050 1418 navi
1090 1388 1182 1418 tuta
1211 1393 1260 1419 ac
1303 1376 1414 1418 fideli
1447 1376 1698 1429 collocatus,

267 1449 500 1491 eorumque
524 1451 667 1491 preces
689 1445 733 1476 et
756 1445 855 1476 vota
876 1436 928 1476 de
951 1449 1045 1476 meo
1070 1435 1207 1476 reditu
1229 1434 1477 1484 exaudiens,
1504 1433 1695 1489 Dyrrha-

206 1495 256 1543 93
269 1493 430 1544 chium,
452 1494 565 1548 quod
588 1502 678 1533 erat
708 1494 751 1534 in
775 1493 858 1533 fide
890 1507 998 1542 mea,
1031 1502 1173 1548 petere
1195 1491 1411 1532 contendi.
1473 1491 1573 1537 Quo
1595 1505 1696 1532 cum

271 1551 493 1600 venissem,
516 1550 718 1607 cognovi,
754 1549 795 1591 id
828 1550 942 1604 quod
975 1550 1206 1599 audieram,
1237 1548 1436 1589 refertam
1458 1562 1548 1588 esse
1571 1547 1695 1590 Grae-

268 1612 379 1648 cium
413 1607 833 1648 sceleratissimorum
870 1606 1088 1647 hominum
1119 1621 1168 1646 ac
1199 1605 1481 1646 nesturiorum:
1513 1619 1696 1659 quorum

268 1665 447 1720 impium
470 1664 628 1704 ferrum
659 1664 864 1720 ignesque
899 1663 1122 1719 pestiferos
1155 1677 1272 1703 meus
1306 1662 1374 1703 ille
1404 1661 1648 1703 consulatus
1671 1676 1695 1704 e

266 1721 466 1762 manibus
487 1729 749 1762 extorserat:
781 1721 854 1775 qui
879 1728 1107 1775 antequam
1130 1719 1182 1760 dc
1213 1733 1308 1760 meo
1331 1719 1515 1760 adventu
1548 1719 1694 1760 audire

267 1778 522 1833 potuissent,
544 1781 584 1811 93
599 1792 695 1818 cuin
719 1786 884 1818 tantum
907 1778 1103 1818 abessent
1119 1776 1358 1831 aliquorum
1377 1777 1540 1817 dierum
1565 1776 1694 1827 viam,

266 1836 307 1876 in
334 1834 653 1886 Macedoniam,
676 1835 728 1875 ad
756 1834 1062 1888 Planciumque
1090 1833 1273 1890 perrexi.
1334 1833 1421 1874 Hic
1447 1847 1544 1873 vero
1568 1833 1695 1876 simul

264 1902 393 1947 atque
424 1906 494 1932 me
528 1906 641 1932 mare
671 1891 869 1932 transisse
897 1892 1128 1946 cognovit:
1160 1891 1293 1943 (audi,
1325 1891 1438 1941 audi,
1468 1899 1596 1945 atque
1629 1899 1694 1931 at-

264 1950 406 2000 tende,
431 1949 696 2001 Laterensi53
728 1957 775 1989 ut
797 1949 920 1998 scias,
942 1949 1045 2003 quid
1067 1963 1148 2003 ego
1173 1948 1351 1988 Plancio
1373 1948 1566 1998 debeam,
1588 1962 1693 1988 con-

265 2006 496 2062 fiteareque
527 2005 770 2061 aliquando,
792 2020 874 2057 me,
896 2006 1011 2061 quod
1034 2004 1204 2056 facium,
1226 2013 1275 2046 etr
1299 2015 1434 2062 grate,
1456 2015 1499 2045 et
1529 2004 1599 2061 pie
1629 2003 1693 2046 fa-

999 2139 1091 2175 puto.
1121 2135 1273 2175 Languet
1288 2135 1511 2176 etiam-facile.
1526 2135 1612 2175 quod
1624 2144 1691 2166 non

999 2182 1060 2213 est,
1077 2179 1101 2208 si
1112 2180 1222 2218 poti-as
1233 2179 1390 2209 deleatur.

305 2138 345 2169 89
362 2137 424 2166 iter
439 2146 461 2167 a
478 2135 548 2166 Vll».
564 2136 627 2167 Br.
644 2140 736 2167 terra
754 2140 864 2176 petere
884 2145 956 2165 con-

264 2177 366 2217 tendi]
393 2179 429 2208 In
454 2179 515 2209 hoe
542 2178 613 2208 loco
638 2179 805 2209 neminem
828 2177 956 2208 haesisse

265 2220 379 2259 reperi.
423 2220 493 2260 Ego
510 2225 618 2251 autem
635 2230 761 2260 semper
775 2220 863 2250 haesi.
888 2221 958 2251 Iter

264 2265 356 2292 terra
378 2266 488 2302 petere
513 2263 633 2301 aliquo,
657 2262 760 2301 qualis
783 2263 889 2293 forma
909 2262 957 2292 di-

264 2303 381 2334 cendi?
406 2304 544 2335 Videtur
563 2305 627 2334 iter
648 2304 833 2335 delendum.
877 2304 956 2335 Mox

264 2355 294 2376 e.
322 2349 374 2376 41.
398 2350 449 2377 est
475 2346 728 2385 Dyrrhachium
749 2351 861 2387 petere
886 2356 959 2377 con-

265 2388 364 2418 tendi.

305 2434 347 2464 90
375 2428 495 2460 Urbem
514 2439 618 2460 unam
639 2440 683 2460 m.
706 2428 955 2470 amicissimam]

266 2471 322 2502 Est
338 2472 442 2512 ipsum
458 2471 682 2502 Brundisium.
702 2482 803 2504 unam
819 2473 858 2504 ad
872 2475 956 2504 ami.

264 2515 427 2544 vissimum
451 2513 668 2549 referendum,
696 2514 864 2544 intellecto
890 2525 956 2545 om-

263 2557 369 2592 nium,
399 2555 485 2594 quod
513 2560 547 2586 et
581 2556 657 2586 alibi
690 2556 868 2594 omittitur,
897 2562 954 2588 aut

264 2596 505 2637 corrigendum,
516 2598 628 2627 urbem
636 2599 753 2636 ipsam,
764 2599 844 2628 milti
857 2601 954 2630 amic.

264 2649 394 2680 nempe,
410 2644 448 2669 nt
462 2644 648 2679 opponatur
663 2641 828 2672 maronibus.

304 2685 341 2717 91
359 2690 428 2721 quoe
442 2691 474 2711 se
488 2683 540 2711 rel
548 2682 656 2720 potius
671 2681 954 2721 exscimli—faeile

255 2722 444 2763 parm-etur]
466 2723 595 2754 Durum
611 2729 660 2753 est
674 2725 725 2753 vel
740 2726 861 2763 potius,
877 2734 952 2754 cnm

261 2766 293 2795 id
307 2767 406 2796 ctiam
431 2774 523 2795 versu
547 2766 692 2806 proxime
715 2766 871 2806 superiori
895 2766 951 2797 sit.

260 2808 481 2845 Alterutrum,
497 2810 548 2839 vel
568 2813 626 2839 aut
642 2809 763 2848 potius,
778 2807 952 2841 delendum

1041 2223 1082 2253 92
1104 2222 1198 2257 senis,
1222 2226 1253 2251 et
1275 2222 1441 2260 utriusque
1453 2219 1606 2259 filiorum
1629 2218 1688 2258 m.]

1001 2260 1160 2293 Filiorum
1185 2264 1219 2293 in
1246 2263 1306 2293 hac
1330 2262 1471 2293 lectione
1500 2262 1586 2301 sapit
1612 2261 1693 2291 Ger-

999 2305 1213 2335 manismum:
1238 2305 1334 2335 debet
1355 2314 1422 2335 esse
1434 2304 1518 2345 filii,
1533 2309 1571 2333 ut
1590 2308 1641 2334 est
1656 2303 1691 2333 in

1001 2347 1064 2377 Ms.
1079 2347 1147 2378 Erf.
1164 2348 1273 2386 itaque
1288 2347 1390 2377 edidi:
1409 2345 1612 2385 intelligendi
1632 2344 1691 2375 filii

1001 2388 1115 2420 Laenii.
1159 2389 1221 2419 Sed
1245 2389 1329 2419 idem
1353 2389 1532 2419 Maeciam
1556 2387 1645 2417 addit
1659 2391 1691 2417 et

988 2429 1130 2470 frans,
1147 2436 1220 2472 post
1234 2433 1336 2462 senis:
1360 2431 1445 2470 quod
1459 2431 1485 2460 si
1503 2429 1691 2469 recipiatur,

988 2474 1143 2513 filiorum
1167 2474 1299 2503 retineri
1325 2473 1431 2509 debet,
1455 2479 1492 2503 ut
1519 2472 1643 2502 factum
1671 2481 1691 2502 a.

997 2515 1136 2546 Graevio.
1183 2516 1226 2545 Et
1240 2516 1326 2545 favet
1341 2516 1370 2545 ei
1393 2515 1526 2546 lectioni
1541 2514 1631 2544 locus
1654 2514 1689 2544 in

996 2557 1052 2587 Or.
1071 2568 1127 2597 pro
1143 2559 1231 2588 Sext.
1247 2569 1275 2588 c.
1292 2560 1341 2589 63.
1364 2558 1418 2588 ubi
1437 2563 1527 2598 pater
1539 2560 1573 2586 et
1587 2555 1689 2586 frater

996 2599 1099 2630 Laenii
1117 2608 1328 2631 memoratur.

1037 2645 1077 2676 93
1099 2652 1173 2672 cum
1188 2647 1319 2672 santam
1341 2643 1483 2672 abessent
1507 2639 1581 2678 δια]
1601 2638 1690 2670 Tan-

996 2687 1067 2713 tum
1082 2689 1133 2714 est
1147 2695 1164 2714 e
1180 2685 1244 2714 Ms.
1262 2685 1329 2714 Erf.
1346 2695 1403 2724 pro
1419 2689 1502 2714 tum.
1548 2683 1610 2712 Pro
1625 2683 1688 2712 ali-

995 2735 1133 2764 quorum
1157 2727 1285 2757 dierum
1311 2727 1395 2757 idem
1423 2726 1522 2758 habet
1547 2725 1685 2766 aliquot:

994 2768 1081 2808 quod
1094 2768 1210 2801 melius
1224 2770 1364 2801 videtur.
