1785 3185
256 99 353 134 1222
849 99 1102 142 ORATIO

252 214 346 263 nee,
369 200 472 256 quid
498 201 576 242 tibi
607 200 659 242 de
689 201 772 244 alio
803 204 1008 256 audienti,
1032 206 1085 248 de
1116 221 1158 247 se
1191 205 1284 263 ipso
1315 214 1526 258 occurrat,
1547 204 1684 248 refota

204 255 403 320 Suudat.
464 257 589 309 Vide,
626 274 754 315 quam
797 275 882 303 non
924 262 1225 305 reformidem:
1259 265 1370 315 vide,
1407 274 1569 320 quanta
1609 262 1684 303 lux

253 313 520 356 liberalitatis
541 326 585 357 et
606 317 827 372 sapientiae
853 329 937 361 tuae
962 320 1067 362 mihi
1100 322 1214 377 apud
1247 333 1288 363 te
1317 322 1477 362 dicenti
1510 320 1684 361 oboria-

254 382 337 412 tur.
359 381 567 426 quantum
592 384 755 427 potero,
778 390 881 416 voce
904 379 1176 428 contendam,
1199 389 1247 420 ut
1271 378 1452 435 populus
1475 377 1558 419 hoc
1590 376 1680 417 Ro-

215 441 404 479 ·7manus
438 430 655 472 exaudiat.
717 432 927 487 Suscepto
961 434 1087 484 bello,
1122 434 1282 486 Caesar,
1315 445 1437 491 gesto
1466 436 1597 475 etiam
1626 447 1683 473 ex

250 499 410 541 magua
441 497 575 543 parte,
598 487 713 528 nulla
741 489 782 528 vi
813 500 1002 540 coactus,
1028 491 1196 546 judicio
1228 507 1278 533 ac
1302 491 1518 532 voluntate
1549 491 1602 532 ad
1633 504 1685 530 ea

251 557 370 584 arma
411 544 629 599 profectus
673 559 780 594 sum,
812 559 909 599 quae
939 557 1061 587 erant
1091 558 1232 588 sumta
1261 559 1412 589 contra
1442 558 1497 589 te.
1556 546 1687 603 Apud

251 614 379 655 quem
403 601 534 657 igitur
557 601 638 641 hoe
660 601 784 642 dico?
817 616 968 658 nempe
991 604 1104 659 apud
1128 619 1241 654 eum,
1265 606 1354 660 qui,
1376 620 1474 646 cum
1496 604 1580 645 hoc
1602 603 1685 644 sci-

251 667 330 707 ret,
362 666 503 699 tamen
548 672 628 707 me,
659 667 889 712 autequam
922 660 1043 710 vidit,
1075 661 1322 717 reipublicae
1364 661 1580 702 reddidit:
1613 660 1687 714 qui

250 714 304 755 ad
328 729 396 755 me
426 730 479 755 ex
504 714 699 770 *Egypto
732 715 893 756 litteras
924 717 1056 768 misit,
1079 728 1126 758 ut
1156 733 1291 759 essem
1322 718 1452 767 idem,
1474 718 1546 772 qui
1579 717 1686 757 fuis-

251 785 366 813 sem:
399 772 488 825 qui,
510 786 608 812 cum
632 774 723 827 ipse
745 772 978 828 imperator
1002 775 1043 815 in
1077 784 1170 816 toto
1203 775 1384 831 imperio
1417 773 1564 830 populi
1598 773 1688 814 Ro-

250 829 369 870 mani
401 843 510 868 unus
541 840 665 879 esset,
698 843 788 870 esse
819 844 886 871 me
916 830 1095 873 alterum
1127 847 1274 890 passus
1305 841 1394 874 est:
1426 846 1452 872 a
1480 845 1581 886 quo,
1604 829 1687 872 hoc

254 885 348 941 ipso
381 885 432 926 C.
468 886 607 926 Pansa
638 885 743 926 mihi
776 888 972 929 nuntium
1007 889 1261 945 perferente,
1291 902 1518 930 concessos
1549 887 1686 929 fasces

254 942 466 984 laureatos
490 943 622 993 tenui,
645 943 786 998 quoad
811 946 1015 986 tenendos
1039 947 1215 1002 putavi:
1248 947 1321 1002 qui
1353 946 1459 986 mihi
1492 955 1584 986 tum
1615 945 1688 986 de·

255 1000 386 1055 nique
409 1015 452 1040 se
478 1000 655 1040 salutem
683 1001 851 1055 putavit
869 1002 983 1053 dare,
1004 1003 1036 1043 si
1060 1018 1152 1045 eam
1171 1004 1296 1045 nullis
1317 1003 1544 1059 spoliatam
1565 1016 1691 1043 orna-

217 1057 410 1098 Srneutis
431 1058 631 1098 desiisset.
664 1057 786 1108 Vide,
805 1073 967 1113 quaesm
991 1059 1177 1111 Tubero,
1200 1071 1262 1112 ut,
1283 1062 1355 1116 qui
1378 1061 1431 1101 de
1451 1074 1547 1101 meo
1571 1059 1688 1100 facto

254 1129 342 1155 non
364 1115 556 1155 dubitem
581 1115 801 1164 dicere,de
824 1116 984 1172 Ligarii
1008 1132 1091 1159 non
1112 1119 1290 1159 audeam
1310 1117 1519 1159 confiteri.
1546 1115 1690 1171 Atque

253 1171 349 1212 haec
372 1182 598 1227 propterea
618 1173 670 1212 de
699 1187 764 1213 me
787 1172 893 1224 dixi,
918 1185 964 1214 ut
986 1175 1090 1215 mihi
1114 1174 1300 1225 Tubero,
1324 1176 1343 1205 6
1359 1190 1455 1216 cum
1479 1175 1531 1215 de
1555 1189 1597 1215 se
1619 1187 1690 1213 ea-

254 1229 352 1269 dem
389 1230 589 1279 dicerem,
622 1229 889 1285 ignosceret:
921 1231 1045 1287 cujus
1080 1246 1162 1288 ego
1196 1233 1416 1273 iudustriae
1454 1232 1689 1287 gloriaeque

255 1285 395 1336 faveo,
423 1286 486 1326 vel
519 1298 691 1342 propter
724 1287 1006 1343 propinquam
1029 1291 1350 1345 cognationem,
1374 1289 1436 1329 vel
1459 1288 1573 1343 quod
1596 1289 1690 1341 ejus

208 1343 433 1398 b.ingenio
465 1344 701 1399 studiisque
732 1344 934 1396 delector,
967 1346 1030 1387 vel
1061 1347 1176 1402 quod
1208 1347 1374 1387 laudem
1406 1344 1689 1386 adolescentis

259 1401 489 1456 propinqui
511 1401 713 1442 existimo
733 1400 860 1442 etiam
882 1403 933 1443 ad
957 1418 1097 1444 mcum
1118 1404 1300 1459 aliquem
1326 1403 1512 1444 fructum
1537 1401 1690 1442 redun-

218 1458 370 1498 Odare.
432 1459 514 1498 Sed
550 1458 631 1499 hoc
663 1473 825 1512 quaero,
859 1460 953 1515 quis
988 1471 1111 1516 putet
1142 1476 1232 1502 esse
1265 1461 1441 1510 crimen,
1475 1459 1605 1500 fuisse
1643 1459 1686 1499 iu

255 1515 406 1556 Africa
445 1516 693 1572 Ligarium?
726 1530 879 1572 nempe
907 1517 956 1568 is,
982 1518 1052 1573 qui
1076 1530 1134 1559 ‘et
1168 1518 1258 1574 ipse
1290 1518 1334 1558 in
1367 1519 1514 1558 eadem
1539 1514 1690 1557 Africa

254 1586 346 1614 esse
379 1572 528 1624 voluit,
550 1583 593 1614 et
625 1572 891 1628 prohibitum
923 1590 967 1615 se
998 1591 1022 1616 a
1055 1576 1229 1631 Ligario
1259 1576 1466 1630 queritur,
1497 1584 1540 1614 et
1571 1583 1686 1614 certe

253 1638 407 1671 contra
428 1630 566 1686 ipsum
588 1630 804 1671 Caesarem
825 1641 887 1671 est
909 1647 1163 1689 congressus
1185 1642 1387 1673 armatus,
1421 1631 1539 1678 Quid
1558 1631 1689 1680 enim,

252 1686 441 1737 Tubero,
462 1688 690 1728 destrictus
723 1688 790 1728 ille
822 1697 918 1729 tuus
952 1690 992 1730 in
1015 1690 1106 1730 acie
1131 1688 1375 1731 Pharsalica
1400 1688 1565 1744 gladius
1587 1701 1688 1743 age-

252 1745 354 1786 bat?
385 1744 509 1800 cujus
540 1744 649 1786 latus
679 1744 747 1785 ille
770 1759 918 1786 mucro
942 1748 1141 1801 petebat?
1172 1748 1246 1803 qui
1269 1762 1414 1787 sensus
1437 1755 1526 1786 erat
1547 1759 1688 1785 armo-

252 1817 345 1842 rum
370 1804 571 1843 tuorum?
599 1817 696 1857 quae
721 1812 795 1843 tua
819 1807 964 1846 mens?
996 1804 1136 1845 oculi?
1167 1806 1345 1846 manus?
1378 1804 1503 1844 ardor
1524 1802 1686 1842 animi?

250 1859 353 1913 quid
392 1860 625 1916 cupiebas?
654 1859 758 1914 quid
797 1861 1006 1916 optabas?
1048 1861 1188 1902 Nimis
1229 1876 1390 1917 urgeo:
1423 1858 1687 1901 commoveri

252 1915 421 1958 videtur
451 1917 722 1958 adolescens:
755 1917 806 1958 ad
840 1932 907 1958 me
938 1927 1138 1959 revertar.
1171 1918 1321 1959 iisdem
1362 1918 1405 1958 in
1443 1916 1570 1958 armis
1609 1914 1687 1956 fui.

204 1965 371 2020 4Quid
403 1982 546 2015 autem
577 1973 691 2015 aliud
722 1975 905 2028 egimus,
926 1974 1113 2026 Tubero,
1137 1975 1234 2027 nisi,
1258 1984 1317 2027 ut,
1340 1975 1452 2031 quod
1487 1974 1558 2015 bic
1589 1982 1688 2029 pot-

193 2034 240 2067 10
252 2039 330 2082 est,
352 2046 430 2073 nos
462 2034 714 2088 possemus?
747 2032 945 2078 Quorum
978 2033 1110 2088 igitur
1141 2032 1391 2089 impunitas,
1416 2032 1578 2081 Caesar,
1601 2040 1687 2072 tuae

249 2088 491 2130 clementiae
533 2089 622 2130 laus
665 2098 743 2139 est,
785 2103 933 2130 eorum
977 2091 1167 2146 ipsorum
1209 2090 1261 2131 ad
1305 2089 1602 2130 crudelitatem
1644 2097 1686 2128 te

248 2155 375 2187 acuet
405 2146 575 2188 oratio?
605 2145 750 2201 Atque
782 2146 824 2187 in
856 2146 936 2188 hac
967 2162 1096 2188 causa
1128 2146 1324 2188 nonnihil
1354 2146 1568 2202 equidem,
1600 2143 1688 2185 Tu-

249 2203 371 2253 bero,
393 2204 523 2245 etiam
555 2212 688 2253 tuam,
711 2203 781 2244 sed
815 2203 951 2245 multo
982 2205 1120 2260 magis
1152 2205 1284 2260 patris
1317 2203 1377 2244 tui
1414 2202 1685 2259 prudentiam

248 2259 470 2303 desidero:
502 2261 617 2317 quod
657 2261 786 2302 homo
824 2275 924 2301 cum
964 2262 1154 2318 ingeniO,
1195 2272 1284 2302 tum
1322 2261 1452 2301 etiam
1490 2259 1689 2301 doctrina

246 2317 475 2369 excellens,
498 2333 632 2374 genus
663 2317 746 2359 hoc
777 2332 917 2359 causae
949 2319 1064 2375 quod
1095 2328 1220 2369 esset,
1250 2332 1337 2358 non
1369 2317 1538 2358 viderit.
1571 2331 1686 2368 nam,

250 2375 285 2416 si
310 2375 498 2427 vidisset,
521 2374 674 2431 quovis
705 2374 916 2431 profecto,
939 2390 1069 2431 quam
1099 2375 1183 2416 isto
1215 2374 1344 2416 modo
1375 2390 1400 2415 a
1431 2385 1472 2415 te
1493 2374 1563 2430 agi
1594 2389 1685 2415 ma-

248 2431 411 2473 luisset.

306 2488 466 2545 Arguis
497 2488 719 2530 fatentem.
750 2503 838 2530 non
868 2498 933 2529 est
963 2488 1080 2530 satis.
1113 2503 1288 2530 accusas
1325 2502 1438 2538 eum,
1469 2488 1543 2543 qui
1583 2502 1685 2529 cau·

249 2561 339 2587 sam
371 2547 515 2597 habet,
537 2556 626 2596 aut,
648 2554 696 2587 ut
726 2559 807 2602 ego
839 2546 952 2597 dico,
973 2546 1193 2587 meliorem
1216 2560 1345 2601 quam
1373 2555 1433 2595 ω,
1455 2554 1544 2596 aut,
1567 2555 1615 2586 ut
1637 2554 1684 2586 tu

189 2613 232 2649 11
251 2604 329 2654 vis,
361 2617 519 2661 parem.
583 2603 694 2644 Haec
727 2617 811 2644 non
843 2604 972 2645 modo
1003 2603 1217 2644 mirabilia
1247 2612 1361 2655 sunt,
1391 2602 1462 2643 sed
1496 2602 1685 2658 prodigii

247 2661 386 2704 simile
416 2669 496 2715 est,
519 2661 636 2717 quod
666 2660 821 2702 dicam.
882 2660 984 2703 Non
1015 2660 1147 2703 habet
1176 2674 1271 2702 eam
1292 2662 1380 2701 vim
1407 2659 1491 2702 ista
1510 2674 1687 2701 accusa-

245 2840 248 2842 ,
285 2808 307 2838 6
327 2816 404 2838 cum
417 2808 457 2839 de
472 2818 504 2839 se
521 2807 635 2840 endem
656 2807 811 2847 dicerem]
836 2806 944 2839 Debe·
987 2807 1050 2838 Sed
1072 2806 1153 2838 dixit
1176 2807 1365 2847 exquisitius
1379 2817 1451 2851 pro,
1468 2805 1508 2839 de
1521 2814 1555 2839 se
1569 2804 1684 2840 eadem

242 2848 302 2882 bat
315 2860 384 2882 esse
397 2850 437 2882 de
449 2852 526 2892 ipso.
541 2861 616 2883 nam
631 2849 810 2893 opponitur
823 2850 863 2882 de
880 2859 942 2883 me.
986 2849 1151 2884 dicentem
1167 2849 1306 2883 audiret.
