1785 3185
280 125 378 160 1408
864 119 1108 156 ORATIO

276 223 376 265 liam
395 223 604 274 ultimam,
625 234 668 264 et
697 222 960 264 exercitum?
991 223 1092 278 quid
1122 230 1187 263 est
1207 219 1335 271 aliud,
1358 236 1442 262 non
1468 236 1612 278 pacem
1634 216 1697 259 fao.

276 295 387 332 cere,
409 280 480 320 sed
511 280 678 321 differre
709 279 892 321 bellum?
935 294 1012 320 nec
1044 279 1177 320 solum
1204 281 1244 308 2⁴
1259 293 1492 334 propagare
1523 279 1693 323 bellum,

278 338 350 378 sed
383 338 615 378 concedere
646 336 773 376 etiam
802 336 1057 377 victoriam?
1116 335 1183 374 An
1204 334 1271 374 ille
1294 350 1377 375 non
1411 336 1571 386 vicerit,
1593 347 1696 390 qua-

279 408 462 449 cumque
493 394 738 434 conditione
771 392 814 432 in
844 392 951 432 lianc
974 392 1120 430 urbem
1143 395 1182 421 25
1196 405 1293 431 cum
1315 391 1400 431 suis
1422 392 1548 431 armis
1570 403 1695 431 vene-

279 451 361 491 rit?
404 450 532 491 Nunc
551 450 694 490 omnia
715 460 928 488 tenemus:
961 447 1214 487 auctoritate
1239 446 1421 487 valemus
1442 447 1666 502 plurimum
1685 458 1696 483 z

279 507 435 548 absunt
456 516 521 546 tot
543 506 696 561 perditi
719 505 847 554 cives,
870 503 1079 544 nefarium
1102 502 1235 543 secuti
1266 503 1432 543 ducem.
1465 513 1602 543 tamen
1625 518 1698 544 eo·-

278 578 371 604 rum
401 577 488 613 ora,
511 576 739 609 sermoneS‚
760 561 833 614 qui
858 561 899 600 in
924 560 1026 599 urbe
1054 573 1107 599 ex
1131 573 1181 598 eo
1215 573 1390 599 numero
1422 558 1556 599 relicti
1585 558 1699 609 sunt,

281 620 388 660 ferre
409 634 493 660 non
518 632 754 675 possumus,
785 617 886 671 quid
908 616 1104 665 censetis,
1122 630 1218 655 cum
1243 625 1306 655 tot
1328 629 1412 655 uno
1434 625 1623 670 tempore
1647 617 1700 656 ir-

281 677 499 732 ruperint?
530 690 605 715 nos
629 688 745 714 arma
767 674 806 703 ‘26
822 673 1098 727 posuerimUS,
1121 671 1177 711 illi
1202 686 1285 712 non
1305 674 1317 712 ?
1348 686 1488 711 nonne
1516 686 1593 712 nos
1623 687 1699 712 no-

222 738 267 770 14
283 734 377 774 stris
410 731 597 774 consiliis
621 731 756 770 victos
778 729 820 769 in
855 738 1105 784 perpetuum
1127 727 1242 769 fore?
1304 728 1458 768 Ponite
1479 737 1577 768 ante
1598 744 1700 770 ocu-

279 790 342 830 los
376 790 441 829 M.
466 787 703 830 Antonium
737 785 1025 826 consularem:
1058 794 1296 840 sperantem
1325 784 1591 825 consulatum
1616 785 1700 826 Lu·-

279 847 394 887 cium
426 844 673 901 adjungite:
718 841 911 898 supplete
933 852 1110 891 ceteros,
1129 855 1264 895 neque
1298 841 1428 881 nostri
1452 841 1611 881 ordinis
1633 856 1701 882 so-

278 903 380 953 lum,
402 902 584 943 honores
609 909 652 940 ct
674 899 852 953 imperia
873 898 1148 939 meditantes:
1184 897 1314 937 nolite
1336 911 1387 937 ne
1409 896 1586 938 Tirones
1607 900 1702 953 qui-

277 960 388 1009 dem,
413 957 648 1006 Numisios,
670 966 712 995 et
736 955 974 1004 Mustellas,
994 955 1180 995 Saxasve
1202 962 1487 994 contemnere.
1516 969 1612 995 cum
1633 954 1698 996 his

279 1015 393 1056 facta
427 1030 526 1070 pax,
548 1028 633 1054 non
666 1012 746 1052 erit
778 1027 878 1066 pax,
901 1012 971 1052 sed
997 1011 1138 1066 pactio
1167 1010 1397 1051 servitutis.
1442 1010 1490 1051 L.
1516 1010 1699 1062 Pisonis,

279 1072 528 1128 amplissimi
552 1070 644 1120 viri,
662 1069 865 1124 praeclara
881 1083 980 1118 vox,
996 1083 1021 1108 a
1043 1078 1083 1108 te
1107 1082 1189 1108 non
1213 1066 1348 1121 solum
1371 1068 1412 1107 in
1434 1067 1514 1108 hoc
1536 1068 1699 1118 ordine,

281 1129 433 1178 Pansa,
457 1127 527 1168 sed
550 1127 678 1166 etiam
703 1125 744 1165 in
768 1124 1086 1179 concionejure
1109 1124 1277 1166 laudata
1296 1133 1373 1163 est.
1414 1122 1699 1166 Excessurum

280 1201 322 1226 se
344 1199 396 1226 ex
422 1184 560 1233 Italia,
582 1182 708 1232 dixit,
730 1182 830 1222 deos
854 1191 1026 1237 penates
1049 1189 1090 1222 et
1112 1181 1228 1221 sedes
1261 1181 1414 1235 patrias
1438 1180 1697 1232 relicturum,

280 1242 311 1283 si
337 1241 469 1296 (quod
491 1241 549 1281 dii
582 1253 706 1280 omen
730 1242 766 1272 27
783 1239 1012 1279 averterint
1029 1239 1056 1288 l)
1088 1237 1393 1292 rempublicam
1422 1239 1700 1292 oppressisset

232 1307 261 1357 17
284 1298 508 1338 Antonius.
532 1297 692 1342 Quaero
712 1296 843 1351 igitur
864 1310 888 1336 a
903 1305 957 1346 te,
977 1295 1091 1344 Piso,
1110 1308 1250 1334 nonne
1265 1308 1510 1349 oppressam
1530 1309 1700 1350 rempu-

219 1377 264 1409 25
283 1355 433 1396 blicam
459 1363 594 1410 putes,
618 1353 650 1393 si
672 1362 749 1403 tot,
773 1363 858 1392 tam
882 1351 1019 1407 impii,
1039 1361 1125 1392 tam
1144 1351 1337 1401 audaces,
1360 1359 1447 1390 tam
1469 1350 1698 1393 facinorosi

280 1412 437 1467 recepti
472 1411 583 1452 sint?
624 1424 730 1464 quos
753 1409 942 1450 nondum
965 1408 1094 1448 tantis
1123 1407 1358 1463 parricidiis
1384 1408 1697 1449 contaminatos

231 1477 261 1508 b.
281 1469 350 1509 vix
375 1468 627 1517 ferebamus,
669 1466 746 1506 hos
769 1480 882 1506 nunc
913 1465 1028 1506 omni
1060 1465 1213 1505 scelere
1235 1473 1473 1519 coopertos,
1496 1464 1696 1506 tolerabi-

273 1526 332 1566 ies
359 1539 504 1566 censes
525 1522 691 1564 civitati
715 1522 833 1564 fore?
891 1521 980 1563 Aut
1003 1522 1083 1562 isto
1115 1531 1202 1572 tuo,
1221 1521 1325 1560 mihi
1359 1521 1496 1572 crede,
1517 1521 1696 1562 consilio

272 1583 353 1622 erit
376 1582 594 1631 utendum,
612 1590 658 1620 ut
673 1579 887 1629 cedamus,
907 1580 1122 1627 abeamus,
1141 1579 1268 1619 vitam
1294 1577 1464 1632 inopem
1483 1588 1525 1618 et
1543 1592 1696 1634 vagam

271 1652 589 1694 persequamur,
611 1645 685 1676 aut
705 1636 890 1677 cervices
913 1635 1146 1675 latronibus
1165 1634 1330 1684 dandae,
1353 1635 1537 1688 atquein
1558 1636 1697 1690 patria

272 1695 526 1736 cadendum.
566 1693 651 1735 Ubi
676 1703 788 1743 sunt,
812 1692 863 1733 C.
888 1692 1040 1742 Pansa,
1060 1691 1141 1732 illae
1164 1691 1479 1731 cohortationes
1503 1692 1698 1747 pulcher-

273 1753 393 1793 rimae
418 1761 517 1802 tuae,
534 1750 689 1806 quibus
710 1765 734 1790 a
756 1763 797 1790 te
817 1749 1029 1790 excitatus
1047 1758 1231 1800 senatus,
1254 1748 1539 1788 inflammatus
1561 1763 1698 1805 popu-

274 1808 337 1850 lus
370 1808 605 1849 Romanus.
645 1821 729 1846 non
761 1806 895 1846 solum
928 1806 1106 1855 audivit,
1135 1806 1206 1845 sed
1236 1806 1363 1845 etiam
1394 1805 1560 1855 didicit,
1591 1806 1699 1847 nihil

215 1877 263 1911 16
275 1880 365 1906 esse
385 1864 548 1906 homiui
574 1863 770 1904 Romano
788 1862 946 1904 foedius
965 1862 1193 1903 servitute?
1217 1861 1438 1902 Idcircone
1461 1876 1564 1917 saga
1584 1878 1697 1904 sum-

275 1923 420 1972 simus,
451 1935 567 1962 arma
595 1919 1090 1975 cepimus,juventutem
1121 1933 1293 1959 omnem
1314 1921 1416 1959 28ex
1449 1928 1540 1959 tota
1571 1918 1696 1960 Italia

272 1979 530 2028 excivimus,
555 1986 615 2027 ut,
635 1977 827 2017 exercitu
861 1975 1161 2016 florentissimo
1192 1986 1236 2015 et
1264 1976 1468 2025 maximo,
1490 1975 1619 2032 legati
1641 1976 1694 2019 ad

272 2042 427 2092 pacem
455 2035 752 2075 mitterentur?
794 2033 828 2073 si
853 2031 1165 2088 postulandam,
1187 2032 1290 2086 quid
1313 2032 1537 2074 timemus?
1569 2034 1603 2074 si
1624 2047 1695 2075 ac-

1045 2175 1083 2206 27
1114 2172 1307 2211 averterint]
1334 2174 1397 2203 Ms.
1410 2173 1517 2214 Huyd.
1531 2178 1695 2212 avertant,

1002 2215 1163 2244 usitatius.

1043 2258 1082 2287 <2ss
1097 2267 1136 2286 ex
1153 2260 1219 2286 tota
1233 2256 1336 2286 Italia
1357 2257 1546 2296 excivimus]
1563 2259 1616 2288 Sic
1637 2258 1695 2289 ha-

1003 2298 1079 2327 bent
1094 2307 1205 2327 omnes
1229 2308 1289 2328 scr.
1309 2300 1408 2328 etiam
1424 2300 1530 2330 Guelf.
1549 2300 1593 2330 H.
1610 2310 1693 2340 prae-

1000 2345 1050 2370 ter
1065 2340 1170 2370 Vatic.
1185 2341 1217 2369 in
1231 2351 1294 2379 quo
1308 2347 1356 2370 est
1368 2343 1563 2372 excussimus
1576 2354 1585 2370 .-
1606 2343 1692 2381 quod

1001 2382 1034 2411 in
1057 2381 1118 2411 boc
1141 2382 1211 2411 loco
1235 2392 1302 2411 esse
1324 2382 1423 2412 etiam
1440 2383 1542 2413 tradit
1563 2383 1698 2415 Nonius.

1001 2423 1147 2453 Marcell.
1162 2434 1191 2463 p.
1207 2433 1250 2453 m.
1268 2427 1334 2454 145.
1348 2434 1377 2453 a.
1390 2425 1504 2462 quibus
1517 2427 1695 2457 auctorita.

268 2174 348 2205 Mox
369 2174 474 2206 delevi
493 2184 567 2205 cum
596 2173 680 2210 aliis,
702 2184 741 2203 ex
764 2174 960 2203 auctoritate

266 2217 343 2248 Vat.
365 2226 476 2256 quam,
501 2222 540 2246 ut
563 2216 633 2246 aliis
656 2225 753 2255 supra
778 2215 856 2245 locis
886 2215 960 2244 feci.

264 2267 342 2288 nam
365 2259 399 2288 in
428 2258 488 2288 hac
513 2258 654 2288 formula
681 2267 808 2296 semper
835 2257 958 2286 librarii

264 2300 524 2340 germanizantes
538 2300 672 2335 haesere,
686 2304 718 2329 et
733 2298 812 2338 lapsi
828 2305 916 2328 sunt.

305 2344 347 2373 24
369 2351 559 2381 propagare
589 2340 722 2379 bellum]
747 2342 799 2371 Sic
821 2346 855 2370 et
877 2339 957 2371 Cod.

262 2383 373 2414 Guelf.
403 2383 489 2414 male
510 2383 669 2413 Gruterus
690 2383 829 2413 servavit
845 2392 959 2421 proro-

255 2435 357 2465 gare,
373 2424 458 2464 quod
470 2429 519 2454 est
533 2425 670 2455 differre.
686 2434 716 2455 v.
734 2425 825 2454 Clav.

302 2470 343 2500 95
365 2476 440 2498 cum
451 2467 519 2497 wis
532 2468 634 2497 armis
646 2466 783 2505 venerit]
796 2465 955 2496 Transtu-

260 2508 359 2540 limus
382 2509 446 2539 huc
467 2510 582 2545 armis,
606 2508 690 2547 quod
713 2509 746 2537 in
771 2507 879 2546 vulgg‘.
904 2507 953 2537 ed.

261 2552 357 2582 Grut.
377 2552 443 2581 fere
464 2555 513 2580 est
528 2554 600 2590 post
616 2550 749 2580 venerit.
793 2550 955 2588 Sequutus

258 2603 330 2623 sum
343 2592 422 2624 eod.
437 2593 513 2623 Vat.
529 2598 561 2621 et
575 2602 613 2622 ex
629 2602 666 2621 eo
681 2591 780 2621 ducta
793 2591 953 2630 exempla,

258 2636 312 2664 eui
335 2635 445 2665 Guelf.
473 2634 647 2664 consentit.
683 2633 784 2663 immo
810 2634 855 2663 sic
880 2633 952 2663 edd.

281 2687 307 2707 r.

259 2686 278 2716 p
299 2719 340 2748 26
361 2719 577 2756 posuerimus,
601 2718 651 2747 illi
673 2726 735 2746 non
750 2716 780 2755 ?]
807 2716 868 2746 Alii
892 2726 953 2747 scr.

256 2766 295 2790 ut
315 2760 358 2790 Η.
372 2760 434 2789 Gu.
458 2766 491 2789 et
514 2760 584 2790 edd.
600 2759 721 2789 addunt
739 2759 953 2797 deposuerim,

257 2801 312 2831 ulii
329 2802 508 2841 posuerint.
541 2808 716 2840 utrumque
737 2805 786 2833 est
801 2811 819 2832 a
835 2800 951 2841 glossa.

255 2843 336 2876 tund
351 2844 481 2875 rectius.

997 2465 1083 2495 tibus
1098 2466 1147 2495 vix
1164 2466 1266 2495 resisti
1281 2471 1398 2505 potest,
1413 2467 1473 2495 etsi
1489 2468 1619 2498 verbum
1636 2479 1690 2498 ez·-

997 2507 1073 2543 cire,
1086 2508 1207 2537 excitus
1218 2517 1301 2547 saepe
1313 2507 1351 2537 de
1366 2507 1425 2538 hac
1435 2517 1468 2538 re
1479 2509 1598 2540 dicitur
1607 2511 1693 2550 apud

997 2556 1138 2588 optimus
1153 2550 1333 2588 scriptores.
1378 2550 1417 2579 In
1432 2552 1627 2582 excussimus
1641 2558 1692 2583 ta-

997 2600 1071 2620 nicn
1087 2596 1136 2620 est
1151 2601 1248 2630 prope
1262 2593 1364 2630 major
1377 2592 1434 2627 vis,
1445 2603 1541 2630 quam
1556 2593 1630 2624 huic
1643 2595 1688 2625 rei

997 2633 1167 2662 conveniat
1184 2643 1190 2660 ε
1214 2633 1429 2671 dicunturque
1443 2636 1549 2664 arc-uti
1563 2637 1629 2666 suis
1642 2646 1690 2666 se-

995 2674 1097 2710 dibus,
1107 2675 1159 2712 qui
1173 2684 1230 2713 per
1243 2675 1305 2704 vim
1320 2675 1508 2712 ejiciuntur,
1521 2682 1554 2706 et
1564 2678 1690 2708 sedibus

997 2717 1062 2745 suis
1077 2717 1245 2756 privantur
1261 2728 1270 2753 3
1304 2717 1387 2755 quod
1409 2722 1458 2747 est
1476 2718 1515 2747 ab
1528 2718 1561 2748 h.
1578 2718 1599 2749 l.
1613 2719 1691 2749 alie-

998 2767 1087 2787 num.
1133 2758 1170 2787 ln
1195 2758 1255 2788 hac
1279 2759 1492 2797 ambiguitate
1515 2761 1690 2791 excivimus

998 2799 1139 2871 prlaetuli‚
1162 2804 1199 2831 ut
1220 2799 1348 2831 facilius
1377 2806 1411 2831 et
1432 2801 1577 2842 pluribus
1600 2802 1690 2834 libris

995 2842 1028 2872 t'u
1046 2847 1128 2873 tuin.
