1769 3174
589 161 707 201 PRO
732 161 776 201 P.
804 160 1033 201 SEXTIO.
1451 164 1527 202 983

160 265 272 310 Haec
294 281 376 325 ego
398 280 496 308 cum
519 265 706 308 viderem
728 270 887 322 (neque
916 264 1033 307 enim
1054 271 1175 305 erant
1196 261 1385 315 occulta)
1408 279 1527 306 sena·
1545 259 1613 315 19

101 332 210 377 tum,
241 326 331 366 sine
351 339 437 380 quo
458 324 610 366 civitas
641 333 751 365 stare
781 337 867 364 non
901 330 1058 378 posset,
1079 320 1256 362 omnino
1278 321 1331 362 de
1353 322 1528 363 civitate
1540 332 1591 365 42

101 396 192 422 esse
214 382 453 423 sublatum:
485 380 693 433 consules,
715 381 788 436 qui
819 379 982 436 publici
1004 378 1172 420 consilii
1194 377 1323 418 duces
1346 391 1436 419 esse
1457 379 1531 419 de·

106 439 268 490 berent,
290 438 532 495 perfecisse,
561 447 608 479 ut
638 452 712 494 per
741 438 858 494 ipsos
887 435 1108 492 publicum
1131 434 1357 476 consilium
1389 435 1532 476 fundi-

106 506 174 536 tus
196 496 438 537 tolleretur:
469 509 557 545 θος,
579 495 653 550 qui
684 494 915 550 plurimum
947 501 1134 548 possent,
1155 491 1195 522 63
1210 491 1371 547 opponi
1394 492 1533 532 omni-

107 553 184 593 bus
206 552 503 603 concionibus,
526 551 647 603 falso,
670 551 742 593 sed
765 550 1040 593 formidolose
1072 559 1230 600 tamen,
1254 556 1449 589 auctores
1479 549 1535 590 ad

105 609 340 665 perniciem
376 624 541 650 meam:
579 608 809 650 conciones
842 607 989 649 haberi
1023 605 1217 663 quotidie
1252 615 1403 646 contra
1440 619 1534 657 1ne;

106 680 254 707 vocem
279 681 356 723 pro
377 681 460 717 me,
482 681 532 707 ac
565 681 640 721 pro
662 665 881 721 republica
902 663 1117 705 neminem
1143 663 1338 713 mittere3
1370 662 1537 703 intenta

105 723 230 779 signa
251 722 470 779 legionum
492 723 730 763 existimari
753 722 992 763 cervicibus
1014 735 1063 762 ac
1085 719 1210 761 bonis
1229 719 1393 769 vestris,
1413 718 1536 770 falso,

105 780 179 820 sed
202 781 342 836 putari
365 789 507 821 tamen
525 797 533 821 :
566 779 888 834 conjuratorum
909 777 1057 834 copias
1077 786 1254 827 veteres,
1277 776 1317 807 64
1331 785 1374 816 et
1395 775 1537 816 fusam

106 836 221 878 illam
254 839 323 892 [ac
356 837 617 893 superatam]
643 836 843 878 Catilinae
876 849 1051 876 manum
1084 835 1390 890 importunam,
1421 847 1536 874 novo

106 893 230 946 duce,
266 903 309 935 et
345 894 560 950 insperata
597 893 935 934 commutatione
969 906 1108 933 rerum
1141 905 1233 931 esse
1271 899 1534 931 renovatam.

108 950 220 992 Haec
251 966 350 992 cum
383 951 583 1001 viderem,
605 951 709 1005 quid
739 964 926 1006 agerem,
952 949 1149 1004 judices?
1181 948 1269 989 scio
1291 947 1420 998 enim,
1443 957 1534 989 tum
1547 950 1596 984 43

107 1022 194 1048 non
217 1008 322 1049 mihi
346 1018 533 1050 vestrum
563 1008 768 1058 studium,
791 1007 862 1048 sed
885 1020 1026 1047 meum
1059 1019 1192 1062 prope
1214 1013 1354 1046 vestro
1375 1004 1534 1045 defuis-

108 1079 166 1105 se.
229 1064 544 1106 Contenderem
566 1073 717 1106 contra
739 1064 958 1105 tribunum
990 1063 1127 1119 plebis
1157 1062 1348 1119 privatus
1379 1062 1536 1103 armis?

109 1121 323 1163 Vicissent
357 1123 575 1178 improbos
609 1121 726 1171 boni,
759 1121 890 1162 fortes
928 1121 1110 1162 inertes:
1142 1118 1393 1160 interfectus
1425 1128 1581 1160 essetb.

108 1178 158 1229 is,
180 1179 252 1234 qui
277 1179 356 1220 hac
379 1194 462 1220 una
483 1178 697 1220 medicina
719 1177 808 1219 sola
839 1178 980 1234 potuit
1001 1193 1026 1218 a
1046 1177 1294 1234 reipublicae
1324 1185 1443 1232 peste
1464 1177 1538 1218 de-

107 1236 223 1292 pelli.
284 1236 401 1283 Quid
424 1236 605 1277 deinde?
637 1235 739 1290 quid
762 1235 1038 1291 reliquiarum
1060 1238 1264 1277 restaret?
1294 1234 1397 1288 quid
1419 1233 1540 1275 deni-

109 1307 191 1347 que
222 1303 312 1334 erat
341 1294 535 1343 dubium,
557 1293 659 1350 quin
692 1292 760 1333 ille
793 1293 965 1348 sanguis
999 1291 1269 1342 tribunicius,
1290 1290 1407 1332 nullo
1429 1305 1540 1347 prae-

110 1350 256 1391 sertim
288 1351 461 1406 publico
484 1349 663 1391 consilio
686 1349 900 1406 profusus,
923 1349 1118 1390 consules
1150 1349 1307 1389 ultores
1328 1358 1371 1389 et
1393 1348 1541 1389 defen-

112 1421 226 1447 sores
256 1417 366 1448 esset
399 1407 649 1448 habiturus?
680 1421 777 1447 cum
815 1407 990 1462 quidem
1022 1406 1067 1447 in
1103 1405 1312 1447 concione
1344 1405 1541 1456 dixisset,

113 1473 188 1504 aut
207 1464 313 1505 mihi
336 1464 464 1505 semel
488 1463 765 1520 pereundum,
787 1475 861 1505 aut
890 1464 955 1504 bis
976 1478 1067 1504 esse
1088 1463 1361 1505 vincendum.
1422 1463 1542 1510 Quid

112 1530 203 1561 erat
226 1522 290 1562 bis
316 1522 510 1563 vincere?
542 1520 593 1561 Id
615 1520 826 1577 profecto,
850 1530 910 1573 ut,
931 1535 1028 1562 cum
1051 1520 1344 1562 amentissimo
1367 1520 1542 1561 tribuno

110 1577 249 1633 plebis
281 1593 380 1619 cum
418 1579 715 1628 decertassem,
748 1593 846 1620 cum
879 1578 1141 1629 consulibus,
1174 1578 1411 1632 ceterisque
1447 1577 1540 1632 ejus

111 1634 321 1676 ultoribus
345 1635 607 1677 dimicarem.
668 1635 763 1692 Ego
786 1650 901 1687 vero,
922 1636 962 1667 65
976 1636 1011 1676 si
1033 1634 1139 1676 mihi
1171 1634 1243 1676 uni
1274 1635 1539 1690 pereundum
1551 1636 1602 1670 44

112 1706 196 1732 non
223 1692 386 1744 fuisset,
416 1708 465 1734 ac
495 1693 625 1734 modo
646 1692 898 1748 accipienda
918 1692 1059 1749 plaga,
1080 1691 1188 1732 mihi
1218 1691 1435 1743 sanabilis,
1456 1691 1539 1732 illis

112 1749 348 1801 mortifera,
367 1751 438 1805 qui
463 1765 557 1791 eam
580 1750 907 1806 imposuissent:
939 1748 1068 1791 semel
1089 1750 1226 1805 perire
1247 1758 1405 1801 tamen,
1420 1749 1541 1804 judi-

114 1819 199 1856 ces,
232 1807 489 1858 maluissem,
519 1822 647 1862 quam
681 1807 746 1848 bis
784 1807 968 1848 vincere.
1030 1806 1134 1848 Erat
1165 1806 1280 1847 enim
1310 1806 1381 1847 illa
1409 1805 1543 1847 altera

115 1862 327 1918 ejusmodi
351 1866 587 1916 contentio,
606 1874 653 1906 ut
665 1878 804 1919 neque
826 1864 944 1915 victi,
958 1878 1095 1920 neque
1110 1863 1292 1904 victores
1310 1863 1544 1919 rempubli-

114 1935 210 1961 cam
240 1929 385 1962 tenere
417 1936 651 1978 possemus.
713 1921 846 1974 Quid,
877 1922 911 1962 si
944 1922 987 1962 in
1019 1921 1159 1978 prima
1186 1921 1477 1972 contentione,
1500 1921 1544 1962 vi

114 1977 347 2019 tribunicia
367 1979 521 2032 victus,
544 1979 588 2020 in
618 1979 729 2032 foro,
752 1993 851 2020 cum
881 1978 1028 2020 multis
1060 1978 1184 2020 bonis
1206 1977 1308 2020 viris
1329 1978 1544 2020 concidis-

156 2134 196 2166 63
218 2135 520 2176 oppam—auctores
546 2137 592 2167 ad
610 2135 806 2177 perniciem]

851 2145 914 2175 que
935 2135 1053 2176 probat
1067 2134 1225 2165 Graevius.
1269 2133 1332 2164 Sed
1352 2144 1413 2174 ego
1435 2135 1469 2166 in
1493 2134 1544 2166 his

117 2175 276 2208 Similiter
296 2178 332 2208 in
344 2178 437 2210 Verr.
457 2178 522 2216 ΙΙΙ,
541 2182 592 2213 57.
617 2183 651 2210 et
675 2179 763 2210 alibi.
778 2189 808 2209 v.

850 2187 982 2209 sensum
997 2177 1204 2208 commodum
1228 2185 1295 2206 non
1313 2176 1419 2208 video.
1464 2178 1544 2209 Cor-

118 2218 209 2250 Clav-

156 2261 198 2292 64
222 2264 253 2291 et
275 2260 415 2301 efficsam
436 2263 533 2294 illam
547 2273 587 2294 ac
599 2261 806 2304 superatam]

119 2302 252 2334 Correxi
267 2314 342 2335 cum
358 2305 548 2336 Guilielmio
563 2312 597 2336 et
613 2305 809 2346 Graevioszc-

115 2355 198 2376 sam.
218 2346 338 2377 similes
354 2348 570 2378 correctiones
592 2347 739 2388 pluribus
762 2347 809 2377 lo-

118 2387 164 2417 cis
196 2388 292 2418 factae
326 2394 421 2419 sunt:
454 2401 472 2420 e
507 2390 624 2430 quibus
659 2394 808 2430 apparet,

118 2439 216 2468 quam
243 2430 353 2462 faciles
383 2432 506 2463 librarii
536 2432 577 2462 ad
609 2432 809 2473 peccandum

120 2471 155 2502 in
171 2471 232 2503 hoc
247 2482 364 2512 genere
378 2475 550 2505 verborum
563 2474 698 2505 fuerint.
721 2474 809 2505 Tum

119 2524 159 2544 ac
172 2520 362 2555 superatam
384 2517 570 2547 auctoribus
592 2516 682 2546 libris
700 2526 760 2547 scr.
775 2521 810 2546 et

114 2556 190 2587 edd.
207 2557 379 2588 delendum
397 2565 490 2598 puto,
505 2558 685 2598 inclusique
706 2559 808 2589 uncis,

123 2599 228 2629 oratio
245 2600 283 2629 fit
304 2601 470 2639 aequaiior.
492 2606 682 2631 renovatam
698 2605 747 2631 est
763 2611 811 2631 re-

121 2647 281 2713 ἕτεαῐιιῐιτ,
296 2643 366 2673 scil.
381 2644 421 2674 ad
434 2652 536 2684 spem.
574 2644 626 2673 Sic
640 2648 673 2674 et
689 2643 768 2674 infr.
783 2653 811 2673 c.

164 2726 204 2756 65
225 2727 253 2756 si
279 2727 359 2757 mihi
387 2728 445 2757 uni
472 2727 545 2768 &c.]
579 2727 643 2758 Hic
656 2726 747 2758 locus
769 2727 815 2757 sic

116 2766 246 2806 ‘legitur
279 2779 297 2799 e
326 2769 527 2800 correctione
561 2770 725 2801 Lambini.
760 2770 816 2800 alii

123 2809 220 2839 aliter
253 2811 434 2850 corrigunt,
470 2817 510 2841 ut
543 2813 728 2849 Manutius,
760 2812 815 2850 qui

122 2850 188 2890 legi
203 2851 274 2882 vult
291 2855 398 2892 plaga
413 2854 494 2884 mihi
516 2855 720 2891 insanabilis,
733 2855 814 2893 reip.

122 2893 304 2933 vwrtg‘sk‘ra,
321 2905 420 2935 quam
442 2897 492 2926 im
514 2897 744 2937 imposuissem,
768 2896 814 2926 id-

851 2221 922 2260 rigo
934 2221 1001 2251 sic:
1025 2221 1053 2250 si
1075 2221 1155 2250 mihi
1178 2219 1234 2249 cmi
1255 2220 1459 2258 pereundum
1480 2229 1546 2250 non

839 2262 977 2302 ficisset,
1007 2272 1047 2292 ac
1081 2262 1172 2292 modo
1205 2262 1393 2301 accipienda
1422 2263 1544 2302 plaga,

851 2306 932 2335 mihi
967 2305 1134 2342 sanabilis,
1170 2304 1237 2334 illis
1272 2302 1457 2344 mortg'fera,
1489 2306 1544 2345 qui

851 2357 925 2377 eam
959 2347 1191 2387 imposuissent.
1246 2345 1363 2376 Addidi
1401 2346 1544 2386 primum

851 2399 927 2426 non,
963 2389 1050 2428 quod
1083 2397 1282 2428 consequens
1310 2390 1407 2418 semel
1435 2390 1547 2428 perire

852 2433 1037 2462 maluissem
1066 2431 1151 2462 clare
1180 2430 1355 2461 desiderat:
1381 2431 1472 2461 modo
1496 2436 1548 2461 est

852 2474 886 2504 in
901 2474 951 2505 ed.
965 2474 1119 2509 Juntina,
1134 2484 1152 2504 e
1171 2473 1266 2509 libro,
1281 2478 1320 2502 ut
1336 2473 1465 2513 opinor,
1483 2474 1548 2504 Co-

851 2516 937 2547 lotii.
970 2516 1076 2554 Atque
1092 2516 1139 2546 ita
1153 2515 1264 2546 omnia
1276 2514 1385 2545 facilia
1398 2519 1432 2545 et
1446 2515 1545 2546 clara.

851 2558 967 2598 Itaque
980 2558 1081 2589 etiam
1095 2559 1140 2588 sic
1154 2558 1251 2594 edidi,
1266 2562 1306 2587 ut
1319 2562 1430 2587 tamen
1448 2557 1547 2587 intel—

853 2601 1021 2641 ligeretur,
1037 2600 1124 2639 quod
1145 2599 1321 2639 legeretur,
1337 2608 1410 2628 cum
1425 2604 1459 2628 et
1477 2599 1549 2629 vul·

855 2648 970 2682 gatum
993 2652 1060 2672 non
1083 2643 1126 2673 sit
1146 2646 1256 2672 totum
1275 2652 1293 2671 e
1315 2641 1405 2670 libris
1427 2650 1488 2671 scr.
1513 2646 1548 2671 et

855 2685 962 2716 editis.
1006 2684 1091 2715 Nam
1119 2684 1290 2714 manifeste
1314 2683 1377 2712 hoc
1403 2682 1475 2713 vult
1500 2683 1548 2713 di-

857 2737 950 2758 cere:
975 2727 1000 2757 si
1019 2728 1142 2762 scisset,
1158 2726 1266 2755 vivum
1289 2735 1321 2754 se
1336 2735 1352 2754 e
1369 2724 1549 2756 certamine

858 2769 1087 2804 discessui-uni,
1101 2767 1298 2798 adversarios
1310 2767 1484 2806 perituros,
1497 2775 1550 2798 ta-

858 2820 934 2841 men
961 2821 994 2841 se
1019 2811 1170 2841 maluisse
1195 2810 1299 2850 perire
1324 2808 1423 2838 semel
1449 2819 1548 2848 quam

858 2853 906 2883 bis
921 2853 1065 2885 vincere:
1090 2858 1123 2884 et
1144 2852 1206 2884 hoc
1228 2855 1277 2882 est
1300 2851 1335 2882 in
1348 2852 1548 2883 correctione

859 2902 982 2927 nostra.
