1785 3185
456 115 574 154 PRO
600 115 644 152 T.
671 114 869 152 ANNIO
897 114 1146 152 MILONE.
1421 114 1519 152 1161

85 220 300 262 sententia
328 219 569 262 liberatum.
632 217 798 264 Quodsi
829 216 1056 257 duodecim
1082 217 1238 258 tabulae
1265 220 1559 258 nocturnum9

88 277 240 327 furem,
262 291 436 332 quoquo
470 277 613 326 modo,
643 276 842 316 diurnum
875 284 1033 323 autem,
1066 275 1099 313 si
1132 288 1174 313 se
1207 275 1290 314 telo
1322 274 1524 315 defende-

87 335 158 384 rit,
196 334 377 375 interfici
422 334 598 389 impune
637 332 887 373 voluerunt:
920 331 1015 385 quis
1057 340 1136 379 cst,
1174 331 1262 384 qui,
1302 334 1524 386 10quoquo

88 390 218 431 modo
254 391 349 446 quis
388 390 639 431 interfectus
673 389 742 439 sit,
778 387 1039 444 puniendum
1079 396 1215 443 putet,
1248 402 1347 427 cum
1384 389 1525 429 videat

87 446 317 503 aliquando
349 447 537 503 gladium
571 447 696 488 nobis
718 446 770 487 ad
798 445 1080 487 occidendum
1106 444 1323 484 homiuem
1347 446 1400 484 ab
1426 445 1526 500 ipsis

89 505 250 560 porrigi
285 505 479 561 legibus?
510 504 644 560 Atqui
677 505 709 545 si
743 513 912 559 tempus
942 511 1006 543 est
1040 501 1170 542 ullum
1201 501 1306 556 ‘jure¹
1339 494 1576 542 hominis4

89 563 286 613 necandi,
310 577 406 617 quae
431 562 564 603 multa
586 572 698 612 sunt,
722 571 836 602 certe
858 560 960 601 illud
983 569 1048 600 est
1073 574 1156 599 nori
1190 559 1319 599 modo
1344 558 1530 613 justum,

91 633 239 660 verum
261 620 391 661 etium
417 620 716 668 necessarium,
738 633 837 659 eum
861 618 901 659 vi
925 617 987 657 vis
1011 616 1125 657 illata
1147 615 1406 657 defenditur.
1445 614 1532 655 Pu-

93 676 286 717 dicitiam
311 692 409 718 curn
433 677 615 733 eriperet
640 676 764 717 militi
801 679 832 705 ¹¹
853 675 1049 719 tribunus
1072 673 1306 727 [militaris]
1344 673 1388 713 iu
1411 686 1534 713 exer-

94 736 183 774 citu
218 734 269 774 C.
295 734 442 785 Marii,
467 735 730 790 propinquus
762 732 854 788 ejus
887 731 1172 788 imperatoris,
1195 729 1446 772 interfectus
1479 730 1534 770 ab

95 805 146 831 eo
168 801 247 841 est,
266 793 334 832 cui
356 792 443 834 vim
465 791 684 832 afferebat.
709 789 848 830 facere
870 790 985 830 euim
1009 789 1167 844 probus
1191 787 1437 829 adolescens
1461 801 1536 842 pe-

97 848 294 899 riculose,
316 863 445 904 quam
470 849 633 904 perpeti
658 848 838 903 turpiter
858 847 1024 888 maluit.
1074 845 1219 900 Atque
1240 845 1356 886 huuc
1378 845 1447 885 ille
1471 845 1536 885 vir

98 919 302 957 summus,
343 905 498 946 scelere
539 906 740 956 solutum,
779 903 967 961 periculo
1009 902 1222 944 liberavit.
1285 902 1531 943 Insidiator}

99 977 199 1003 vero
221 973 264 1004 et
285 963 439 1004 latroni
463 978 558 1018 quae
585 972 727 1019 potest
754 961 951 1003 12inferri
975 961 1136 1017 injusta
1167 961 1280 1001 nex?
1313 960 1429 1006 Quid
1462 974 1535 1001 eo·
1551 966 1598 1000 10

96 1020 274 1061 initatus
302 1021 452 1070 nostri,
474 1021 577 1075 quid
611 1020 741 1076 gladii
766 1019 945 1061 volunt?
976 1034 1083 1073 quos
1115 1018 1273 1059 habere
1303 1025 1418 1059 certe
1449 1031 1536 1059 non

97 1075 258 1128 liceret,
279 1077 312 1118 si
336 1077 398 1118 uti
422 1077 503 1118 illis
529 1077 644 1118 nullo
677 1087 804 1133 paeto
835 1077 996 1117 liceret.
1058 1074 1135 1116 Est
1167 1076 1300 1131 igitur
1330 1075 1440 1126 haec,
1465 1074 1539 1130 ju-

98 1134 229 1185 dices,
252 1149 335 1175 non
366 1135 540 1191 scripta,
564 1136 636 1176 sed
668 1144 768 1175 nata
798 1133 893 1175 lex:
925 1147 1054 1189 quam
1085 1147 1172 1173 nou
1204 1132 1448 1182 didicimus,
1471 1147 1542 1173 ae-

100 1192 308 1248 cepimus,
341 1192 538 1248 legimus,
566 1207 711 1233 verum
742 1206 795 1232 ex
828 1201 980 1232 natura
1010 1190 1104 1246 ipsa
1134 1190 1405 1245 arripuimuS,
1438 1189 1543 1230 hau-

95 1250 249 1298 simus,
278 1250 590 1305 expressimus:
624 1250 674 1291 ad
699 1263 826 1305 quam
850 1263 937 1289 non
958 1248 1091 1299 docti,
1116 1248 1186 1288 sed
1220 1247 1338 1298 faeti,
1362 1262 1448 1288 non
1479 1248 1543 1288 in-

101 1307 260 1358 stituti,
284 1308 355 1348 sed
379 1308 534 1348 imbuti
558 1322 728 1348 sumus:
762 1315 823 1357 ut,
847 1306 880 1346 si
906 1306 992 1347 vita
1015 1315 1160 1345 nostra
1181 1305 1224 1345 in
1248 1306 1410 1360 aliquas
1441 1306 1544 1346 insi-

104 1364 211 1415 dias,
248 1364 280 1404 si
319 1365 361 1405 in
397 1364 499 1415 vim,
534 1365 567 1405 si
602 1365 646 1404 in
685 1363 769 1405 teia
797 1373 870 1404 aut
904 1363 1134 1413 latronum,
1164 1371 1239 1403 aut
1269 1362 1545 1403 inimicorum

105 1421 341 1472 incidisset,
375 1422 514 1462 omnis
554 1422 735 1462 honesta
767 1421 876 1461 ratio
912 1429 1022 1461 esset
1059 1420 1341 1475 expediendae
1381 1419 1544 1462 salutis.

108 1478 243 1519 Silent
266 1479 380 1520 enim
402 1479 517 1535 leges
540 1479 650 1520 inter
671 1493 801 1529 arma,
825 1492 903 1519 nec
923 1493 966 1518 se
987 1477 1227 1533 exspectari
1248 1477 1423 1532 jubent,
1445 1493 1542 1519 cum
1557 1484 1588 1515 b.

105 1536 160 1586 ei,
183 1537 255 1591 qui
279 1545 531 1591 exspectare
554 1537 670 1588 velit,
693 1546 791 1576 ante
813 1536 974 1591 injusta
995 1549 1128 1590 poena
1151 1535 1305 1575 luenda
1327 1535 1395 1587 sit,
1415 1550 1543 1589 quam

99 1592 222 1648 justa
242 1594 486 1649 repetenda.
529 1592 619 1634 Etsi
645 1594 950 1649 persapienter,
972 1603 1015 1633 et
1036 1592 1221 1647 quodam
1247 1593 1376 1633 modo
1401 1594 1543 1643 tacite,
1560 1601 1603 1634 ll

107 1650 181 1691 dat
204 1650 295 1706 ipsa
317 1650 385 1691 lex
410 1660 668 1706 potestatem
690 1651 973 1692 defendendi:
1010 1653 1046 1682 13
1060 1664 1156 1704 quae
1189 1664 1275 1690 non
1308 1651 1436 1690 modo
1468 1650 1546 1690 ho-

100 1707 267 1748 minem
294 1708 450 1759 occidi,
474 1708 545 1749 sed
577 1723 667 1749 esse
698 1723 796 1749 cum
828 1708 913 1749 telo
944 1707 1131 1749 hominis
1163 1707 1387 1748 occidendi
1421 1722 1550 1749 causa

108 1774 256 1806 vetat:
291 1775 353 1816 ut,
378 1780 476 1806 eum
510 1780 652 1815 causa,
680 1781 764 1807 non
803 1766 934 1806 telum
967 1774 1243 1820 quaereretur,
1272 1765 1345 1819 qui
1380 1765 1443 1805 sui
1477 1765 1550 1806 de-

110 1821 312 1863 fendendi
335 1837 463 1863 causa
485 1824 568 1864 telo
591 1834 701 1864 esset
724 1838 838 1874 usus,
859 1838 943 1863 nou
967 1821 1154 1863 hominis
1177 1823 1402 1863 occidendi
1424 1837 1554 1863 eausa

97 1878 312 1920 habuisse
351 1880 482 1920 telum
516 1880 800 1935 judicaretur.

864 1881 1141 1936 Quapropter
1181 1879 1262 1920 hoc
1301 1890 1473 1920 maneat
1510 1881 1555 1922 in

111 1951 254 1988 eausa,
270 1937 455 1993 judiceS.
478 1952 565 1978 non
591 1938 706 1978 enim
728 1938 897 1990 dubito,
920 1937 1024 1994 quin
1048 1937 1305 1992 probaturus
1329 1937 1409 1977 siin
1433 1938 1555 1979 vobis

113 2062 194 2091 viuS.
240 2060 356 2100 ltaque
378 2062 516 2101 putabat
539 2061 714 2092 lectionem
731 2072 811 2101 quo-

114 2103 254 2142 rundam
279 2103 438 2134 librorum
460 2114 520 2134 ser.
545 2110 578 2134 et
601 2104 672 2134 edd.
697 2111 735 2134 ut
758 2105 811 2135 w.

119 2149 208 2177 1480.
233 2147 380 2176 humana
406 2155 473 2176 esse
502 2147 748 2186 praeferendam.
775 2146 814 2176 de

113 2186 267 2219 humanis
289 2189 461 2219 sententiis
479 2190 550 2227 jam
577 2193 654 2219 ante
677 2189 814 2219 dixerat.

115 2231 229 2261 divina
243 2236 292 2261 est
306 2231 342 2260 in
355 2231 426 2261 edd.
442 2232 481 2261 R.
497 2231 552 2261 ΒΓ.
569 2231 657 2261 Med.
674 2233 733 2261 ἃς,

162 2276 198 2304 10
220 2284 251 2313 q.
275 2284 318 2304 m.
341 2283 370 2313 q.
394 2272 585 2314 interfectus
605 2275 659 2310 sit,
677 2273 817 2313 pum'en-

118 2315 197 2347 dum
211 2316 320 2356 putet]
348 2316 537 2356 Suspicatus
564 2325 636 2346 sum
664 2316 818 2346 excidisse

117 2357 154 2387 id
165 2362 242 2388 ante
251 2359 469 2398 puniendum,
485 2358 677 2398 absorptum
694 2358 734 2389 ab
748 2367 818 2389 ver-

118 2399 159 2429 bo
173 2401 389 2441 praecedente.

140 2446 142 2450 '
166 2444 200 2472 ll
225 2444 300 2473 trib.
317 2442 486 2482 militaris]
512 2442 581 2473 Cur
595 2442 751 2473 militaris
764 2441 819 2472 ad-

122 2483 235 2515 ditur?
261 2495 334 2515 eum
359 2489 436 2515 ante
460 2487 502 2515 sit
519 2486 629 2522 militi,
643 2490 676 2515 et
699 2490 771 2525 post
786 2486 822 2515 ἰἠ

125 2528 278 2558 eaeercz'tu.
324 2527 385 2557 Est
399 2527 506 2567 glossa
520 2528 704 2558 manifesta.

170 2572 207 2599 12
235 2568 355 2609 qffbrrz'
383 2569 508 2610 injusta
534 2570 640 2609 πρωΐ]
669 2569 822 2600 Meliores

125 2609 205 2641 Mss.
220 2610 349 2651 inferri.
364 2612 409 2642 sic
424 2618 457 2642 et
472 2611 522 2642 ed.
536 2611 577 2642 R.
594 2612 680 2652 quod
694 2614 824 2641 secutus

125 2661 199 2682 sum
213 2663 287 2683 cum
303 2653 443 2684 Gra-vio.

175 2697 210 2724 13
232 2705 302 2734 quoe
322 2705 385 2726 non
404 2696 495 2726 modo
515 2697 546 2726 h.
563 2696 661 2725 occidi
682 2696 758 2735 &e.]
786 2695 825 2726 ln

129 2735 191 2766 hoc
213 2736 286 2766 loco
311 2737 524 2777 intelligendo
548 2738 669 2768 hoesere
684 2738 744 2768 viri
769 2738 826 2767 do-

130 2778 280 2815 ctissimi,
296 2779 381 2810 unde
403 2787 438 2810 et
460 2779 542 2810 illud
556 2790 619 2810 non
633 2781 724 2810 modo
741 2781 827 2810 varie

129 2823 314 2852 tentarunt.
331 2821 380 2852 vel
396 2822 588 2863 corrigendo
603 2822 654 2854 vel
665 2821 830 2863 explican-

855 2061 906 2091 do.
950 2061 1072 2092 Verum
1089 2071 1220 2092 sensum
1238 2061 1352 2092 vidisse
1368 2062 1432 2092 vidi
1448 2062 1558 2094 Olive-

855 2109 941 2139 tum,
958 2104 1012 2142 qui
1036 2105 1080 2134 sic
1103 2105 1218 2135 seriem
1242 2105 1479 2135 sententiarum
1504 2116 1558 2136 ex·

856 2146 978 2185 plicat:
1004 2145 1077 2176 Dat
1094 2148 1144 2177 lem
1158 2147 1228 2186 ipsa
1251 2148 1348 2176 tacite
1364 2151 1558 2186 potestatem

858 2188 1030 2224 occidendi.
1047 2189 1125 2219 Non
1136 2190 1222 2219 euim
1235 2190 1267 2220 in
1278 2199 1316 2219 ea
1328 2193 1460 2220 tantum
1471 2191 1560 2220 modo

859 2236 908 2260 est
923 2235 1034 2270 caput,
1050 2232 1136 2269 quod
1159 2231 1325 2262 homiuem
1347 2233 1444 2263 occide·
1458 2237 1560 2270 vetat,

859 2273 914 2302 sed
939 2278 973 2302 et
998 2272 1153 2310 alterum,
1174 2274 1260 2313 quod
1281 2284 1346 2304 esse
1368 2280 1459 2306 vetat
1487 2285 1562 2306 cam

860 2316 921 2345 {elo
954 2316 1092 2346 hominis
1123 2317 1285 2346 occidendi
1320 2326 1431 2348 ecclesa.
1477 2318 1562 2348 Cum

861 2367 938 2396 ergo
961 2357 999 2387 de
1018 2358 1104 2388 caede
1128 2360 1298 2398 quaeritur,
1322 2369 1389 2389 non
1413 2364 1561 2396 tantum,

862 2409 904 2430 an
926 2399 1031 2430 telum
1055 2399 1219 2438 habuerit,
1237 2402 1407 2441 quaeritur,
1423 2402 1478 2432 sed
1499 2412 1563 2441 qua

862 2441 901 2471 de
937 2451 1034 2472 causa
1064 2443 1226 2474 habuerit.
1271 2445 1302 2474 Si
1331 2444 1447 2474 habuit
1478 2445 1562 2474 oeci-

863 2483 959 2514 dendi
984 2494 1093 2522 eausa,
1116 2485 1195 2516 fecit
1219 2491 1335 2517 eontra
1360 2486 1488 2525 legem:
1512 2487 1563 2516 siu

863 2526 968 2557 telum
985 2527 1114 2563 habuit,
1131 2534 1190 2558 aut
1208 2529 1373 2559 interfecit
1389 2538 1499 2567 quem,
1514 2529 1565 2558 sui

865 2568 1057 2609 defendendi
1073 2579 1185 2606 causa,
1202 2580 1267 2600 nou
1284 2570 1363 2601 fecit
1382 2575 1498 2600 eontra
1520 2570 1565 2600 le-

866 2621 952 2651 gem.
998 2612 1059 2642 Est
1073 2617 1184 2642 autem
1202 2613 1323 2651 aliquid
1341 2612 1567 2651 ambiguitatis

867 2655 901 2684 in
916 2654 978 2683 hoc
991 2665 999 2684 ι
1016 2655 1177 2694 qui—telo
1189 2660 1266 2684 esset
1284 2665 1378 2684 usus:
1395 2654 1480 2692 quod
1494 2660 1568 2695 pot-

867 2701 918 2726 est
939 2705 1020 2732 esse,
1037 2697 1155 2727 habere
1176 2697 1295 2733 telum,
1311 2702 1344 2726 et
1359 2696 1427 2726 telo
1443 2697 1569 2727 interfi-

868 2748 952 2768 cere.
997 2738 1061 2769 Hie
1076 2738 1204 2778 quidem
1222 2740 1382 2779 posterior
1395 2748 1507 2769 sensus
1522 2739 1569 2769 lo-

871 2790 946 2811 cum
963 2780 1074 2812 habet.
