1769 3174
540 147 658 192 PRO
694 153 738 190 P.
779 144 1010 190 SEXTIO.
1421 157 1498 196 973

1 275 4 278 ’
44 258 165 316 gium
204 265 447 315 exponere:
494 258 537 299 in
574 271 661 313 quo
699 255 960 312 colligendo,
1003 269 1051 295 ac
1090 255 1321 298 reficienda
1362 257 1497 299 salute

43 317 279 366 communi,
302 316 449 357 omnia
467 316 734 371 reperientur
767 313 818 353 P.
842 312 980 353 Sextii
1014 313 1144 362 dicta,
1168 312 1295 362 tacta,
1318 315 1497 355 consilia

11 420 14 424 ¹
43 382 224 414 versata.
287 373 444 414 Fuerat
476 373 545 413 ille
574 385 711 412 annus
743 370 786 410 in
819 369 1069 425 reipublicae
1105 383 1260 424 magno
1295 382 1429 421 motu,
1453 368 1541 422 et?

9 426 13 434 “
41 430 278 471 multorum
312 431 480 479 timore,
510 439 730 483 tamquam
775 427 966 467 intentus
1000 440 1122 466 arcus
1164 426 1206 466 in
1247 441 1314 467 me
1349 442 1496 479 unum,

45 487 158 528 sicut
189 487 319 544 vulgo
351 487 490 542 ignari
528 500 671 526 rerum
704 484 1016 538 loquebantur;
1049 497 1093 523 re
1124 483 1296 537 quidem
1330 499 1427 524 vera
1454 486 1497 525 in

45 544 287 584 universam
321 543 646 599 rempublicam,
678 541 951 582 traductione
973 539 1034 593 ω]
1072 539 1240 595 plebem
1275 541 1497 582 furibundi

43 599 232 641 hominis
266 616 316 642 ac
352 600 524 656 perditi,
552 599 658 640 mihi
693 599 807 648 irati,
840 598 912 638 sed
944 599 984 628 <25
1000 598 1135 638 multo
1169 599 1309 638 acrius
1342 598 1420 638 otii
1455 608 1499 639 et

43 658 286 699 communis
318 657 466 698 salutis
498 656 678 698 inimici.
742 654 874 696 Hunc
903 655 967 695 vir
987 654 1262 707 clarissimus,
1289 655 1498 710 mihique,

41 713 188 755 multis
230 715 590 771 repugnantibus,
621 712 922 762 amicissimus,
967 711 1049 752 Cn.
1087 712 1335 767 Pompeius,
1378 713 1498 753 omni

43 772 258 824 cautione,
293 772 472 823 foedere,
504 769 801 812 exsecratione
840 769 1108 821 devinxerat,
1139 769 1244 809 nibil
1283 769 1326 810 in
1363 770 1499 810 tribu-

3 823 20 841 *
42 840 146 869 natu
169 840 320 870 contra
338 843 406 869 me
429 843 520 869 esse
538 828 769 869 facturum.
828 825 889 867 At
912 825 981 866 ille
998 826 1201 876 nefarius,
1224 841 1275 866 ex
1301 828 1498 868 omnium

43 885 249 926 scelerum
284 885 526 927 colluvione
559 895 698 936 natus,
722 898 873 940 parum
906 897 949 923 se
980 883 1125 924 foedus
1149 884 1408 924 violaturum
1432 895 1497 925 est

3 959 7 962 ·
43 942 288 995 arbitratus,
322 943 402 984 nisi
434 943 575 999 ipsum
606 952 825 983 cautorem
858 940 984 981 alieni
1016 940 1194 995 periculi
1223 942 1362 981 26suis
1394 956 1493 997 pro-

75 999 145 1040 riis
171 1000 369 1056 periculis
403 1000 637 1041 terruisseta
701 998 829 1039 Hanc
861 1007 1031 1038 taetram
1064 998 1381 1053 immanemque
1405 999 1553 1040 bel-16

42 1013 172 1107 fuam,
195 1057 385 1098 vinctam
416 1057 634 1113 auspiciis,
657 1055 877 1111 alligatam
908 1068 1027 1095 more
1057 1055 1287 1110 majorum,
1310 1057 1493 1097 constri-

43 1124 158 1156 ctam
199 1113 345 1171 legum
385 1124 647 1155 sacratarum
683 1113 862 1163 catenis,
895 1116 933 1146 27
951 1111 1079 1152 solvit
1121 1112 1264 1153 subito
1308 1112 1492 1168 [legum]

43 1170 208 1222 consul,
241 1171 323 1222 vel,
354 1181 402 1212 ut
431 1185 514 1227 ego
545 1171 744 1220 arbitror,
766 1178 984 1220 exoratuS,
1017 1168 1098 1219 vel,
1116 1172 1214 1210 28ut
1243 1185 1329 1210 non
1366 1185 1494 1212 nemo

43 1237 182 1286 putat,
205 1228 311 1269 mihi
344 1229 492 1280 iratus,
515 1229 690 1285 ignarus
712 1227 887 1282 quidem
917 1237 1032 1267 certe
1063 1236 1107 1267 et
1138 1227 1386 1283 imprudens
1416 1228 1496 1269 im-

42 1284 322 1343 pendentium
363 1295 582 1327 tantorum
613 1285 818 1326 scelerum
850 1299 900 1324 ac
930 1283 1155 1325 malorum.
1185 1285 1259 1339 qni
1297 1285 1495 1327 tribunus

19 1342 178 1400 ,plebis
217 1342 322 1383 felix
360 1343 405 1384 in
436 1343 667 1384 evertenda
696 1341 917 1397 republica
947 1341 1030 1382 fuit
1061 1341 1185 1382 nullis
1218 1342 1304 1383 suis
1336 1344 1493 1385 nervis.

22 1399 115 1456 ,qui
145 1399 262 1440 enim
303 1400 345 1441 in
379 1399 594 1455 ejusmodi
634 1400 722 1441 vita
751 1399 870 1439 nervi
902 1413 993 1439 esse
1022 1408 1257 1454 potuerunt
1289 1399 1493 1452 hominis,

43 1455 292 1498 29fmternis
324 1458 516 1513 flagitiis,
539 1456 712 1497 sororiis
743 1456 916 1511 stupris,
939 1457 1057 1496 omni
1090 1456 1284 1497 inaudita
1313 1456 1493 1499 libidine

42 1512 243 1556 infamis?
276 1514 359 1556 Sed
382 1515 467 1555 fuit
487 1514 684 1571 profecto
706 1514 904 1569 quaedam
938 1513 1009 1554 illa
1041 1513 1289 1569 reipublicae
1318 1513 1493 1557 fortuna
1509 1538 1555 1576 17

45 1569 199 1622 fatalis,
224 1580 272 1611 ut
293 1571 363 1612 ille
384 1587 525 1613 caecus
547 1581 675 1626 atque
697 1585 843 1612 amens
875 1571 1072 1612 tribunus
1104 1570 1242 1626 plebis
1273 1573 1526 1619 nancisce-i,

0 1630 1 1634 ’
42 1637 172 1680 retur,
194 1627 298 1683 quid
319 1628 461 1670 dicam
483 1629 707 1670 consules?
738 1628 920 1669 hoccine
951 1637 999 1668 ut
1016 1642 1098 1684 ego
1121 1627 1332 1684 appellem
1356 1631 1496 1671 nomi-

44 1698 98 1727 ne
129 1699 344 1726 eversores
381 1686 512 1742 hujus
545 1685 742 1742 imperii?
780 1686 1021 1741 prodito-res
1057 1695 1208 1726 vestrae
1241 1686 1496 1741 dignitatis?

43 1740 188 1784 hostes
210 1743 424 1784 bonorum
447 1743 669 1785 omnium?
700 1742 774 1798 qui
807 1743 859 1784 ad
893 1743 1122 1783 delendum
1153 1752 1363 1794 senatum,
1387 1745 1498 1786 affli-

30 1799 230 1864 gendum
252 1811 494 1856 equestrem
517 1801 726 1851 ordinem,
749 1800 1066 1856 exstinguenda
1089 1800 1349 1856 omniajura
1367 1812 1497 1857 atque

31 1857 241 1902 instituta
261 1857 491 1913 majorum,
506 1872 549 1898 se
563 1858 644 1899 illis
661 1858 850 1898 fascibus
863 1858 1101 1912 ceterisque
1123 1858 1366 1913 insignibus
1382 1874 1497 1901 sum-

35 1913 104 1966 ·mi
124 1913 301 1955 honoris
322 1924 451 1970 atque
474 1915 644 1970 imperii
675 1923 850 1956 ornatos
880 1929 972 1955 esse
993 1915 1340 1956 arbitrabantur?
1373 1918 1496 1963 Quo-

31 1983 153 2023 ,1um,
176 1985 252 2027 per
281 1971 383 2013 deos
414 1972 693 2025 immortales,
713 1974 755 2004 30
768 1972 803 2014 si
830 1972 1024 2014 nondum
1052 1972 1210 2014 scelera
1236 1972 1495 2030 vulneraque

44 2081 150 2125 glossa
175 2084 317 2122 videtur,
335 2089 379 2128 'et
401 2086 538 2117 omnim
560 2086 671 2118 durius
693 2091 743 2117 est
786 2079 921 2117 Interea
935 2087 1029 2117 uncis
1046 2086 1175 2117 inclusi.

43 2128 218 2166 superioris
229 2129 322 2164 anni,
337 2129 418 2168 reip.
435 2138 468 2158 n.
829 2131 869 2160 2²8
892 2133 929 2159 uc
949 2139 1042 2159 nemo
1059 2128 1213 2169 putaret]
1239 2130 1383 2162 Restitui
1413 2142 1490 2171 non,

34 2183 41 2190 ·
85 2169 128 2199 25>
148 2171 250 2200 multo
275 2171 386 2200 acrius
410 2170 666 2210 otii—inimici]
708 2171 741 2201 Si
786 2170 872 2210 quod
899 2172 933 2201 in
962 2172 1161 2202 Gruteriana
1182 2183 1291 2203 errore
1314 2184 1490 2214 operarum

38 2211 153 2250 *amus
168 2221 280 2242 verum
295 2218 357 2249 est,
375 2218 448 2253 post
470 2222 538 2243 esse
560 2214 676 2244 debere
694 2215 741 2244 vi·
783 2213 1010 2249 excidit‚male
1021 2214 1140 2244 secutis
1151 2216 1395 2254 posterioribus,
1407 2228 1489 2257 prae-

45 2249 138 2283 detur
159 2255 221 2284 otio
241 2258 273 2284 et
293 2254 395 2285 saluti
417 2257 600 2285 communi:
625 2261 663 2285 ut
677 2257 740 2286 ini·
783 2259 836 2285 ter
850 2255 1029 2285 Graevium.
1059 2256 1121 2286 Sed
1136 2261 1170 2286 et
1179 2262 1318 2296 putaret
1333 2259 1487 2291 vitiosum

45 2294 121 2324 mici
140 2295 184 2326 sit
205 2295 415 2336 adjectivum.
436 2307 512 2327 nam
535 2298 742 2328 substantive
783 2302 843 2327 est.
890 2297 1055 2337 Loquitur
1069 2298 1106 2328 de
1123 2305 1212 2329 certo
1228 2300 1374 2338 homine,
1390 2296 1488 2341 quem

45 2332 166 2367 dietum
180 2347 246 2368 non
268 2338 333 2368 fert
347 2339 536 2369 adverbium
553 2341 678 2371 acrius.
695 2341 744 2370 ni·
788 2340 959 2370 nominare
988 2349 1056 2370 non
1082 2340 1160 2370 vult.
1206 2341 1322 2381 Itaque
1345 2345 1488 2375 scriben-

45 2376 74 2407 ti
87 2378 156 2416 quis
169 2379 276 2416 malit,
290 2381 347 2410 sed
360 2383 462 2412 multo
476 2383 595 2420 magis.
787 2380 864 2411 dnm
884 2383 1038 2420 putabat,
1066 2383 1117 2413 vel
1138 2388 1239 2423 putat
1262 2386 1385 2424 potius,
1401 2388 1490 2425 quod

87 2420 127 2450 26
147 2422 378 2463 misproprz'z's]
405 2424 458 2454 An
473 2423 616 2455 alterum
633 2425 744 2456 delen-
787 2424 962 2464 respondet
984 2425 1102 2462 verbis,
1121 2431 1159 2456 ut
1183 2435 1240 2465 ego
1264 2429 1419 2460 arbitror.
1443 2430 1490 2461 Et

49 2458 148 2492 dum?
571 2502 574 2506 Ι
786 2467 832 2496 sic
846 2466 943 2496 edidi.

86 2505 125 2537 27
138 2506 230 2536 solvit
244 2516 269 2536 s.
283 2507 393 2545 legum
407 2505 533 2547 cm‘z'sul]
559 2508 642 2539 Edd.
657 2511 744 2548 quae'-
830 2511 870 2542 29
880 2507 1054 2548 „ti-aternis
1068 2509 1226 2550 flagitiis]
1252 2511 1289 2546 P.
1314 2510 1487 2544 Manutius

47 2542 120 2576 dm
143 2547 266 2578 addunt
282 2559 375 2579 cura.
418 2550 593 2581 Turnebus
608 2552 743 2591 corrigit
787 2549 922 2591 injurias
943 2552 977 2580 in
993 2552 1110 2582 fratres
1126 2552 1294 2592 inteiligit.
1339 2555 1402 2584 Sed
1418 2566 1488 2586 ver·

45 2586 115 2626 lege
132 2590 275 2627 curiata,
292 2591 379 2630 quod
401 2591 582 2623 Lambinus
605 2595 742 2633 recepit.
786 2593 1020 2633 bnrnflagz'tiis
1029 2595 1140 2634 potius
1149 2596 1288 2625 obscena
1302 2597 1486 2636 intelligere

49 2628 143 2659 male.
153 2639 223 2679 pon
238 2631 310 2672 lege
324 2633 452 2664 curiata
466 2635 576 2671 solvit,
589 2635 645 2665 sed
657 2636 741 2673 aliis,
779 2635 888 2674 jubet.
934 2636 1014 2666 Mox
1029 2646 1088 2676 pro
1104 2638 1239 2676 infirmis
1255 2638 1386 2676 quidam
1410 2639 1486 2670 libri

48 2677 192 2710 Sacratis,
207 2683 287 2713 quas
310 2680 387 2706 ante
409 2677 528 2707 diserte
544 2678 741 2714 nominavit,
785 2686 847 2708 scr.
863 2683 897 2708 et
912 2677 964 2708 ed.
980 2678 1100 2708 instrui.
1119 2679 1205 2717 qnod
1227 2680 1373 2709 Graevius
1399 2691 1486 2711 rece-

47 2711 103 2742 Sed
117 2723 184 2744 non
197 2715 284 2746 solis.
328 2717 417 2757 Ergo
435 2720 546 2757 legum
561 2730 579 2748 e
593 2721 741 2760 proxime
784 2719 845 2758 pit.
882 2718 1027 2759 Ifgt'amis
1039 2721 1170 2759 quidem
1187 2721 1303 2752 melius
1318 2725 1485 2754 consentit

46 2756 300 2803 precedentibus
316 2764 441 2790 temere
463 2762 641 2800 repetitum
669 2767 738 2792 est:
773 2761 849 2802 flag
857 2763 924 2792 itiis
935 2768 967 2793 et
983 2764 1116 2801 stupris.

46 2794 141 2843 Bolvrt
165 2808 240 2829 eum
270 2801 423 2831 omnibus
451 2803 533 2839 istis,
562 2813 637 2842 quae
662 2810 740 2834 ante
826 2805 909 2834 &Osi
924 2804 1067 2834 nondum
1081 2806 1154 2835 scel.
1168 2805 1381 2845 vulneraque]
1395 2807 1484 2837 Scri-

46 2835 183 2885 Quaerat,
199 2842 363 2882 auspiciis,
387 2852 477 2875 more
500 2846 678 2884 majorum,
694 2846 741 2875 le·
783 2844 928 2875 bendum
944 2852 994 2876 est
1010 2850 1089 2877 non:
1112 2848 1256 2878 nondum
1279 2853 1329 2879 est
1352 2858 1489 2889 prorsus*

47 2879 138 2919 gibus
153 2885 298 2914 sacratis.
328 2884 443 2924 Itaque
455 2886 630 2918 delendum
646 2892 739 2928 pute.
784 2887 942 2919 alienum.

101 2942 277 2978 Volnu.
303 2950 414 2979 P.11.
702 2946 727 2982 :3
751 2953 770 2981 s
