1817 3169
321 119 420 153 1150
912 113 1159 151 ORATIO

318 232 344 258 a
368 216 680 272 Dyrrhachinis
702 217 758 258 ob
781 230 928 258 necem
959 217 1143 273 hospitis
1175 218 1237 258 tui
1273 216 1470 266 Platoris,
1491 214 1583 270 ejus
1619 215 1751 271 ipsius

319 275 495 315 domum
519 275 722 325 evertisti,
747 275 870 329 cujus
902 276 1154 330 sanguinem
1185 275 1425 324 addixeras,
1447 287 1644 327 eumque,
1667 285 1753 312 ser-

320 331 385 372 vis
422 332 741 387 symphoniacis
774 342 816 372 et
853 331 945 372 aliis
982 332 1229 372 muneribus
1268 332 1472 386 acceptis,
1510 330 1750 378 timentem,

321 388 590 444 multumque
619 388 890 429 dubitantem
921 388 1199 438 confirmasti,
1222 398 1265 429 et
1288 387 1636 428 Thessalonicam
1668 385 1752 425 fide

324 455 398 486 tua
420 446 562 486 venire
574 445 757 500 jussisti.
779 460 907 499 quem
930 460 983 485 ne
1005 445 1215 500 majorum
1238 445 1410 500 quidem
1443 458 1560 484 more
1592 441 1755 498 suppli-

323 503 392 543 cio
415 502 612 552 affecisti,
634 517 730 542 cum
761 503 889 542 miser
920 501 987 542 ille
1019 502 1238 542 securibus
1269 501 1450 556 hospitis
1481 501 1544 541 sui
1566 500 1754 540 cervices

326 559 538 614 subjicere
569 559 770 613 gestiret:
803 559 875 598 sed
905 559 943 597 ei
982 558 1164 608 medico,
1195 572 1322 613 quem
1358 568 1498 598 tecum
1530 557 1756 604 eduxeras,

264 611 560 672 34imperasti,
582 611 630 656 ut
661 629 788 655 venas
819 614 1006 654 hominis
1039 615 1272 656 incideret:
1304 618 1454 654 43cu1n
1478 614 1650 668 quidem
1675 612 1755 652 tibi

325 674 455 714 etiam
485 675 672 714 accessio
696 672 778 712 suit
812 672 864 712 ad
895 686 1043 711 necem
1079 671 1276 721 Platoris,
1311 670 1534 712 Pleuratus
1563 671 1655 725 ejus
1683 683 1758 710 co-

323 745 439 780 1nes;
481 744 608 784 quem
652 729 813 769 necasti
854 729 1117 780 verberibus,
1155 743 1321 769 summa
1355 736 1572 769 senectute
1610 725 1757 767 confe-

325 798 459 828 ctum.
522 786 727 840 Idemque
765 794 811 825 tu
850 785 1166 836 Rabocentum,
1202 785 1386 826 Bessicae
1426 784 1566 840 gentis
1600 783 1760 838 princi-

324 859 440 901 pem,
460 847 501 874 44
514 858 612 884 cum
637 852 677 883 te
701 842 900 883 trecentis
924 842 1092 883 talentis
1126 843 1214 898 regi
1239 842 1372 883 Cotto
1395 841 1672 890 vendidisses,
1694 853 1758 879 se-

326 902 416 942 curi
451 899 721 956 percussisti:
753 914 850 940 cum
884 898 952 939 ille
982 900 1035 941 ad
1068 910 1108 940 te
1140 900 1304 955 legatus
1333 900 1373 939 in
1397 907 1536 940 castra
1559 897 1760 946 venisset,

326 967 370 1001 et
401 958 478 998 tibi
513 971 669 1011 magna
702 956 902 1011 praesidia
926 965 969 996 et
1002 956 1164 997 auxilia
1194 972 1219 997 a
1252 956 1392 997 Bessis
1425 955 1619 1012 peditum
1641 953 1762 1008 equi-

327 1026 506 1069 tumque
538 1013 825 1069 polliceretur.
857 1027 995 1068 neque
1025 1028 1123 1054 eum
1157 1014 1308 1063 solum,
1343 1014 1414 1054 sed
1446 1013 1575 1054 etiam
1597 1019 1762 1052 ceteros

327 1073 507 1127 legatos,
530 1071 600 1125 qui
634 1069 759 1110 simul
792 1080 1029 1121 venerant3
1060 1085 1242 1126 quorum
1273 1071 1464 1111 omnium
1498 1069 1641 1126 capita
1669 1068 1761 1123 regi

329 1129 463 1170 Cotto
487 1127 731 1168 vendidisti.
794 1127 1051 1178 Denseletis,
1081 1142 1177 1182 quae
1212 1128 1328 1168 natio
1361 1142 1526 1183 semper
1558 1125 1763 1167 obediens

328 1186 429 1226 huic
453 1185 647 1240 imperi0‚
674 1185 804 1225 etiam
837 1185 880 1224 in
902 1184 973 1225 illa
994 1185 1188 1225 omnium
1220 1186 1498 1226 barbarorum
1520 1182 1763 1224 defectione

329 1242 633 1292 Elaeedoniczn
667 1241 718 1282 C.
753 1241 948 1282 Sentium
981 1251 1226 1298 praetorem‚
1264 1251 1402 1283 tutata
1439 1251 1518 1291 est,
1552 1239 1766 1281 nefarium

330 1300 489 1340 bellum
520 1309 563 1339 et
593 1299 764 1339 crudele
795 1298 1003 1339 intulisti:
1036 1299 1182 1354 eisque
1215 1314 1311 1340 cum
1348 1298 1602 1339 fidelissimis
1637 1295 1765 1337 sociis

329 1357 393 1397 uti
418 1370 577 1412 posses,
603 1355 798 1397 hostibus
819 1356 880 1397 uti
904 1356 1121 1397 acerrimis
1140 1356 1342 1397 maluisti.
1367 1356 1425 1396 ita
1443 1364 1671 1411 perpetuos
1692 1353 1766 1394 de-

330 1413 519 1454 fensores
553 1413 844 1464 Macedoniae,
868 1422 1091 1455 vexatores
1123 1428 1172 1454 ae
1203 1413 1435 1469 perditores
1467 1412 1662 1453 effecisti.
1694 1425 1767 1452 ve-

330 1470 508 1526 ctigalia
558 1479 705 1511 nostra
750 1471 1068 1526 perturbarunt,
1112 1471 1235 1511 urbes
1285 1478 1506 1526 ceperunt,
1546 1477 1768 1511 vastarunt

335 1543 477 1583 agros,
514 1527 652 1568 socios
690 1537 856 1568 nostros
892 1527 935 1568 in
971 1528 1220 1569 servitutem
1263 1528 1550 1579 abduxerunt,
1584 1525 1767 1568 familias

336 1585 630 1640 abripuerunt,
666 1599 791 1640 pecus
823 1585 1084 1640 abegerunt3
1114 1584 1529 1634 Thessalonicenses,
1560 1600 1658 1627 cum
1691 1598 1770 1638 op-

253 1641 324 1692 35
341 1643 440 1697 pido
471 1642 780 1697 desperassent,
812 1643 978 1682 munire
1010 1656 1150 1683 arcem
1187 1642 1437 1697 COEgerunt.
1497 1643 1536 1684 A
1571 1652 1612 1683 te
1645 1642 1770 1685 Jovis

275 1715 325 1748 35
344 1699 433 1741 Urii
470 1699 618 1739 fanum
659 1699 1006 1754 antiquissimum
1045 1700 1323 1740 barbarorum
1365 1700 1770 1754 sanctissimumque

227 1775 256 1805 p.
273 1757 552 1812 98.direptu1n
575 1764 652 1796 est.
675 1759 715 1786 45
732 1765 803 1796 tua
820 1756 976 1798 scelera
995 1756 1053 1797 dii
1074 1756 1334 1797 immortales
1357 1756 1398 1796 in
1424 1767 1591 1797 nostros
1613 1757 1770 1797 milites

294 1817 322 1837 ἃ·
337 1815 647 1869 expiaverunt:
680 1814 873 1868 quicum
904 1828 989 1854 uno
1012 1827 1168 1869 genere
1198 1814 1337 1854 morbi
1370 1814 1676 1870 affligerentur,
1698 1827 1773 1853 ne-

338 1885 422 1926 que
446 1885 488 1911 se
512 1885 700 1911 recreare
723 1870 945 1926 quisquam
971 1881 1128 1926 posset,
1152 1871 1224 1927 qui
1257 1871 1384 1911 semel
1417 1871 1662 1921 incidisset3
1693 1871 1772 1911 du-

338 1928 508 1969 bitabat
531 1942 671 1977 nemo,
693 1928 795 1982 quin
821 1927 964 1968 violati
990 1928 1195 1985 hospites,
1220 1927 1349 1983 legati
1371 1930 1524 1979 necati,
1547 1927 1686 1984 pacati
1709 1937 1774 1968 at-

336 2000 419 2040 que
453 1985 558 2026 socii
590 1982 754 2025 nefario
777 1984 888 2025 bello
920 1984 1118 2035 lacessiti,
1142 1985 1242 2025 fana
1264 1995 1432 2036 vexata,
1466 1986 1576 2026 hanc
1609 1993 1773 2025 tantam
1816 1988 1817 2022 ἶ

338 2042 558 2084 efficerent
581 2042 840 2082 vastitatem.
902 2041 1143 2097 Cognoscis
1174 2057 1227 2082 ex
1260 2042 1470 2097 particula
1491 2057 1622 2099 parva
1643 2042 1773 2084 scele-
1814 2038 1817 2081 J

340 2114 435 2139 rum
458 2108 500 2139 et
522 2099 784 2139 crudelitatis
809 2109 893 2139 tuae
917 2111 1051 2154 genus
1075 2099 1334 2140 universum.
1813 2095 1817 2109 ³

279 2164 329 2198 86
401 2156 518 2202 Quid
560 2156 767 2206 avaritiae,
798 2171 894 2210 quae
933 2156 1184 2197 criminibus
1223 2156 1404 2197 infinitis
1437 2157 1657 2212 impliCata
1694 2167 1773 2210 est,
1812 2169 1814 2210 g

343 2227 552 2253 summam
574 2228 689 2254 nunc
711 2213 952 2269 explicem?
985 2213 1235 2254 Generatim
1259 2228 1321 2264 ea,
1341 2228 1437 2269 quae
1460 2215 1649 2256 maxime
1671 2224 1774 2257 nota
1808 2251 1811 2265 „

342 2279 455 2320 sunt,
478 2270 633 2310 dicam.
696 2270 853 2310 Nonne
887 2271 1128 2311 sestertium
1159 2271 1318 2311 centies
1347 2279 1391 2310 et
1412 2272 1620 2327 octogies,
1642 2274 1774 2327 quod,
1810 2284 1811 2291 ¹

342 2327 463 2381 quasi
496 2327 648 2367 vasarii
679 2327 867 2378 nomine,
898 2327 941 2368 in
972 2327 1218 2368 venditione
1247 2328 1330 2368 mei
1353 2328 1506 2383 capitis
1537 2330 1775 2386 adscripse-
1806 2338 1809 2365 ἒ

380 2442 421 2469 43
445 2449 518 2469 cnm
541 2439 684 2478 quidem]
711 2440 761 2469 Sic
785 2439 855 2470 edd.
872 2441 925 2470 W.
946 2442 1035 2471 1480.
1080 2451 1146 2471 non
1171 2442 1264 2478 bene,
1279 2445 1346 2472 tam
1367 2451 1468 2482 prope
1490 2447 1564 2483 post
1578 2443 1664 2475 idem
1678 2449 1727 2482 tu,
1743 2448 1780 2476 et

337 2481 432 2511 Junt.
457 2487 554 2512 reete.
582 2482 655 2512 aliie
679 2482 718 2511 R.
743 2482 830 2512 Mod.
856 2492 930 2512 cum
954 2484 1039 2522 equi·
1080 2484 1148 2513 sine
1163 2493 1247 2513 enm.
1804 2497 1805 2502 ¹

338 2525 407 2554 (lem
421 2537 430 2556 ;
456 2524 541 2563 quod
566 2525 727 2554 revocavit
745 2524 917 2561 Gruterus,
942 2524 1038 2556 male.
1123 2527 1163 2554 45
1192 2530 1251 2555 ίιια
1277 2527 1670 2567 scelera—eapiaverunt]
1708 2530 1780 2559 Pri·
1801 2527 1804 2557 l

339 2577 370 2596 v.
402 2565 494 2596 (lav.
535 2567 567 2596 in
598 2567 753 2605 equidem.
812 2566 911 2596 Aldus
938 2568 1038 2607 empit
1081 2576 1172 2596 mum
1201 2568 1354 2598 excidisse
1384 2569 1512 2599 videtur
1548 2570 1581 2600 in
1619 2566 1803 2611 principio-³

337 2609 431 2639 edere
460 2613 531 2638 tum
560 2609 701 2648 quidem,
731 2608 815 2647 quod
845 2609 901 2639 alii
934 2610 1036 2639 secuti
1080 2618 1161 2648 qtae,
1186 2609 1235 2638 vel
1260 2612 1336 2647 lure,
1357 2610 1408 2640 vel
1429 2612 1474 2641 sic
1500 2621 1558 2652 pro
1585 2617 1644 2643 tua
1669 2613 1801 2653 legen-¹

338 2658 428 2680 sunt.
1081 2652 1170 2681 dum.
1215 2651 1315 2688 Tum,
1333 2663 1405 2692 quae
1427 2654 1534 2684 fornia
1557 2647 1709 2693 loquendi
1724 2666 1780 2686 ex-
1797 2668 1801 2684 s

381 2695 421 2722 44
436 2702 509 2722 cum
525 2697 556 2722 te
572 2693 663 2732 [rest]
685 2694 737 2723 Sic
751 2691 823 2722 edd.
838 2702 886 2732 pr.
903 2693 987 2732 quod
1004 2698 1038 2724 et
1078 2694 1172 2732 piare
1181 2694 1347 2732 aliquidin
1358 2696 1525 2734 aliquem?
1540 2696 1688 2728 Fortasse
1699 2698 1778 2728 suit:
1798 2700 1800 2708 '

338 2746 355 2763 e
371 2734 450 2763 Mss.
468 2734 550 2764 Pall.
569 2736 714 2765 restituit
730 2736 900 2764 Gruterus.
924 2736 1037 2766 eadem
1080 2745 1150 2774 qua?
1163 2738 1296 2773 scelera,
1313 2738 1358 2766 dii
1373 2739 1596 2769 immortales!
1610 2740 1644 2769 in
1657 2744 1781 2772 nostros

339 2778 463 2816 phrasis
497 2782 545 2806 ost
581 2777 620 2807 de
652 2778 731 2807 Har.
762 2777 858 2816 Resp.
889 2779 940 2809 2⁶2.
976 2777 1038 2808 hoc
1081 2779 1200 2808 milites
1215 2780 1449 2817 arpetz'eerzmt.
1467 2790 1543 2811 nam
1558 2781 1592 2810 in
1606 2781 1668 2812 hoc
1682 2782 1781 2812 verbo
1794 2775 1797 2815 J

339 2827 445 2848 sensu.
492 2820 633 2848 faiPrnus
659 2820 757 2859 (erepit
776 2818 869 2850 edere
891 2829 965 2850 cum
988 2825 1036 2856 tu,
1080 2826 1113 2849 et
1146 2822 1178 2850 in
1203 2819 1264 2850 hac
1286 2821 1393 2854 forma
1417 2831 1544 2864 semper
1567 2823 1633 2855 fere
1658 2822 1796 2856 librariil

340 2862 425 2901 quod
453 2860 632 2892 Lambinus
660 2862 778 2902 aliique
806 2862 909 2894 secuti
939 2867 1035 2894 sunt:
1080 2863 1270 2896 turbarunt.
