1769 3174
619 136 734 174 PRO
763 137 806 175 P.
834 137 1060 176 SEXTIO.
1453 141 1552 176 1009

122 240 232 283 Illuc
252 249 464 283 revertor·
495 249 647 282 contra
663 254 732 281 me
753 255 851 282 cum
885 241 939 281 sit
970 251 1127 292 actum,
1148 250 1276 297 capta
1295 241 1400 283 urbe
1421 249 1549 296 atque
1563 245 1634 281 112

120 313 340 362 oppressa,
372 298 575 349 Gellium,
604 297 873 349 Firmidium,
900 297 1080 349 Titium,
1109 298 1300 353 ejusdem
1334 299 1448 339 modi
1482 299 1550 339 fu-

121 369 220 406 rias,
244 356 323 397 illis
347 355 616 397 mercenariis
637 355 842 411 gregibus
859 354 988 396 duces
1009 364 1052 396 et
1073 365 1267 396 auctores
1289 356 1430 405 fuisse,
1448 370 1547 396 cum

120 412 213 469 ipse
235 412 342 454 lator
365 412 469 454 nihil
491 413 545 453 ab
570 412 720 453 horum
745 412 1024 468 turpitudine,
1040 412 1231 463 audacia,
1254 412 1449 452 sordibus
1472 413 1547 452 ab·

118 468 324 510 horreret.
384 469 457 519 At,
479 484 576 511 curn
609 469 661 510 de
692 469 903 525 dignitate
938 483 1031 510 mea
1061 469 1290 518 ferebatur,
1316 482 1439 509 nemo
1463 470 1544 510 sibi

116 540 197 568 nec
220 526 465 568 valitudinis
496 526 834 578 excusationem,
866 540 944 567 nec
976 527 1222 575 senectutis,
1253 525 1354 566 satis
1378 528 1543 580 justam

116 585 312 640 putavit:
342 599 468 625 nemo
492 584 683 639 fuit,q1i
706 598 749 623 se
771 599 855 624 non
880 583 1186 648 rempublicam
1217 596 1383 624 mecum
1416 582 1541 623 simul

114 655 314 682 revocare
337 641 380 682 in
402 656 496 682 suas
519 641 638 682 sedes
659 642 948 684 arbitrnaretui
1010 640 1058 680 V
1052 641 1239 681 ideamus
1270 654 1384 680 nunc
1406 640 1540 679 comi·
1552 632 1622 681 53

116 698 175 739 tia
207 699 551 763 magistratuum.
612 697 712 738 Fuit
743 697 973 754 collegium
1010 712 1146 753 nuper
1174 696 1467 747 tribunicium,
1496 696 1626 739 inll3

112 769 198 810 quo
231 767 313 796 tres
347 757 538 807 minime,
562 755 835 796 vehementer
865 755 949 796 duo
977 755 1201 810 populares
1232 755 1541 795 existimaban-

112 821 196 854 tur.
258 811 324 854 Ex
350 812 428 864 his,
451 814 523 868 qui
557 812 781 869 populares
811 827 897 853 non
922 812 1203 861 habebantur,
1225 812 1412 866 quibus'
1403 825 1444 851 in
1469 810 1541 851 illo

111 883 266 926 genere
305 871 614 911 conductarum
647 870 906 910 concionum
936 869 1196 910 consistendi
1231 878 1420 924 potestas
1455 882 1539 909 non

109 936 214 978 erat,
236 927 322 968 duo
344 942 368 968 a
390 927 550 984 populo
575 927 774 968 Romano
797 937 1000 983 praetores
1031 927 1154 968 video
1176 940 1267 966 esse
1289 924 1451 966 factos:
1482 936 1540 977 et,

108 993 318 1039 quantum
352 985 618 1026 sermonibus
659 984 774 1041 vulgi
806 994 848 1025 et
882 984 1095 1040 suffragiis
1135 983 1371 1039 intelligere
1401 983 1539 1038 potui,

107 1055 196 1096 prae
231 1056 275 1082 se
305 1042 498 1106 populus
520 1019 757 1083 Romanus
773 1041 951 1093 ferebat,
984 1042 1065 1083 sibi
1098 1041 1215 1082 illum
1246 1042 1289 1081 in
1317 1040 1535 1080 tribunatu

108 1097 191 1139 Cn.
217 1097 401 1140 Domitii
433 1100 623 1140 animum
654 1109 924 1141 constantem
954 1109 996 1139 et
1028 1099 1265 1154 egregium,
1290 1107 1331 1138 et
1366 1097 1423 1142 Q.
1446 1095 1536 1137 An·
1549 1103 1578 1134 b.

106 1154 241 1196 charii
273 1155 401 1197 fidem
437 1172 486 1198 ac
519 1156 832 1207 fortitudinem,
865 1155 1031 1197 etiamsi
1068 1155 1176 1196 nihil
1213 1169 1339 1211 agere
1372 1153 1536 1210 potuis-

104 1223 213 1264 sent,
238 1225 378 1255 tamen
403 1214 653 1255 voluntate
644 1229 736 1278 ipsa
757 1224 927 1270 gratum
950 1213 1095 1254 fuisse.
1155 1190 1265 1254 Jam
1277 1212 1328 1252 de
1351 1211 1402 1253 C.
1425 1211 1535 1252 Fan-

101 1269 176 1311 nio
207 1285 304 1326 quae
338 1271 393 1311 sit
425 1272 704 1335 existimatio,
736 1271 954 1312 videmus.
986 1270 1101 1334 quod
1133 1269 1348 1325 judicium
1385 1269 1533 1325 populi

102 1325 326 1369 Romani
317 1342 360 1368 in
383 1327 618 1369 honoribus
639 1329 732 1384 ejus
754 1327 945 1369 futurum
969 1328 1038 1378 sit,
1059 1326 1218 1368 nemini
1240 1326 1418 1367 dubium
1442 1340 1532 1366 esse

101 1383 244 1426 debet.
305 1385 450 1431 Quid?
482 1385 707 1442 populares
739 1385 797 1426 illi
827 1386 911 1426 duo
943 1385 1044 1440 quid
1076 1386 1283 1441 egerunt?
1314 1383 1434 1433 alter,
1456 1384 1618 1438 quill4

102 1450 247 1482 tamen
275 1457 318 1483 se
340 1443 624 1494 continuerat,
648 1443 801 1484 tuleiat
824 1441 953 1484 nihil.
986 1451 1173 1482 senserat
1195 1450 1363 1482 tautum
1392 1440 1446 1481 de
1466 1455 1530 1481 re-

99 1499 275 1562 publica
296 1499 424 1550 aliud,
448 1510 576 1555 atque
599 1475 793 1542 liomiues
815 1500 1140 1556 exspectabant,
1164 1499 1227 1539 xir
1248 1508 1292 1539 et
1315 1499 1466 1547 bonus,
1487 1508 1531 1539 et

99 1556 321 1608 innocens,
343 1567 386 1597 et
410 1558 531 1598 bonis
557 1557 655 1599 viris
689 1572 854 1613 semper
886 1557 1117 1613 probatus:
1149 1555 1264 1611 quod
1297 1569 1443 1611 parurn
1469 1556 1531 1596 xi-

98 1613 255 1654 delicet
275 1614 518 1655 intellexit'
509 1630 552 1655 in
576 1615 812 1666 tribunatu,
836 1614 939 1669 quid
964 1628 1062 1654 v·e10
1084 1613 1257 1677 popu-'lo
1266 1613 1531 1668 {ar-obaietur,

97 1679 141 1710 et
172 1671 287 1726 quod
321 1670 438 1712 illum
471 1685 561 1713 esse
597 1671 805 1728 populum
840 1671 1102 1721 Romanum,
1137 1685 1211 1725 qui
1249 1670 1291 1710 iu
1323 1684 1532 1711 coneione

95 1737 200 1778 erat,
223 1728 526 1780 arbitrabatur,
548 1744 634 1770 non
658 1729 798 1769 tenuit
819 1743 915 1769 eum
941 1728 1099 1778 locum,
1118 1728 1160 1768 in
1183 1741 1326 1782 quem,
1349 1727 1429 1767 uisi
1454 1741 1531 1782 po-

95 1785 256 1848 pularis
277 1800 368 1826 esse
390 1786 608 1837 voluisset,
631 1786 833 1827 facillime
856 1785 1133 1842 pervenisset.
1166 1784 1286 1834 alter,
1308 1785 1380 1838 qui
1404 1784 1464 1824 ita
1486 1799 1529 1825 se

95 1855 140 1882 m
162 1842 357 1898 populari
384 1844 549 1884 1ati0ne
573 1844 777 1899 jactatat,
799 1853 848 1884 ut
877 1843 1083 1899 auspicia,
1107 1841 1242 1898 legem
1268 1841 1441 1891 AEliam‚
1465 1855 1529 1882 se-

93 1909 220 1940 natus
242 1900 558 1952 auctoritatem,
578 1901 812 1952 consulem,
834 1899 1035 1965 collegaS,
1060 1901 1269 1940 bonorum
1278 1898 1527 1962 ..judic-ium,

94 1958 134 1990 ⁵7
147 1956 255 1997 nihil
286 1967 471 2022 putalet,
504 1958 754 1999 aedilitatem
790 1958 944 2022 petivit
966 1972 1063 1998 eum
1099 1956 1222 1997 bonis
1247 1955 1362 2005 viris,
1385 1966 1427 1996 et
1451 1955 1528 1996 ho-

91 2013 282 2054 minibus
316 2015 478 2070 primis,
501 2015 574 2056 sed
605 2030 691 2056 non
724 2014 1089 2071 praestantissimis
1112 2014 1266 2068 opibus
1289 2023 1333 2054 et
1362 2012 1525 2068 gratia:

94 2070 255 2111 tribum
277 2086 395 2116 suam
426 2086 512 2112 non
537 2072 674 2114 tulit*
694 2072 933 2113 Palatinam
958 2071 1156 2126 denique,
1190 2084 1263 2126 per
1284 2084 1412 2125 quam
1434 2084 1527 2110 om-

91 2141 165 2168 nes
180 2127 271 2168 illae
295 2138 435 2184 pestes
458 2143 614 2170 nexare
640 2130 861 2192 populum
872 2129 1117 2170 Romanum
1140 2127 1408 2178 dicebantur,
1433 2141 1526 2183 per-

90 2185 226 2226 didit:
260 2199 337 2226 nec
371 2186 607 2241 quidquam
640 2186 720 2227 illis
752 2186 955 2250 comitiis,
977 2185 1092 2240 quod
1125 2184 1226 2225 boni
1253 2184 1330 2225 viri
1356 2184 1524 2236 vellent,

88 2241 171 2282 nisi
194 2242 420 2306 repulsam,
443 2244 554 2284 tulit.
615 2243 652 2283 V
657 2243 782 2284 idetis
818 2243 966 2299 igitur,
989 2241 1226 2306 populum
1217 2255 1372 2296 ipsum,
1395 2251 1442 2282 ut
1465 2241 1526 2282 ita

68 2298 245 2355 dicam,
268 2314 363 2355 Jam
395 2315 479 2341 non
513 2315 603 2341 esse
637 2300 912 2356 popularem:
945 2314 1017 2355 qui
1047 2300 1107 2340 ita
1137 2299 1411 2339 Vehementer
1434 2312 1522 2348 eos,

88 2356 162 2411 qui
186 2356 411 2413 populares
442 2357 671 2408 habentur,
693 2369 890 2413 respuat·
923 2372 994 2398 eos
1025 2366 1183 2407 autem,
1205 2356 1278 2412 qui
1301 2356 1338 2396 ei
1374 2356 1521 2412 generi

87 2413 379 2465 adversantur,
403 2414 564 2456 honore
586 2415 864 2472 dignissimos
881 2414 1065 2470 judicet.

142 2470 376 2512 Veniamus
407 2472 459 2512 ad
491 2472 627 2513 ludos.
690 2472 813 2513 Facit
842 2473 971 2521 enim,
997 2471 1183 2527 judiceS,
1206 2479 1344 2511 vester
1373 2469 1417 2510 in
1451 2471 1602 2522 me54

84 2527 326 2569 animorum
356 2529 663 2584 oculorumque
684 2529 922 2584 conjectus,
945 2540 992 2569 ut
1024 2527 1128 2568 milii
1155 2542 1250 2583 Jam
1280 2527 1407 2568 licere
1440 2541 1606 2589 PU·115

85 2593 172 2625 tem
194 2586 435 2626 remissiore
458 2587 519 2627 uti
543 2601 698 2642 genere
720 2586 905 2628 dicendi.
968 2584 1257 2627 Comitiorum
1280 2593 1323 2624 et
1345 2597 1519 2624 concio-

61 2689 64 2691 ,
87 2654 191 2683 uum
215 2643 569 2699 significationes,
594 2644 806 2684 interdum
830 2658 941 2684 verae
974 2652 1087 2692 sunt,
1110 2654 1433 2695 nonnumquam
1457 2640 1520 2680 vi-

86 2698 205 2741 tiatae
237 2711 367 2756 atque
397 2713 637 2756 corruptae:
672 2700 898 2742 theatrales
931 2698 1261 2757 gladiatoriique
1283 2711 1520 2748 consessus,

359 2832 395 2862 57
420 2831 505 2860 nihil
513 2830 664 2870 putaret]
689 2830 924 2862 Hotomannus
938 2829 1131 2870 conjiciebat
1146 2827 1251 2858 nihili.

743 2878 768 2914 3
792 2887 819 2914 u
846 2878 870 2914 3
