1785 3185
492 115 838 156 PHILIPPICA
865 117 1107 157 DECIMA.
1422 127 1522 167 1877

375 304 446 352 Μ.
489 303 761 352 TULLII
800 303 1230 352 CICERONIS
1527 313 1559 344 b.

752 414 798 438 IN

178 497 276 564 M.
380 494 1426 564 ANTONIUM

342 616 847 671 PHILIPPICA
890 617 1258 673 DECIMA.

243 716 467 782 ‘'ORATlo
491 743 740 781 SECUNDA
767 743 836 781 ET
862 744 1325 785 QUJNQUAGEfflMA.

588 943 992 984 ARGUMENTUM.

74 1016 167 1064 Agit
192 1016 334 1064 gratias
363 1013 503 1053 Pansae,
524 1014 611 1061 quia
640 1014 771 1049 litteris
800 1013 854 1050 M.
875 1014 985 1051 Bruti
1012 1019 1170 1065 acceptis
1196 1023 1361 1056 senatum
1387 1024 1514 1059 statim

123 1069 274 1104 vocavit.
331 1066 502 1108 Queritur
528 1077 607 1101 cum
639 1065 784 1107 Caleno,
805 1068 901 1114 quod
928 1072 1120 1116 utrumque
1149 1070 1305 1107 Brutum
1323 1084 1422 1121 aeque
1442 1086 1513 1110 non

119 1120 275 1168 probare
300 1119 477 1158 videatur,
509 1120 571 1165 qui
601 1118 858 1165 rempublicam
895 1119 1115 1168 clefendant;
1146 1125 1347 1160 Antonium
1377 1130 1509 1167 autem,

121 1173 186 1219 qai
204 1175 395 1219 oppugnet,
414 1169 541 1217 probet
568 1170 663 1205 idem
688 1170 745 1205 rel
773 1172 952 1207 maxime.-
985 1172 1246 1210 Commemorat
1275 1188 1328 1219 eu,
1350 1189 1428 1224 quoe
1457 1178 1511 1215 M.

122 1223 259 1260 Brutus
286 1225 325 1258 in
350 1223 492 1258 Graecia
516 1225 700 1269 gesserat;
729 1226 763 1256 et
791 1223 835 1258 ab
863 1235 902 1257 eo
929 1223 1024 1259 nihil
1052 1227 1309 1270 turbulentum,
1328 1229 1422 1265 nihil
1439 1242 1511 1266 non

119 1275 211 1311 utile
228 1275 435 1323 reipublicae
451 1275 646 1310 timendum
664 1285 737 1309 esse
753 1275 953 1323 confirmat.
1001 1275 1151 1320 Suadet,
1172 1283 1225 1320 ut,
1246 1291 1325 1327 quae
1343 1281 1397 1317 M.
1412 1281 1510 1317 Bru-

119 1331 176 1363 tus
194 1329 308 1374 egerit
323 1328 469 1374 privato
487 1326 648 1368 consilio,
663 1326 812 1373 publica
830 1329 1062 1371 auctoritate,
1082 1334 1123 1365 ut
1146 1332 1241 1366 idem
1259 1333 1292 1367 ei
1311 1333 1506 1376 tribuatur,

117 1380 215 1427 quod
233 1378 284 1416 D.
301 1379 417 1414 Bruto
435 1382 471 1413 et
491 1378 528 1415 C.
551 1377 694 1417 Caesari,
715 1379 997 1426 comprobentur.
1057 1381 1182 1418 Censet
1199 1385 1321 1426 etiam,
1343 1384 1386 1425 Q.
1406 1385 1505 1421 Hor-

117 1432 244 1472 tensio,
264 1430 488 1466 Macedoniae
500 1430 723 1478 proconsuli,
743 1432 806 1478 qui
824 1430 981 1467 Brutum
1009 1433 1046 1467 in
1072 1437 1318 1482 comparando
1347 1439 1506 1474 exercitu

115 1481 315 1529 adjuverat,
336 1483 618 1532 cousin-mandam
636 1494 707 1518 esse
723 1484 920 1530 provinciae
938 1485 1303 1530 administrationem,
1323 1491 1444 1536 quoad
1471 1492 1504 1527 ei

114 1547 157 1571 ex
175 1534 272 1571 SCto
288 1546 485 1571 successum
503 1539 602 1572 esset.

63 1618 394 1684 NIAXIMAS
437 1635 531 1686 tibi,
575 1634 730 1686 Pansa,
769 1635 944 1690 gratiaS,
987 1651 1135 1679 omnes
1176 1647 1220 1680 et
1260 1639 1419 1682 habere
1455 1639 1541 1684 etl

60 1708 188 1751 agere
208 1694 411 1734 debemus
430 1709 439 1734 :
471 1692 560 1747 qui,
583 1707 680 1733 cum
705 1692 912 1733 hodierno
934 1693 1004 1734 die
1026 1705 1220 1736 senatum
1254 1706 1295 1737 te
1327 1697 1498 1740 habitu·
1514 1709 1532 1742 l

57 1765 154 1793 rum
182 1765 270 1792 non
300 1750 628 1801 arbitraremur;
663 1758 709 1789 ut
740 1748 807 1790 M.
832 1749 972 1801 Bruti,
1001 1753 1342 1806 praestantissimi
1376 1756 1499 1807 civis,

57 1808 220 1850 litteras
261 1807 481 1863 accepisti,
525 1820 578 1846 ne
619 1806 843 1846 minimam
883 1807 1058 1861 quidem
1099 1823 1265 1850 moram
1309 1811 1500 1868 interpo-

57 1864 195 1916 suisti,
235 1864 340 1920 quin
381 1878 507 1919 quam
551 1863 737 1918 primum
787 1864 979 1904 maximo
1024 1866 1185 1921 gaudio
1227 1876 1270 1908 et
1311 1870 1500 1923 gratula-

55 1922 174 1963 tione
205 1920 454 1962 frueremur.
514 1919 628 1961 Cum
659 1919 823 1961 factum
854 1928 976 1961 tuum
1007 1931 1177 1977 gratum
1201 1925 1403 1966 omnibus
1425 1927 1500 1968 de-

53 1979 130 2020 bet
167 1992 272 2029 esse,
305 1986 397 2018 tum
431 1991 533 2018 vero
571 1977 724 2027 oratio,
746 1992 845 2032 qua,
878 1977 1068 2019 recitatis
1101 1980 1269 2032 litteris,
1304 1996 1402 2023 usus
1435 1998 1495 2025 es.

52 2035 278 2077 declarasti
312 2035 442 2085 enim,
474 2048 622 2075 verum
654 2047 746 2074 esse
782 2034 839 2084 id,
872 2035 987 2089 quod
1020 2050 1104 2091 ego
1139 2040 1333 2093 lsemper
1366 2041 1494 2091 sensi,

49 2093 267 2134 neminem
293 2091 479 2142 alterius,
501 2091 575 2146 qui
598 2105 686 2132 suae
706 2090 957 2141 confideret,
980 2092 1129 2134 virtuti
1153 2094 1358 2136 invidere.
1404 2095 1528 2138 Ita-2

51 2164 135 2205 que
155 2149 278 2201 mihi,
298 2149 371 2204 qui
393 2148 588 2205 plurimis
618 2147 774 2189 officiis
806 2162 899 2188 sum
929 2162 1029 2188 cum
1061 2149 1213 2201 Bruto,
1235 2162 1279 2192 et
1302 2154 1494 2195 maxima

51 2206 343 2249 familiaritate
373 2205 647 2261 conjunctus,
669 2204 811 2245 minus
841 2204 977 2245 multa
1004 2205 1057 2246 de
1079 2206 1151 2247 illo
1174 2207 1356 2251 dicenda
1377 2221 1491 2253 sunt.

46 2279 152 2323 quas
173 2263 289 2309 enim
310 2262 418 2307 mihi
439 2263 530 2318 ipse
555 2271 694 2318 partes
716 2276 964 2313 sumseram,
985 2276 1056 2303 eas
1081 2264 1323 2321 2p1aecepit
1352 2268 1491 2309 oratio

48 2329 138 2365 tua.
169 2321 254 2362 Sed
276 2320 398 2372 mihi,
421 2328 560 2376 patres
583 2319 834 2374 conscripti,
857 2320 1153 2362 necessitatem
1177 2322 1325 2364 attulit
1346 2325 1490 2380 paullo

46 2377 170 2434 plura
200 2377 387 2429 dicendi,
418 2375 632 2417 sententia
662 2375 770 2431 ejuS,
799 2376 873 2432 qui
901 2388 1075 2432 rogatus
1108 2387 1173 2419 est
1206 2389 1306 2421 ante
1340 2395 1432 2424 me:
1466 2397 1491 2423 a

46 2449 133 2490 quo
153 2435 216 2476 ita
245 2449 360 2491 saepe
390 2433 612 2483 dissentio,
633 2441 683 2473 ut
705 2432 799 2487 jam
823 2447 981 2484 verear,
1004 2449 1071 2486 ne,
1094 2435 1137 2476 id
1161 2437 1279 2491 quod
1310 2438 1490 2480 minime

44 2492 137 2534 fieri
167 2491 310 2544 debet,
340 2492 531 2534 minuere
561 2489 797 2531 amicitiam
828 2500 1017 2532 nostram
1050 2492 1246 2534 videatur
1280 2504 1488 2552 perpetua

45 2548 269 2593 dissensio.

84 2693 98 2721 1
121 2699 247 2730 semper
259 2688 357 2728 sensi]
384 2688 519 2728 Semper
531 2697 552 2719 a
572 2687 655 2719 Mss.
667 2687 735 2717 fere
777 2688 975 2719 auctoritate
990 2689 1121 2727 codicis,
1136 2690 1192 2721 sed
1211 2690 1312 2721 etiam
1328 2691 1404 2730 quia
1422 2701 1480 2723 ne-

39 2731 142 2769 abest,
156 2732 258 2763 etiam
271 2731 379 2762 Guelf.
393 2730 450 2765 sed
462 2731 552 2762 salva
569 2731 736 2761 sententia
778 2739 833 2760 mo
861 2731 1012 2761 librarius
1041 2733 1294 2772 praeoccupavit,
1326 2743 1399 2772 quae
1429 2740 1479 2766 est

39 2774 148 2805 abesse
163 2783 231 2805 non
244 2777 365 2814 potest.
774 2772 910 2812 vulgata
921 2773 1033 2810 lectio,
1047 2774 1081 2804 in
1092 2776 1247 2814 prceeepit
1261 2781 1381 2806 mutet.
1400 2776 1477 2808 Ma-

79 2819 99 2846 2
115 2817 271 2856 proecepit
284 2825 330 2847 or.
345 2814 418 2854 tua]
442 2814 538 2846 Hanc
553 2814 731 2845 lectionem
775 2814 891 2845 nifeste
909 2816 941 2845 in
962 2818 1198 2858 praeoecupavit
1213 2821 1263 2848 est
1279 2817 1388 2857 glossa
1403 2828 1472 2850 ver-

37 2856 114 2890 Vat.
130 2859 235 2900 recepi
257 2862 332 2900 post
354 2857 532 2896 Grumum,
548 2866 616 2888 non
633 2855 731 2886 modo
775 2855 807 2885 bi
823 2858 1053 2896 exquisitioris.

681 2904 710 2940 4
732 2911 760 2939 u
785 2903 809 2939 :3
