1812 3147
271 112 348 146 88⁶2.
543 127 586 147 Δ·
874 104 1127 142 ORATIO

274 212 413 253 Bonae
448 208 555 251 Deae
591 207 726 258 fieret,
749 207 1022 250 interfuisse?
1051 207 1283 257 neminem,
1305 220 1358 247 ne
1389 205 1508 247 illum
1529 203 1721 260 quidem,
1758 243 1765 251 ,,

273 272 311 303 77
328 267 402 323 qui
425 280 566 307 caecus
587 273 652 306 est
671 263 825 306 factus,
885 263 954 306 Ex
985 279 1072 320 quo
1105 264 1374 319 intelligitur,
1394 261 1529 303 multa
1556 261 1601 302 in
1631 262 1722 303 vita
1754 299 1755 303 ,

277 324 384 366 salso
417 323 612 364 homines
646 321 839 378 opinari:
882 335 979 362 cum
1014 321 1098 372 ille,
1122 321 1195 376 qui
1230 320 1338 361 nihil
1369 320 1535 361 viderat
1567 318 1720 368 sciens,

278 381 393 436 quod
417 379 535 421 nefas
557 388 682 429 esset,
705 378 868 419 lumina
900 378 1068 429 amisit3
1100 379 1237 427 istius,
1265 377 1337 432 qui
1363 391 1446 417 non
1480 374 1617 416 solum
1647 374 1723 416 ad-
1751 400 1754 410 ι

278 447 442 495 spectu,
465 436 537 477 scd
570 436 699 476 etiam
728 435 890 476 incesto
916 435 1084 490 flagitio
1107 444 1151 474 ct
1174 443 1322 489 stupro
1345 433 1497 489 polluit
1518 444 1757 473 caeremo-
1791 430 1794 433 ’

278 496 385 545 nias,
416 508 549 550 poena
581 492 720 533 omnis
750 491 971 531 oculorum
1010 491 1060 530 ad
1096 491 1338 532 caecitatem
1362 490 1517 531 mentis
1539 497 1604 530 est
1622 499 1745 529 con-'
1794 527 1796 530 Α

281 567 414 592 versa.
477 549 577 591 Hoc
610 558 785 589 auctore
820 557 906 587 tum
939 558 1074 598 casto,
1096 556 1183 587 tam
1214 547 1429 602 religioso,
1449 555 1536 587 tam
1559 553 1726 595 sancto,
1759 569 1770 594 -2
1796 547 1797 553 ’

281 621 370 649 tam
393 608 480 664 pio,
502 605 694 662 potestis,
713 604 955 660 pontifices,
978 618 1060 644 non
1084 604 1362 654 commoveri,
1381 618 1479 644 cum
1501 602 1587 642 suis
1609 601 1728 642 dicat
1767 607 1798 642 ᾖ)

283 680 328 706 se
367 665 565 705 manibus
595 662 772 703 domum
808 661 915 702 civis
946 660 1100 716 optimi
1130 661 1346 711 evertisse,
1377 668 1427 700 et·
1448 674 1543 701 cam
1574 657 1728 700 iisdem
1762 703 1777 711 ‘-

286 722 484 763 manibus
507 732 776 761 consecrasse
795 720 807 759 ,Ρ
1782 744 1789 767 .-‘

202 797 273 831 106
344 780 455 825 Quae
496 786 570 817 tua
612 775 696 816 fuit
737 775 1032 816 consecratio?
1080 772 1294 824 Tuleram,
1334 772 1489 828 inquit,
1530 780 1580 814 ut
1618 769 1791 814 mihi*-

286 835 446 877 liceret.
508 833 658 879 Quid?
694 847 780 872 non
815 845 1063 886 exceperas,
1093 841 1155 881 ut,
1186 832 1220 871 si
1253 830 1368 885 quod
1394 830 1468 885 jus
1500 844 1588 871 non
1619 835 1732 870 esset
1766 834 1791 886 ’ξ

286 906 452 947 rogare,
483 905 536 931 ne
569 898 681 930 esset
709 890 936 944 rogatum?
968 887 994 929 J
1001 902 1046 928 us
1075 887 1207 943 igitur
1237 888 1433 928 statuetis
1456 900 1561 938 esse,
1581 885 1732 927 unius·
1762 883 1793 928 ³.

287 946 708 1004 cujusque-vestrum
729 945 863 995 sedes,
886 958 992 995 aras,
1015 944 1151 993 focos,
1173 944 1275 985 deos
1299 953 1487 1000 penates,
1509 943 1731 1000 subiectos
1760 955 1772 978 ⁴

287 1019 380 1046 esse
395 1004 565 1046 libidini
588 1002 860 1044 tribuniciae?
892 1001 934 1041 in
956 1015 1083 1057 quem
1106 1001 1286 1056 quisque
1308 1015 1383 1056 per
1411 1001 1607 1042 homines
1629 1014 1734 1042 con-

289 1063 446 1104 citatos
480 1061 664 1111 irruerit,
686 1073 813 1115 quem
844 1058 1006 1114 impetu
1033 1057 1274 1114 perculerit,
1296 1055 1426 1113 hujus
1447 1058 1623 1099 domum
1647 1071 1735 1105 non
1788 1099 1793 1106 ,

291 1120 428 1160 solum
451 1118 657 1173 affligere,
679 1116 795 1172 quod
818 1123 882 1156 est
904 1115 1126 1170 praesentis
1150 1114 1342 1166 insaniae,
1365 1115 1484 1170 quasi
1505 1123 1738 1171 tempesta*

293 1177 346 1217 tis
371 1175 620 1231 repentium,
644 1174 715 1214 sed
739 1173 868 1213 etiam
889 1172 932 1212 in
964 1181 1181 1228 posterum
1205 1180 1374 1227 tempus
1396 1171 1604 1228 religione
1624 1185 1736 1212 sem-
1768 1170 1793 1232 ξ

209 1229 460 1289 41piterna
481 1231 701 1286 obligare?
735 1229 945 1285 Equidem
979 1229 1040 1269 sic
1069 1229 1232 1284 accepi,
1254 1228 1496 1284 pontifices,
1518 1228 1562 1270 in
1592 1228 1738 1284 religi-
1772 1235 1793 1285 ξε·

207 1300 282 1338 107
295 1290 450 1330 onibus
482 1287 780 1343 suscipiendis,
803 1296 934 1342 caput
966 1300 1071 1336 esse,
1101 1285 1388 1341 interpretari,
1409 1300 1506 1340 quae
1538 1284 1737 1326 voluntas
1775 1291 1786 1330 ,ἰ

293 1347 470 1387 deorum
494 1343 799 1385 immortalium
822 1357 913 1383 esse
942 1343 1160 1384 videatur:
1192 1357 1272 1383 nec
1293 1351 1359 1384 est
1389 1343 1476 1383 ulla
1504 1356 1608 1398 erga
1633 1342 1736 1384 deos
1776 1383 1780 1388 ,

293 1405 448 1459 pietas,
472 1401 553 1443 nisi
576 1401 757 1441 honesta
777 1401 830 1441 de
852 1400 1026 1441 numine
1047 1413 1195 1440 eorum
1217 1414 1268 1440 ac
1289 1407 1431 1440 mente
1452 1399 1616 1455 opinio,
1636 1413 1739 1440 cum

293 1460 443 1516 expeti
462 1458 569 1499 nihil
591 1458 646 1498 ab
667 1458 733 1508 iis,
756 1457 870 1513 quod
895 1457 950 1497 sit
972 1457 1180 1512 injustum
1203 1465 1332 1512 atque
1361 1455 1650 1507 inhonestum,
1672 1470 1740 1496 ar·
1784 1474 1790 1482 ·

296 1517 469 1558 bitrcre.
543 1514 781 1555 Hominem
812 1514 1003 1555 invenire
1034 1518 1116 1554 ista
1155 1513 1271 1554 labes
1313 1522 1420 1565 tum,
1454 1528 1551 1554 cum
1595 1512 1742 1554 omnia.
1774 1527 1787 1551 r

297 1575 487 1624 tenebat,
528 1571 743 1613 neminem
786 1572 943 1627 potuit,
984 1571 1054 1611 cui
1095 1584 1211 1610 meas
1253 1571 1366 1612 aedes
1407 1570 1637 1621 addiceret,
1670 1569 1744 1611 cui
1768 1589 1788 1612 -.·

299 1631 499 1681 traderet,
521 1629 590 1670 cui
621 1629 822 1670 donaret:
855 1628 945 1683 ipse
969 1641 1066 1668 cum
1103 1627 1185 1668 loci
1219 1627 1344 1679 illius,
1366 1642 1466 1668 cum
1488 1627 1647 1669 aedium
1667 1641 1745 1668 cu-
1783 1623 1787 1631 ¹

300 1688 481 1744 piditate
523 1686 737 1741 flagraret,
766 1686 822 1725 ob
855 1699 1034 1740 eamque
1075 1699 1248 1726 causam
1289 1699 1432 1735 unam,
1453 1688 1493 1719 78
1508 1699 1593 1725 una
1622 1683 1747 1739 justa

301 1745 373 1786 illa
395 1742 619 1800 rogatione
650 1758 726 1790 sua
757 1742 819 1782 vir
839 1742 978 1782 bonus
1005 1742 1228 1782 dominum
1248 1756 1291 1782 se
1313 1743 1356 1782 in
1380 1742 1484 1782 meis
1508 1741 1633 1782 bonis
1653 1755 1746 1783 esse
1768 1762 1773 1763 ff

304 1801 532 1843 voluisset:
565 1809 706 1840 tamen
731 1798 802 1839 illo
824 1798 917 1855 ipso
940 1799 983 1838 in
1007 1798 1149 1840 furore
1171 1813 1247 1839 suo
1270 1813 1353 1839 non
1374 1808 1439 1840 est
1457 1813 1582 1839 ausus
1606 1812 1747 1840 meam

171 1876 202 1906 p.
220 1858 498 1908 essdomum,
518 1856 586 1912 cuj
597 1871 642 1897 us
661 1855 897 1911 cupiditate
920 1856 1208 1896 inflammatus
1231 1866 1335 1907 erat,
1359 1856 1588 1911 possidere.
1627 1854 1746 1897 Deos
1797 1873 1799 1878 ¹

262 1913 567 1956 a‘immortales
610 1913 882 1964 existimatis,
917 1912 1039 1968 cujus
1078 1913 1221 1954 labore
1253 1922 1296 1953 et
1330 1913 1510 1954 consilio
1551 1927 1628 1955 sua
1662 1912 1746 1969 ipsi
1800 1941 1802 1943 »

307 1971 467 2027 templa
489 1970 787 2021 tenuerunt,in
810 1970 901 2025 ejus
923 1970 1098 2010 domum
1120 1969 1325 2011 afflictam
1343 1979 1386 2010 et
1407 1984 1598 2011 eversam
1618 1973 1749 2027 79‘per
1772 1990 1773 1993 ¹

308 2029 434 2069 unius
476 2027 664 2068 hominis
699 2026 1011 2068 sceleratissimi
1048 2026 1257 2068 nefarium
1291 2027 1567 2068 latrocinium-
1605 2027 1758 2068 immi·-

224 2092 297 2126 108
310 2100 432 2142 grate
455 2084 663 2126 voluisse?
697 2083 816 2125 Civis
850 2094 915 2124 est
940 2098 1067 2124 nemo
1096 2084 1141 2125 in
1165 2092 1284 2125 tanto
1307 2083 1483 2140 populo,
1501 2092 1626 2126 extra
1645 2098 1751 2126 con-
1775 2083 1785 2140 {j

309 2142 562 2183 taminatam
594 2140 708 2181 illam
739 2149 782 2181 ct
812 2151 1032 2182 cruentam
1066 2141 1116 2182 P.
1152 2141 1293 2182 Clodii
1336 2155 1524 2191 manum,
1555 2141 1629 2196 qui
1658 2154 1750 2182 rem

308 2199 436 2240 ullam
468 2198 521 2239 de
551 2198 657 2238 meis
691 2198 812 2238 bonis
843 2198 1051 2254 attigerit,
1070 2197 1142 2254 qui
1175 2213 1260 2238 non
1291 2212 1368 2254 pro
1401 2199 1486 2239 suis
1516 2198 1672 2254 opibus
1704 2198 1750 2240 in

309 2256 380 2297 illa
402 2262 656 2311 tempestate
678 2254 931 2309 defenderit,
953 2265 1011 2306 at,
1031 2256 1105 2311 qui
1132 2254 1274 2310 aliqua
1294 2269 1338 2295 se
1359 2255 1619 2310 contagione
1641 2270 1752 2312 prae·

352 2372 391 2402 77
415 2369 471 2407 qui
497 2377 597 2398 σφι-τις
621 2371 666 2397 est
682 2365 817 2407 fac-lus]
858 2367 1010 2407 Intellige
1054 2368 1219 2398 dominum
1232 2369 1467 2405 see—voluisset,
1482 2369 1626 2408 pertinet
1648 2367 1690 2399 ad
1702 2378 1755 2399 ce-

312 2410 502 2446 Metellum,
517 2410 584 2448 qui,
600 2408 783 2439 Palladium
797 2419 871 2439 cuni
887 2420 904 2439 e
919 2410 1012 2440 flam·
1054 2416 1126 2440 tera
1147 2411 1246 2446 bona,
1264 2419 1338 2449 quae
1363 2410 1544 2451 diripienda
1564 2410 1654 2441 dedit
1676 2419 1757 2442 conq

312 2453 374 2483 mis
397 2452 539 2482 ardentis
560 2451 676 2491 templi
702 2451 811 2481 Vestae
830 2451 1012 2491 eripuisset,
1055 2453 1191 2482 salibus.

313 2504 420 2525 coecus
437 2493 543 2524 factus
563 2498 624 2524 est.
669 2492 699 2523 Is
722 2498 872 2523 materno
894 2502 1013 2532 genere
1097 2498 1138 2528 79
1161 2504 1222 2533 per
1248 2496 1315 2524 vim
1344 2493 1495 2533 Izomz'm's]
1533 2495 1669 2526 vitiose.
1694 2503 1758 2534 per

314 2544 386 2567 erat
401 2536 600 2577 propinquus
613 2534 732 2566 Clodii.
762 2535 815 2565 Sic
828 2535 909 2566 bene
924 2536 1014 2566 Grae-
1054 2537 1122 2566 vim
1148 2535 1256 2565 locum
1286 2537 1338 2567 hic
1370 2547 1436 2566 non
1471 2536 1583 2573 habet,
1608 2537 1755 2576 maleque
1796 2564 1798 2566 .

315 2579 399 2609 vius.
1056 2588 1074 2607 c
1092 2578 1171 2608 Mss.
1189 2578 1314 2608 duobus
1337 2579 1467 2609 illatum
1487 2583 1537 2608 est
1559 2589 1578 2609 a
1599 2579 1753 2609 Grutero.

359 2623 399 2653 78
422 2629 491 2649 una
510 2619 609 2660 justa
636 2620 698 2649 illa
725 2618 908 2657 rogatione]
943 2619 1014 2649 Hoc
1059 2620 1141 2649 Edd.
1160 2630 1285 2655 οηηιεε,
1300 2628 1333 2651 ct
1358 2621 1435 2651 Mss.
1458 2621 1536 2651 alii:
1553 2631 1616 2660 per
1636 2621 1753 2654 unius,-

314 2663 468 2693 vitiosum
491 2670 558 2691 esse
581 2671 678 2692 nemo
700 2659 838 2690 dubitet.
883 2660 1015 2690 Lambi-
1058 2661 1142 2699 quod
1167 2663 1313 2692 restituit
1335 2663 1494 2694 Graevius.
1541 2662 1602 2693 Sed
1623 2662 1656 2693 id
1677 2671 1756 2693 sane

315 2713 377 2734 nus
392 2703 526 2741 corrigit
540 2704 693 2733 universa
709 2703 769 2732 illa
784 2712 814 2733 r.
829 2702 920 2732 nullu
943 2712 1015 2732 sen-
1058 2704 1167 2741 friget.
1214 2705 1298 2734 Puto
1316 2705 1507 2736 Ciceronem
1523 2705 1685 2745 scripsisse
1695 2714 1759 2744 per

314 2756 372 2776 su:
396 2746 556 2776 Gruterus
577 2747 642 2776 ista
664 2746 726 2775 illa
747 2755 775 2774 r.
798 2744 905 2774 deleto
925 2754 991 2774 una
1006 2758 1015 2773 .-
1059 2746 1162 2777 istim.
1208 2746 1490 2779 lutereavetercm
1506 2746 1679 2778 lectionem
1693 2755 1760 2778 ser·
1803 2771 1806 2776 .

314 2797 381 2818 non
417 2787 544 2818 melius.
600 2787 688 2827 Quid
720 2787 748 2816 si
774 2785 900 2826 injusta
927 2787 1015 2816 illa?
1058 2787 1142 2820 vavi.
1759 2794 1763 2797 '

313 2830 361 2861 ita
385 2830 436 2860 vir
465 2831 562 2861 honus
585 2829 672 2861 bella
699 2828 805 2860 ironia
833 2828 1014 2868 subjicitur.
