1785 3185
288 82 386 122 1352
855 79 1104 119 ORATIO

277 197 375 223 cum
399 189 510 223 esset
542 183 694 224 missus
717 198 741 224 a
763 193 909 225 senatu
933 186 984 227 ad
1007 186 1172 226 animos
1194 199 1343 242 regum
1375 186 1708 242 perspiciendos,
1758 199 1759 203 ’

276 238 593 295 liberorumque
613 240 883 296 populorum,
902 243 1190 297 maximeque,
1210 253 1256 283 ut
1273 254 1477 298 nepotem
1500 243 1706 284 Antiochi
1758 250 1762 290 ,’

278 296 407 351 1·egi5‚
431 297 467 351 ej
477 312 537 347 us,
557 298 627 352 qui
648 312 746 338 cum
770 299 1005 353 majoribus
1026 299 1182 339 nostris
1204 299 1361 340 bellum
1379 311 1581 355 gesserat,
1600 301 1707 341 clas·

279 367 343 393 ses
368 353 537 404 habere,
559 354 808 409 elephantos
838 355 948 396 alere
970 355 1239 411 prohiberet:
1275 357 1497 398 Laodicea:
1519 358 1561 397 in
1584 372 1708 411 gym-

242 406 397 451 &nasio
426 425 453 450 a
483 411 668 466 quodam
711 412 891 467 Leptine
924 423 988 452 est
1023 412 1287 453 interfectus.
1349 412 1536 454 Reddita
1565 425 1629 453 est
1669 414 1707 453 ei
1761 426 1767 459 '.

279 476 370 507 tum
405 481 430 507 a
462 468 697 523 majoribus
731 477 871 508 statua
908 483 985 522 pro
1018 469 1121 518 vitu,
1143 483 1240 523 quae
1273 469 1428 509 multos
1463 485 1536 525 per
1573 484 1707 510 annos

276 524 525 579 progeniem
557 525 649 579 ejus
682 524 948 575 honestaret3
993 524 1139 565 6nunc
1170 526 1220 565 ad
1246 534 1376 566 tantae
1410 526 1583 568 familiae
1620 541 1707 566 mc-
1765 568 1768 581 ,

275 582 455 621 moriam
482 581 570 621 sola
594 591 736 621 restat.
796 581 930 635 Atqui
952 591 995 621 et
1017 580 1132 631 huic,
1155 590 1198 621 et
1220 585 1235 615 7
1251 581 1376 622 Tullo
1400 582 1569 634 Cluvio,
1591 594 1634 624 et
1660 584 1707 623 1..

279 636 457 687 Roscio,
475 649 518 678 et
541 642 558 667 ὃ
576 640 650 692 Sp.
673 637 823 687 Antio,
845 648 887 677 et
911 637 962 678 C.
988 637 1198 688 Fulcinio,
1220 639 1293 693 qui
1325 654 1350 678 a
1377 639 1622 680 Veientium
1646 655 1708 681 re·
1766 634 1771 647 ¹

279 708 332 749 ge
362 695 461 735 coesi
497 704 609 745 sunt,
632 709 716 734 non
751 694 938 749 sanguis,
961 694 1032 749 qui
1061 693 1257 750 profusus
1290 704 1354 735 est
1388 695 1430 735 in
1462 706 1611 747 morte,
1635 697 1706 737 sed

231 748 264 795 3
281 751 371 806 ipsa
393 766 504 791 mors
528 752 583 791 ob
616 751 921 806 rempublicam
947 751 1079 802 obita,
1103 751 1253 792 honori
1287 752 1382 792 fuit.
1445 751 1609 807 Itaque,
1633 768 1706 808 pa-

146 824 177 854 p.
194 817 266 845 292.
282 818 362 848 tres
384 808 632 863 conscripti,
655 808 686 847 si
713 808 803 848 Ser.
827 807 1018 861 Sulpicio
1040 823 1162 848 casus
1182 818 1360 849 mortem
1385 809 1610 860 attulisset,
1632 811 1707 850 do-

233 864 404 905 ²·lercm
429 865 601 919 quidem
625 874 745 905 tanto
777 865 1024 920 reipublicae
1052 865 1250 906 vulnere:
1284 875 1463 906 mortem
1495 880 1593 907 vero
1616 867 1707 920 ejus

276 936 362 962 non
387 921 724 971 91nonumentis,
749 922 821 962 sed
845 922 958 962 luctu
985 922 1157 976 publico
1180 922 1472 963 honorandam
1497 932 1705 978 putarem.

275 993 391 1019 nunc
413 988 554 1018 autem
587 978 682 1033 quis
705 979 889 1028 dubitat,
911 979 1015 1033 quin
1049 979 1087 1018 ei
1114 979 1245 1020 vitam
1271 980 1493 1021 abstulerit
1527 980 1619 1035 ipsa
1650 981 1707 1020 le-

276 1036 424 1090 gatio?
467 1049 611 1075 secum
627 1035 741 1076 enim
766 1035 834 1076 ille
857 1048 1037 1076 mortem
1055 1036 1238 1077 extulit:
1269 1051 1412 1091 quam,
1432 1037 1465 1076 si
1482 1038 1704 1078 nobiscum

277 1093 563 1142 remansisset,
587 1107 662 1132 sua
686 1107 801 1141 cura,
836 1092 990 1147 optimi
1021 1092 1112 1143 filii,
1137 1093 1393 1134 fidelissima:
1415 1093 1510 1148 conj
1522 1095 1614 1149 ugis
1644 1095 1708 1134 di-

243 1149 470 1204 61igcntia,
506 1149 639 1189 vitare
672 1149 896 1205 potuisset.
956 1150 1015 1189 At
1049 1149 1132 1199 ille,
1155 1164 1250 1191 cum
1286 1151 1463 1200 videret,
1485 1152 1518 1190 si
1553 1162 1703 1191 vestrae

278 1207 523 1247 auctoritati
558 1221 644 1247 non
681 1207 900 1262 paruisset,
923 1206 1172 1247 dissimilem
1210 1221 1253 1247 se
1283 1207 1472 1248 futurum
1495 1208 1586 1258 sui3
1623 1211 1658 1238 ¹0
1672 1209 1703 1247 si

276 1263 500 1317 paruisset,
523 1278 678 1304 munus
699 1264 777 1303 sibi
804 1264 903 1304 illud
930 1278 1005 1319 pro
1026 1263 1247 1318 republica
1269 1274 1528 1320 susceptum,
1554 1268 1586 1294 ¹¹
1609 1266 1707 1305 vitae

275 1319 405 1361 finem
436 1320 660 1361 allaturum
681 1337 689 1361 ε
731 1320 881 1362 maluit
903 1320 944 1361 in
969 1322 1159 1361 maximo
1183 1320 1430 1376 reipublic-az
1461 1321 1706 1362 discrimine

274 1377 399 1428 mori,
421 1392 550 1432 quam
585 1378 738 1427 minus,
761 1392 888 1432 quam
921 1378 1146 1433 potuisset,
1167 1377 1302 1418 videri
1336 1378 1585 1434 reipublicae
1609 1393 1706 1434 pro-

275 1433 419 1475 fuisse.
481 1435 636 1475 Multis
669 1433 728 1474 illi
751 1434 793 1474 in
829 1434 1020 1485 urbibus,
1042 1450 1127 1489 qua
1154 1435 1234 1475 iter
1266 1434 1466 1486 faciebat,
1489 1435 1704 1476 reficiendi

276 1505 334 1541 se,
368 1500 410 1531 et
434 1492 608 1532 curandi
645 1502 832 1547 potestas
866 1491 963 1533 fuit.
995 1491 1140 1532 aderat
1174 1502 1218 1533 et
1255 1491 1475 1548 hospitum
1510 1494 1709 1533 invitatio

274 1546 460 1589 liberalis
490 1563 567 1604 pro
605 1549 818 1604 dignitate
851 1549 1003 1589 summi
1037 1549 1131 1599 viri,
1153 1559 1196 1589 et
1227 1563 1375 1590 eorum
1408 1548 1610 1600 hortatio,
1633 1551 1706 1604 qui

274 1619 360 1645 una
391 1617 512 1647 erant
547 1606 679 1655 missi,
706 1606 759 1647 ad
785 1606 1151 1661 requiescendum,
1180 1614 1224 1646 et
1246 1607 1345 1647 vitae
1365 1621 1452 1648 suae
1484 1606 1708 1647 consulen-

271 1661 390 1702 dum.
450 1662 510 1703 At
544 1663 612 1704 ille
635 1677 882 1718 properans,
915 1663 1183 1713 1‘2festinans,
1211 1664 1411 1704 mandata
1441 1673 1585 1705 nostra
1605 1679 1709 1705 con-

273 1719 401 1760 ficere
435 1720 627 1775 cupienS,
661 1720 702 1760 in
738 1719 816 1761 hac
847 1720 1103 1771 constantia,
1136 1720 1287 1761 morbo
1318 1720 1581 1771 adversante,
1615 1736 1707 1777 per-

236 1777 498 1825 7sex'eravit.
559 1777 696 1831 Cujus
737 1791 833 1818 cum
877 1778 1062 1818 adventu
1107 1778 1293 1818 maxime
1335 1779 1606 1833 perturbatus
1645 1793 1709 1818 es-

273 1843 337 1874 set
358 1833 590 1885 Antonius,
609 1834 723 1888 quod
747 1849 810 1885 ea,
825 1849 920 1889 quae
940 1834 1020 1875 sibi
1038 1833 1161 1887 jussu
1187 1845 1328 1875 vestro
1343 1835 1709 1885 denuntiarentur,

272 1891 530 1932 auctoritate
560 1900 695 1941 erant,
718 1901 761 1931 et
784 1892 994 1932 sententia
1025 1891 1114 1932 Ser.
1138 1891 1317 1947 Sulpicii
1340 1892 1600 1933 constituta:
1633 1892 1706 1933 de-

272 1947 464 1999 claravit,
488 1963 616 2004 quam
648 1949 807 1989 odisset
839 1958 1047 1998 senatum,
1069 1963 1168 1989 cum
1191 1959 1408 1990 auctorem
1441 1958 1610 1990 senatus
1631 1964 1707 1990 ex-

273 2005 494 2057 stinctum,
527 2005 625 2047 laete
661 2016 789 2061 atque
828 2005 1058 2047 insolenter
1092 2005 1203 2047 tulit.
1266 2005 1365 2046 Non
1403 2006 1536 2061 igitur
1569 2007 1706 2063 magis

314 2142 334 2172 6
357 2142 579 2172 nunc—sola
614 2141 766 2180 restaret]
819 2140 970 2171 Restaret

275 2184 402 2215 factum
425 2188 473 2213 est
488 2184 558 2213 sine
580 2183 678 2214 dubio
694 2194 713 2214 a
727 2184 878 2220 librariis,
892 2183 971 2213 dum

275 2225 306 2255 id
322 2225 420 2266 priori
437 2227 618 2256 honestaret
630 2226 902 2256 confornmndum
913 2236 972 2266 pu-

273 2272 408 2303 tarent;
448 2267 685 2307 legendumque
711 2272 823 2298 restat.
847 2278 896 2298 res
922 2268 969 2298 ita

275 2315 325 2339 est
340 2309 511 2339 manifesta
526 2320 543 2339 e
559 2311 662 2340 verbis
677 2319 764 2340 nuuc
775 2311 855 2348 sola,
871 2317 908 2340 ut
923 2310 968 2340 sic

276 2351 369 2382 edere
387 2360 450 2380 non
467 2350 694 2381 dubitaverim.

317 2397 335 2427 7
361 2393 455 2423 Tullo
475 2392 599 2433 Clario]
625 2393 726 2424 Valde
741 2393 905 2424 fluctuant
929 2394 968 2424 li-

274 2435 324 2466 bri
349 2435 381 2464 in
402 2435 464 2465 hoc
487 2435 630 2466 nomine.
646 2446 704 2466 nec
726 2435 832 2465 solum
860 2437 893 2466 in
909 2437 970 2467 hoc

272 2478 346 2508 loco
369 2477 547 2513 Ciceronis,
562 2478 616 2508 sed
638 2479 739 2508 etiam
765 2478 797 2507 in
824 2478 907 2514 aliis,
933 2485 970 2508 ut

273 2519 370 2554 Livii.
386 2519 493 2550 Plinii.
533 2519 628 2550 Tullo
648 2520 758 2551 Cluvio
773 2519 825 2550 hic
846 2520 968 2551 habent

274 2561 350 2592 Vat.
373 2562 482 2592 Guelf.
500 2560 591 2592 Leid.
613 2562 699 2602 qnod
717 2571 775 2591 nos
796 2572 871 2592 cum
888 2564 970 2592 Gru-

274 2607 360 2641 tero,
388 2603 516 2634 Graevio
544 2607 578 2634 et
613 2604 685 2634 aliis
713 2604 814 2634 secuti
845 2613 968 2635 sumus.

275 2645 358 2675 Edd.
374 2656 422 2686 pr.
443 2646 566 2676 habent
583 2646 678 2677 Tullo
707 2647 815 2676 Clivio.
839 2655 906 2676 non
920 2653 970 2677 est

276 2688 378 2718 tanti.
395 2698 421 2717 v.
438 2687 529 2719 Clav.
547 2688 580 2718 in
597 2688 715 2719 Tullus
735 2687 781 2718 CI.

315 2732 333 2759 8
358 2730 417 2769 Sp.
439 2729 551 2769 Antio]
591 2730 813 2761 Consentiunt
835 2730 909 2762 libri
933 2731 966 2761 in

273 2770 335 2801 hac
349 2771 499 2802 lectione.
545 2771 608 2803 Sed
622 2783 651 2802 v.
668 2771 758 2804 Clav.

313 2818 333 2846 9
370 2814 588 2855 monimentis]
635 2815 711 2847 Vax.
760 2816 966 2854 monimento,

1016 2141 1105 2180 quod
1121 2143 1222 2172 secuti
1240 2148 1315 2172 sunt
1331 2142 1385 2172 alii
1399 2155 1405 2171 ι
1421 2146 1454 2172 et
1470 2143 1514 2173 sic
1531 2142 1572 2172 H.
1596 2141 1658 2172 Sed
1672 2146 1704 2172 et

1013 2183 1147 2222 pluralis
1158 2184 1208 2213 hie
1218 2185 1326 2214 locum
1338 2185 1448 2221 habet,
1456 2185 1643 2223 faciliusque
1653 2185 1707 2215 ille

1013 2226 1046 2255 in
1068 2225 1267 2263 singularem
1289 2226 1342 2256 hic
1357 2234 1504 2257 mutatus
1528 2232 1588 2262 est,
1604 2237 1701 2265 quani

1011 2266 1107 2297 bicin
1128 2267 1235 2299 illurn.
1267 2269 1378 2307 ltaque
1397 2269 1530 2299 servavi.
1550 2269 1628 2298 Mo<
1645 2281 1702 2300 ειυ-

1011 2316 1101 2340 ctore
1120 2311 1182 2340 Ms.
1201 2311 1246 2342 Η.
1261 2311 1362 2341 delevi
1375 2321 1440 2341 esse
1453 2316 1524 2350 post
1535 2312 1676 2350 publico,

1058 2354 1094 2382 10
1115 2353 1332 2392 siparuisset]
1362 2353 1507 2383 Graevius
1531 2363 1606 2383 cum
1631 2354 1702 2384 aliis

1011 2394 1073 2424 sin.
1117 2394 1178 2425 Sed
1204 2395 1236 2425 id
1262 2395 1325 2425 hoe
1352 2395 1423 2425 loco
1451 2395 1618 2425 alienum:
1655 2401 1704 2427 est

1012 2436 1100 2466 enim
1116 2436 1234 2477 duplex
1256 2437 1463 2474 antecedens,
1479 2438 1511 2467 in
1525 2447 1588 2477 qno
1605 2438 1636 2468 id
1660 2439 1707 2469 lo-

1013 2488 1088 2508 cum
1105 2487 1170 2508 non
1187 2478 1296 2509 habet.

1058 2523 1090 2550 ll
1116 2522 1191 2550 vitae
1203 2521 1312 2560 finem
1339 2520 1540 2560 allaturum]
1577 2522 1648 2552 Edd
1686 2535 1704 2554 e

1014 2562 1089 2592 Vat.
1125 2562 1233 2592 ductae
1253 2563 1362 2604 finem
1388 2563 1480 2603 Jbre.
1515 2565 1595 2594 item
1629 2575 1705 2596 mox

1013 2614 1122 2634 emor-c.

1059 2648 1095 2676 12
1119 2646 1361 2687 festinansque]
1402 2648 1516 2678 Deleri
1544 2657 1604 2688 que
1627 2659 1703 2680 cum

1012 2687 1124 2718 iisdem
1141 2687 1213 2718 edd.
1258 2690 1384 2729 Copula
1399 2689 1451 2720 hic
1466 2695 1515 2720 est
1537 2689 1654 2729 aliena,
1670 2698 1704 2721 et

1011 2730 1081 2769 ipsa
1096 2736 1260 2761 structura
1272 2738 1305 2761 et
1320 2742 1364 2762 re.
1409 2732 1496 2762 Item
1511 2741 1587 2762 mox
1601 2738 1705 2764 resero

1011 2772 1084 2802 dedi
1113 2782 1172 2813 pro
1203 2777 1310 2803 nostro
1335 2785 1373 2805 ex
1400 2774 1527 2813 iisdem,
1558 2775 1643 2816 quod
1670 2783 1704 2806 et

1011 2814 1120 2848 Guelf.
1133 2815 1231 2847 habet
1245 2821 1279 2847 et
1293 2815 1334 2847 L.
