1785 3185
155 200 276 239 p.170.

230 648 282 684 50
294 641 408 692 bam,
430 656 558 696 quam
588 640 640 682 ad
663 656 802 681 meam
824 655 887 696 gr
877 641 1023 681 attam.

291 84 393 125 1278
885 81 1130 123 ORATIO

293 184 511 235 Clodium,
543 186 808 241 approbante
842 188 1002 244 populo
1025 187 1273 239 Romano,
1261 203 1307 228 m
1339 186 1434 228 foro
1466 200 1511 227 es
1542 192 1722 228 conatus
1774 194 1776 226 ζ

250 251 280 273 ³·
291 241 508 288 occidere:
539 257 724 298 cumque
753 258 845 285 cam
878 260 965 286 rem
1003 254 1076 286 tua.
1105 255 1258 301 sponte
1288 257 1503 295 conarere,
1524 258 1611 285 non
1642 244 1723 284 im-
1775 293 1778 301 ¹

289 297 415 353 pulsu
438 313 559 351 meo,
592 309 734 341 tamen
764 301 826 342 ita
857 302 1136 357 praedicabas,
1168 312 1209 342 te
1243 316 1325 342 non
1355 301 1617 364 existimare,
1638 299 1722 340 nisi
1776 344 1779 357 Ι

290 355 410 396 illum
443 332 742 408 interfecisses,
765 373 967 413 uniquam
1004 359 1108 399 mihi
1147 373 1222 413 pro
1258 359 1342 399 tuis
1375 358 1418 398 in
1451 371 1520 398 me
1552 357 1722 413 injuriis
1776 363 1779 382 ·’

811 414 861 455 In
884 431 968 469 quo
988 415 1186 466 demiror,
1210 430 1285 456 cur
1306 414 1517 456 Milonem
1537 413 1723 469 impulsu
1777 415 1781 465 ξ

290 413 393 467 satis
411 426 501 454 esse
521 413 748 455 facturuln.

288 484 387 510 meo
413 484 498 510 rein
523 470 638 511 illam
668 472 806 526 egisse
832 471 964 522 dicas,
995 486 1092 511 cum
1127 481 1182 522 te,
1205 472 1314 512 ultro
1345 471 1451 512 mihi
1484 471 1597 512 idem
1621 469 1721 511 illud
1778 480 1782 523 ξ

289 526 568 578 deferentem,
599 542 832 582 numquam
865 528 944 568 sim
975 528 1241 570 adhortatus.
1285 543 1561 583 quamquam,
1587 527 1650 567 lsi
1679 527 1724 568 in
1778 527 1782 563 ἓ

292 597 344 624 eo
375 598 679 640 perseverares,
701 585 753 625 ad
786 593 902 625 tuam
935 584 1113 639 gloriam
1147 598 1234 624 rem
1267 585 1380 625 illam
1413 585 1557 626 referri
1593 583 1724 625 male·
1779 602 1783 636 3

1084 641 1288 686 Quaestor
1315 655 1358 682 es
1388 641 1540 683 factus.
1571 640 1727 683 deiude
1781 649 1785 699 ξ

292 700 501 740 continuo
525 698 615 739 sine
638 708 782 738 senati
791 698 1023 748 sconsulto,
1047 698 1136 738 sine
1167 708 1295 748 sorte,
1317 699 1407 739 sine
1429 698 1521 754 lege
1550 699 1602 740 ad
1627 697 1727 738 Cae-
1781 719 1785 732 ι

290 770 426 795 sarem
462 754 703 796 tucurristi.
735 755 778 795 id
810 755 925 795 enim
958 769 1089 795 unum
1125 755 1166 795 in
1208 755 1343 807 terris,
1376 755 1593 811 egestatis,
1627 754 1725 795 aerio

289 812 432 861 alieni,
468 811 690 866 nequitiae,
722 812 899 866 poiditis
936 812 1037 852 vitae
1071 811 1310 852 rationibus
1351 788 1596 868 perfugium
1633 825 1725 852 esse

286 868 489 909 ducebas,
551 867 619 909 lbi
653 877 695 908 tc
727 883 823 909 cum
848 879 891 909 et
912 867 1022 909 illius
1044 867 1345 924 laroitionibus
1380 878 1423 910 et
1456 869 1538 910 tuis
1562 868 1721 924 rapinis

286 925 603 981 explevisses,
587 928 604 954 2
619 925 674 975 (si
694 924 777 965 hoc
798 934 863 965 est
884 926 1070 981 explere,
1089 925 1203 980 quod
1232 926 1376 966 statim
1400 925 1593 967 effundas
1597 927 1628 976 ,)
1647 925 1722 966 ad-

287 982 438 1023 volasii
461 996 590 1037 egens
613 981 664 1022 ad
690 981 972 1033 tribunatum,
995 992 1042 1022 ut
1066 997 1107 1023 ιιι
1141 997 1191 1023 eo
1214 998 1255 1024 m
1259 983 1484 1038 ·1gistratu,
1507 983 1540 1023 si
1561 995 1722 1039 posses,

286 1039 365 1080 viri
387 1039 448 1079 tui
469 1038 617 1079 similis
637 1052 764 1080 esses.

204 1094 272 1144 21
341 1095 543 1152 Accipite
572 1110 703 1146 nunc,
723 1110 886 1151 quaeso,
908 1110 994 1136 non
1026 1110 1089 1146 ea,
1112 1110 1208 1151 quae
1241 1096 1332 1152 ipse
1362 1097 1406 1138 in
1438 1111 1495 1147 se,
1518 1102 1647 1151 atque
1676 1095 1721 1136 in

223 1336 270 1370 51
286 1324 497 1365 malorum
520 1324 780 1380 principium
804 1333 952 1364 natum
976 1324 1211 1379 reperietis.

237 1907 267 1938 b.

285 1153 572 1194 domesticum
605 1153 820 1194 dedecus
812 1167 979 1208 impure
1008 1163 1138 1216 atque
1158 1153 1506 1217 intemperanter,
1526 1154 1596 1194 sed
1621 1167 1720 1208 quae

286 1211 330 1250 in
354 1225 430 1250 nos
453 1210 733 1265 fortunasque
760 1220 940 1261 nostras,
963 1209 1003 1250 id
1027 1221 1105 1260 est,
1128 1224 1171 1250 in
1208 1211 1451 1251 universam
1487 1209 1722 1266 rempubli-

285 1281 396 1318 cam,
417 1267 582 1323 imple<
569 1281 618 1307 ac
641 1266 802 1307 nefarie
820 1266 983 1307 fecerit.
1003 1267 1057 1307 ab
1076 1267 1204 1323 hujus
1220 1267 1333 1308 enim
1355 1268 1509 1309 sce1e1e
1525 1267 1721 1308 omnium

1272 1324 1402 1375 Nam,
1424 1339 1523 1365 cum
1544 1323 1594 1365 L.
1610 1323 1721 1365 Len-

286 1381 391 1432 tulo,
426 1380 476 1422 C.
513 1381 738 1432 Marcello,
761 1380 1024 1431 consulibus,
1061 1380 1254 1422 kalendis
1282 1381 1460 1423 Januar.
1502 1380 1719 1422 labentem

282 1448 326 1479 et
347 1453 481 1494 prope
509 1438 733 1479 cadentem
765 1437 1075 1493 rempublicam
1110 1437 1259 1479 fulcire
1290 1438 1518 1494 cuperetiS‚
1551 1438 1720 1494 ipsique

284 1496 336 1536 (j.
361 1496 538 1546 Caesari,
562 1496 592 1535 si
615 1510 717 1536 sana
738 1504 881 1535 mente
903 1507 1028 1546 esset,
1050 1494 1270 1536 consulere
1302 1495 1488 1537 velletis:
1521 1503 1615 1536 tum
1638 1495 1718 1536 iste

284 1553 506 1593 xenditum
527 1528 659 1607 'atque
681 1552 999 1607 emancipatum
1029 1553 1310 1604 tribunatum,
1343 1551 1533 1594 consiliis
1567 1553 1720 1594 vestris

282 1610 502 1666 opposuit,
537 1610 842 1664 &cervicesque
872 1624 967 1651 suas
1001 1610 1039 1650 ei
1070 1610 1256 1665 subjecit
1288 1610 1440 1662 securi,
1472 1624 1558 1665 qua
1590 1609 1717 1650 multi

283 1666 553 1708 minor'ibus
545 1681 586 1706 ln
611 1667 798 1722 peccatis
822 1667 1086 1707 occiderunt.
1126 1667 1177 1707 ln
1201 1676 1242 1707 te
1264 1676 1422 1717 autem,
1446 1666 1513 1707 M.
1537 1665 1718 1718 Antoni,

283 1724 327 1765 id
349 1723 540 1765 decrevit
565 1738 635 1764 sen
641 1732 749 1774 atus,
767 1733 811 1764 et
832 1724 1004 1778 quidem
1029 1724 1269 1774 incolumis,
1291 1724 1483 1765 nondum
1506 1731 1572 1764 tot
1593 1723 1720 1765 lumi-

284 1781 411 1822 nibus
441 1781 682 1831 exstinctis,
705 1781 820 1836 quod
851 1782 892 1821 in
914 1780 1082 1821 hostem
1116 1790 1311 1837 togatum
1344 1781 1513 1822 decerni
1536 1789 1600 1821 est
1622 1781 1721 1822 soli-

285 1848 376 1879 tum
397 1852 515 1879 more
536 1837 764 1893 majorum.
826 1836 882 1878 Et
904 1847 949 1878 tu
972 1838 1085 1893 apud
1117 1849 1257 1893 patres
1279 1838 1546 1894 conscriptos
1568 1847 1720 1880 contra

281 1909 351 1937 me
371 1895 512 1937 dicere
534 1910 660 1936 ausus
690 1910 748 1945 es,
770 1910 868 1936 cum
892 1896 946 1935 ab
969 1894 1052 1935 hoc
1074 1895 1222 1936 ordine
1253 1910 1334 1951 ego
1356 1903 1632 1937 conservator
1653 1910 1718 1936 es-

282 1968 386 2004 sem,
409 1962 455 1993 tu
486 1953 621 1992 hostis
644 1952 892 2007 reipublicae
909 1951 1161 2007 judicatus?
1214 1952 1581 1994 Commemoratio
1604 1951 1715 1994 illius

279 2011 341 2052 tui
365 2009 533 2051 sceleris
563 2009 805 2050 intermissa
832 2019 910 2061 est,
934 2024 1018 2050 non
1043 2010 1249 2051 memoria
1270 2009 1423 2051 deleta.
1453 2009 1556 2051 dum
1579 2024 1714 2065 genus

323 2126 335 2153 1
361 2124 388 2153 si
410 2124 443 2154 in
458 2133 491 2153 eo
509 2123 972 2163 perseverares—malebam]

278 2166 425 2196 Graevius
440 2177 458 2196 e
479 2166 542 2196 Ms.
557 2175 615 2195 suo
640 2166 760 2206 recepit
772 2176 975 2205 perseveras—

277 2218 336 2244 ses,
353 2208 428 2247 quia
444 2208 483 2237 de
498 2209 667 2248 praeterita
683 2218 715 2238 re
729 2218 846 2238 sermo.
891 2209 974 2239 Sane

280 2250 373 2286 bene,
389 2250 444 2281 sed
464 2250 510 2280 ita
524 2255 557 2280 et
575 2252 707 2280 mallem
722 2250 772 2280 vel
788 2251 974 2281 maluissem

277 2296 361 2322 esset
378 2292 549 2331 legendum
563 2304 572 2322 ι
599 2292 684 2331 quod
701 2302 765 2322 non
776 2292 972 2333 displiceret.

277 2334 338 2364 Sed
355 2336 415 2364 etsi
431 2334 469 2365 de
483 2345 515 2364 re
539 2335 706 2374 praeterita
725 2344 831 2365 serino
846 2340 907 2371 cst,
923 2340 973 2366 ta-

277 2385 353 2407 men
368 2375 539 2416 vulgatum
565 2382 651 2407 stare
681 2381 802 2416 potest.
835 2382 973 2407 namet

278 2420 439 2449 malebam
461 2418 502 2448 ad
520 2419 724 2458 prseteriturn
746 2424 875 2458 tempus
899 2429 971 2458 per-

276 2460 374 2492 tinet.
419 2460 523 2497 Dicit,
556 2460 632 2499 quid
663 2466 736 2490 tum
767 2461 795 2491 ei
827 2460 943 2491 dixerit
959 2472 968 2492 ι

277 2511 394 2544 nempe
414 2503 437 2532 si
455 2503 490 2532 in
517 2503 653 2533 consilio
670 2503 835 2534 occidendi
864 2503 971 2534 Clodii

276 2551 509 2584 perseveraret,
532 2554 565 2575 se
589 2545 621 2574 id
643 2545 745 2583 inagis
768 2545 808 2575 ad
832 2546 969 2585 gloriam

275 2589 358 2625 ejuS,
379 2596 477 2627 quam
501 2587 541 2617 ad
564 2587 705 2626 gratiam
728 2596 823 2617 suam
849 2587 969 2618 relatu-

273 2637 358 2660 tum.

313 2673 334 2703 2
355 2672 384 2702 si
399 2672 455 2702 hoc
469 2675 515 2700 est
529 2671 667 2709 explere,
684 2671 768 2710 quod
779 2675 820 2700 s.t
835 2669 877 2709 e.]
903 2671 967 2701 Pu-

1017 2123 1058 2153 ba
1081 2132 1167 2164 saepe
1189 2128 1378 2164 permutata
1394 2128 1473 2154 sunt
1495 2124 1528 2154 in
1552 2124 1642 2155 libris
1657 2135 1715 2165 pei·

1017 2165 1210 2205 compendia
1221 2166 1393 2196 scribendi.
1439 2166 1565 2197 Contra
1578 2175 1710 2197 secutus

1016 2217 1089 2237 suru
1114 2208 1293 2245 Graevium,
1320 2209 1374 2247 qui
1399 2218 1456 2248 pro
1482 2209 1615 2239 advolas
1635 2219 1712 2240 cum

1018 2249 1143 2280 Faerno
1165 2256 1199 2280 et
1214 2250 1285 2280 aliis
1299 2261 1316 2280 e
1340 2251 1405 2281 Ms.
1427 2250 1502 2280 Vat.
1518 2252 1639 2290 recepit
1653 2252 1712 2281 ad-

1015 2293 1144 2329 volasti,
1162 2301 1238 2322 nam
1255 2292 1287 2322 id
1304 2293 1405 2323 etiam
1420 2298 1582 2333 tempora,
1592 2302 1711 2333 posses,

1015 2345 1095 2365 esses
1110 2335 1291 2373 requirunt.

1057 2380 1076 2407 3
1099 2387 1126 2407 c.
1151 2387 1177 2407 s.
1201 2378 1229 2406 ei
1251 2375 1385 2415 subjecit
1407 2377 1513 2406 securi
1535 2376 1609 2416 δια]
1639 2378 1661 2409 i.
1680 2389 1708 2409 e,

1014 2418 1159 2459 periculo
1181 2428 1323 2454 summu,
1337 2430 1355 2449 e
1378 2420 1477 2454 SCt0‚
1499 2424 1551 2455 ut,
1568 2420 1625 2458 qni
1648 2420 1710 2451 im·

1013 2461 1161 2500 pedierit,
1181 2461 1267 2500 quod
1289 2468 1421 2491 senatus
1441 2460 1614 2499 decresset,
1630 2472 1707 2493 con-

1011 2508 1065 2533 tra
1079 2513 1182 2543 remp.
1192 2503 1303 2533 fecisse
1311 2503 1531 2542 judicaretur:
1546 2513 1610 2543 quo
1620 2505 1708 2536 SCto

1013 2545 1125 2581 multi,
1142 2545 1195 2585 qni
1219 2545 1253 2574 in
1271 2546 1449 2575 minoribns
1464 2546 1583 2575 caussis
1606 2547 1709 2577 inter-

1013 2588 1197 2625 cessissent,
1211 2587 1334 2627 periere
1349 2600 1355 2617 :
1380 2588 1442 2618 hoc
1456 2592 1518 2625 est,
1530 2587 1617 2627 quod
1630 2593 1706 2628 post

1009 2629 1102 2667 dicit,
1117 2630 1151 2659 in
1167 2629 1295 2659 hostem
1311 2635 1464 2669 togatum
1480 2629 1609 2660 decerni
1621 2631 1705 2661 sole-

1011 2681 1055 2701 re.
1113 2671 1176 2701 Sed
1200 2677 1311 2701 tamen
1342 2672 1483 2702 maxime
1510 2672 1550 2702 ad
1581 2672 1705 2704 sctum

270 2716 381 2744 taverc
397 2714 456 2743 viri
475 2713 575 2748 docti,
590 2713 724 2742 vei-'oum
741 2712 908 2749 excidisse,
924 2718 962 2744 ut
1005 2718 1151 2753 spectare
1166 2712 1236 2744 haec
1260 2714 1423 2752 videntur,
1439 2723 1502 2754 quo
1526 2713 1616 2745 Coss.
1632 2725 1706 2755 per-

270 2757 437 2791 ‹levormme
457 2764 584 2794 rupem,
600 2755 686 2793 quod
700 2759 733 2784 et
749 2755 877 2785 Groevio
895 2755 963 2793 pla·
1006 2756 1105 2786 missa
1126 2760 1177 2785 est
1199 2755 1393 2798 respublica,
1418 2763 1458 2788 ut
1479 2762 1552 2789 tum
1574 2756 1699 2788 factum

268 2797 373 2828 cebnt.
419 2798 583 2828 Neutrum
607 2797 688 2827 mihi
713 2796 829 2837 placet.

267 2849 326 2880 pro
341 2840 425 2881 quod
445 2838 653 2872 scribendum
674 2848 789 2881 quum,
804 2849 876 2880 quae
892 2849 964 2872 ver-

878 2797 963 2828 Puto
1006 2802 1082 2840 post
1093 2797 1188 2830 dicit

1780 746 1785 799 ι’

1781 804 1785 898 l
