1812 3147
261 95 337 127 868
851 93 1098 132 ORATIO

260 203 366 244 erat,
399 202 446 234 ut
483 196 556 250 qui
597 195 746 236 modus
786 197 978 239 moribus
1017 198 1169 248 fuerat,
1203 197 1316 240 idem
1351 206 1462 240 esset
1503 198 1689 256 injuriae.

262 251 393 304 quid?
429 266 573 307 posses
595 253 820 296 extrudere
842 255 895 295 ad
918 255 1125 311 Cypriam
1149 257 1390 311 pecuniam.
1413 257 1559 312 praeda
1579 257 1692 313 peri-

263 308 357 348 erit.
387 307 470 349 alia
499 324 584 350 non
616 310 775 352 deerit:
818 311 932 353 hunc
960 313 1088 353 modo
1111 313 1423 354 amandandum
1454 328 1558 355 esse.
1618 312 1692 354 Sic

267 363 334 405 M.
359 364 469 406 Cato
498 366 673 418 invisus,
695 368 814 422 quasi
850 382 922 423 per
945 369 1215 420 beneficium,
1239 369 1433 426 Cyprum
1465 370 1692 426 relegatur.

267 420 511 476 Ejiciuntur
542 423 642 474 duo,
675 439 780 478 quos
813 425 1000 480 improbi
1030 425 1172 466 videre
1203 440 1290 467 non
1322 437 1543 482 poteraut:
1587 426 1693 467 alter

265 493 339 534 per
361 478 567 521 honorem
591 481 907 536 turpissimum:
939 481 1043 523 alter
1066 496 1139 537 per
1157 482 1501 525 honestissimam
1519 482 1693 525 calami-

202 535 251 568 66
267 545 411 576 tatem.
469 536 628 592 Atque,
650 547 696 577 ut
724 537 882 589 sciatis,
903 553 991 579 non
1020 538 1267 580 hominibus
1289 540 1433 590 istum,
1455 540 1526 581 sed
1561 541 1694 581 virtu-

264 592 378 632 tibus
402 593 566 634 hostem
588 608 753 649 semper
774 594 928 636 fuisse:
961 609 1029 635 me
1050 596 1245 651 expulso,
1266 596 1432 638 Catone
1449 597 1694 646 amandato,

264 649 306 689 in
330 664 426 690 eum
461 651 600 706 ipsum
631 666 673 691 se
703 651 930 701 convertit,
952 667 1038 707 quo
1070 663 1260 704 auctore,
1289 668 1374 708 quo
1407 653 1618 708 adjutore,
1648 653 1692 693 in

218 712 249 743 b.
265 707 561 758 concionibus,
591 722 654 759 ea,
717 722 782 748 uae
814 709 1004 763 gerebat,
1031 711 1190 760 omnia,
1210 724 1392 766 quaeque
1416 721 1618 766 gesserat,
1649 723 1694 750 se

263 762 412 804 fecisse
444 773 487 804 et
518 764 656 805 faeere
685 722 873 805 (dicebat.
935 765 1016 807 Cn.
1052 766 1319 823 Pompeium,
1349 782 1476 822 quem
1499 767 1693 808 omnium

253 819 422 873 judicio
437 821 564 877 longe
587 822 823 877 principem
841 836 931 862 esse
957 823 1146 864 civitatis
1170 824 1356 874 videbat,
1376 824 1536 865 diutius
1558 822 1692 864 furori

260 891 337 917 suo
361 879 527 918 veniam
551 878 749 919 daturum
764 893 849 919 non
873 880 1174 922 arbitrabatur.
1197 882 1268 936 qui
1291 895 1345 921 ex
1368 881 1460 936 ejus
1482 881 1693 931 custodia,

260 948 335 989 per
366 935 555 985 insidias,
577 939 612 965 2¹
634 936 745 991 regis
767 937 894 976 amici
928 936 1077 988 filium,
1100 938 1282 988 hostem,
1305 939 1542 994 captivum,
1564 938 1693 978 surri-

260 992 436 1046 puisset,
457 1000 507 1033 et
525 1007 574 1033 ea
596 993 752 1047 injuria
786 993 922 1033 virum
947 993 1227 1036 fortissimum
1256 995 1518 1036 lacessisset:
1551 1009 1693 1050 spera-

260 1049 322 1088 vit
347 1050 494 1089 iisdem
529 1064 571 1089 se
602 1050 738 1105 copiis
763 1064 860 1090 eum
895 1050 966 1091 illo
1001 1067 1123 1107 posse
1153 1053 1401 1108 confligere,
1435 1052 1692 1108 quibuscum

260 1118 342 1160 ego
365 1106 608 1156 noluissem,
635 1108 842 1148 bonorum
874 1108 1076 1163 perieuIO,
1098 1109 1324 1150 dimicare:
1357 1119 1401 1150 et
1430 1110 1569 1165 primo
1598 1109 1693 1164 qui-

261 1162 373 1213 dem,
395 1163 664 1218 adjutoribus
695 1164 966 1207 consulibus:
1000 1176 1149 1222 postea
1177 1166 1306 1222 fregit
1336 1166 1479 1207 foedus
1510 1165 1694 1206 Gabini-

199 1229 251 1267 67
265 1234 310 1259 us
330 1236 338 1260 ;
373 1220 474 1261 Piso
499 1231 640 1261 tamen
664 1221 705 1260 in
729 1221 812 1262 fide
833 1223 1004 1264 mansit.
1049 1223 1167 1269 Quas
1198 1224 1278 1264 iste
1300 1233 1391 1264 tum
1413 1223 1567 1274 eaedes,
1588 1237 1695 1278 quas

260 1275 558 1331 lapidationes,
580 1292 684 1332 quas
717 1277 840 1334 fugas
872 1279 1049 1321 feeerit:
1086 1295 1215 1335 quam
1246 1280 1370 1321 facile
1402 1280 1528 1331 ferro,
1551 1280 1694 1335 quoti-

259 1334 482 1389 dianisque
515 1335 693 1385 insidiis,
716 1350 814 1376 eum
832 1336 926 1391 jam
958 1351 983 1377 a
1014 1336 1256 1378 firmissimo
1289 1339 1442 1378 robore
1471 1337 1694 1393 copiarum

258 1405 429 1432 suarum
453 1391 623 1432 relictus
641 1403 766 1443 esset,
785 1393 866 1434 Cn.
893 1393 1147 1450 Pompeium
1163 1394 1271 1445 foro,
1286 1395 1488 1449 curiaque
1502 1394 1695 1450 privarit,

258 1447 520 1504 domumque
542 1449 790 1504 conjecerit,
814 1450 993 1491 vidistis.
1033 1450 1098 1492 Ex
1122 1452 1420 1507 quojudicare
1445 1456 1484 1482 22
1500 1451 1695 1508 potestis,

258 1515 420 1557 quanta
451 1506 512 1546 vis
544 1506 615 1547 illa
645 1506 773 1547 fuerit
803 1508 943 1548 oriens
975 1518 1018 1549 et
1047 1518 1325 1565 congregata,
1356 1523 1455 1550 cum
1485 1508 1581 1550 haec
1612 1507 1694 1550 Cn.

263 1561 520 1618 Pompeium
543 1564 846 1619 terrueritjaiii
869 1565 1075 1606 distracta
1094 1576 1137 1606 et
1158 1567 1367 1607 extincta.

177 1613 249 1667 26
313 1617 412 1660 Hoc
435 1620 543 1661 vidit
565 1621 609 1661 in
631 1623 844 1662 sententia
864 1622 1046 1663 dicenda
1059 1622 1263 1664 Kalendis
1281 1623 1499 1665 Januariis
1513 1622 1578 1663 vir
1594 1636 1696 1678 pru·

198 1690 248 1724 68
262 1676 549 1728 (lentissimus,
571 1688 614 1719 et
638 1692 735 1718 cum
767 1679 1030 1734 reipublicae,
1054 1690 1144 1721 tum
1176 1680 1297 1731 mihi,
1320 1691 1410 1721 tum
1433 1680 1563 1721 etiam
1586 1679 1696 1720 veri-

261 1735 338 1774 tati
370 1734 668 1784 amicissimus,
694 1735 741 1776 L.
772 1736 918 1787 Cotta,
941 1738 1012 1792 qui
1038 1737 1174 1793 legem
1196 1738 1248 1778 de
1277 1753 1373 1778 meo
1396 1737 1533 1778 reditu
1558 1736 1696 1778 feren-

258 1790 357 1830 dam
391 1806 474 1831 non
509 1793 698 1843 censuit3
731 1793 803 1848 qui
828 1808 896 1834 me
929 1794 1191 1835 consuluisse
1224 1794 1489 1850 reipublicae,
1521 1794 1697 1835 cessisse

259 1849 518 1903 tempestati,
542 1849 788 1890 amiciorem
812 1851 934 1891 vobis
954 1852 1192 1907 ceterisque
1216 1852 1398 1903 civibus,
1423 1865 1553 1907 quam
1587 1850 1695 1892 mihi

255 1919 305 1945 ac
326 1906 429 1945 meis
449 1907 680 1956 exstitisse,
703 1907 759 1957 vi,
783 1908 925 1958 armis,
948 1909 1264 1949 2³dissensione
1290 1909 1514 1950 hominum
1537 1908 1590 1950 ad
1613 1923 1696 1949 eae-

254 1961 351 2001 (lem
386 1963 598 2013 instituta,
620 1978 817 2018 novoque
847 1965 1069 2006 dominatu
1102 1965 1271 2020 pulsum
1301 1981 1391 2007 esse
1413 1965 1554 2007 dixit:
1589 1964 1697 2006 nihil

255 2018 307 2058 (le
340 2034 434 2059 meo
465 2021 606 2076 capite
639 2023 828 2076 potuisse
859 2022 982 2064 ferri:
1015 2023 1176 2063 2⁴nihil
1207 2038 1296 2064 esse
1328 2023 1598 2078 inscriptum,
1622 2031 1698 2063 aut

256 2090 380 2130 posse
403 2076 539 2117 valere
558 2091 565 2115 t
592 2077 737 2118 omnia
761 2090 911 2120 contra
932 2079 1046 2135 leges
1068 2094 1292 2135 moresque
1315 2080 1542 2135 majorum,
1564 2090 1698 2120 teme-

256 2147 314 2183 re,
339 2133 596 2183 turbulente,
629 2150 703 2190 per
738 2136 839 2186 vim,
866 2151 937 2192 per
961 2137 1144 2177 furorem
1168 2151 1258 2177 esse
1281 2148 1416 2193 gesta.
1442 2137 1595 2192 quodsi
1625 2135 1697 2177 illa

256 2189 323 2230 lex
347 2201 471 2241 esset,
492 2206 569 2232 nee
593 2195 631 2221 2⁵
649 2191 802 2232 referre
818 2195 869 2234 ad
893 2204 1086 2234 senatum
1110 2194 1320 2244 eonsules,
1340 2208 1418 2234 nee
1438 2194 1697 2234 sententiam

255 2247 397 2288 (licere
419 2248 499 2288 sibi
524 2249 673 2289 licere:
707 2264 888 2304 quorum
923 2260 1151 2306 utrumque
1182 2266 1280 2292 eum
1303 2252 1437 2302 fieret,
1460 2266 1545 2292 non
1568 2265 1696 2307 opor-

294 2389 328 2417 ‘21
368 2390 457 2425 regis
492 2390 591 2418 amici
615 2388 747 2429 filium]
786 2389 951 2427 Tigranis,
1039 2393 1078 2422 24
1102 2392 1186 2421 nihil
1205 2402 1269 2422 esse
1291 2391 1499 2431 inscriptum]
1530 2391 1696 2422 Vitiosum

251 2430 343 2467 cujus
369 2431 474 2460 filium
497 2431 662 2470 captivum
689 2430 776 2461 domi
801 2441 868 2461 suae
896 2432 952 2462 ha-
995 2442 1063 2463 esse
1086 2434 1292 2473 inscriptmn,
1323 2443 1437 2463 omnes
1467 2433 1696 2464 consentiunt.

251 2471 348 2501 bebat
366 2472 549 2513 Pompeius.
997 2475 1175 2514 Corrigunt
1190 2475 1244 2505 alii
1257 2475 1340 2515 jure
1354 2477 1523 2515 scriptum,
1539 2480 1576 2505 ut
1594 2475 1702 2506 Hoto-

295 2515 335 2543 ‘22
353 2515 498 2553 potestis]
526 2515 670 2545 Graevius
693 2525 731 2544 ex
757 2515 820 2545 Ms.
845 2516 897 2546 Fr.
919 2521 953 2547 ot
997 2527 1149 2551 mannus,
1171 2517 1373 2555 Lambinus3
1405 2516 1551 2558 aliijure
1563 2518 1694 2554 scitum,

252 2555 302 2585 ed.
327 2556 377 2586 w.
397 2556 485 2587 dedit
506 2558 667 2596 potuistis:
696 2557 777 2587 nihil
804 2559 952 2589 interest.
997 2564 1034 2588 ut
1052 2560 1085 2588 P.
1103 2560 1284 2589 Manutius.
1329 2560 1414 2590 Illud
1430 2559 1545 2590 melius
1559 2559 1696 2590 videtur.

254 2607 327 2628 mox
353 2599 436 2628 idem
454 2605 641 2637 agg-regam
665 2610 703 2628 ex
727 2599 852 2636 iisdem,
868 2601 953 2639 quod
998 2600 1058 2630 Ed.
1076 2601 1171 2631 dum.
1188 2601 1287 2632 habet
1301 2603 1384 2631 nihil
1397 2612 1460 2632 esse
1473 2604 1642 2641 scriptum.

251 2645 286 2668 vt
323 2641 446 2671 habent
474 2641 547 2672 edd.
579 2645 669 2672 1420.
701 2647 733 2671 et
760 2642 856 2672 «lunt.
886 2653 951 2672 non
1039 2645 1078 2673 25
1102 2643 1226 2683 referre
1240 2644 1442 2673 adservatum
1459 2643 1616 2683 consules]
1641 2643 1698 2673 Vi-

253 2682 348 2713 male.
996 2684 1091 2715 detur
1113 2686 1319 2716 scribendum
1342 2686 1535 2722 consulibus,
1560 2690 1599 2716 ut
1621 2690 1697 2726 post

294 2726 333 2754 93
351 2725 542 2755 dissensione
553 2725 734 2765 hominum]
767 2726 830 2756 Ms.
843 2726 951 2757 Guelf.
994 2738 1023 2756 s,
1041 2727 1144 2757 «licere
1166 2729 1235 2758 sibi.
1282 2728 1404 2757 Pendet
1426 2734 1602 2767 utrumque
1616 2738 1636 2758 a
1658 2729 1696 2757 Ii—

250 2766 448 2798 discessione.
467 2768 593 2799 melius.
611 2778 641 2799 v.
663 2767 703 2799 ad
718 2769 812 2808 Quir.
832 2779 866 2809 p.
886 2770 950 2801 red.
995 2779 1076 2799 cere.
1122 2770 1248 2801 Vitium
1273 2776 1383 2801 ortum
1398 2776 1448 2801 est
1469 2780 1487 2800 e
1503 2769 1697 2810 compendio

247 2819 278 2839 e.
297 2811 327 2839 3.
1000 2811 1082 2842 Coss.
