1769 3174
440 119 515 157 DE
541 116 842 155 PROVINCIIS
869 117 1282 156 CONSULARIBUS.
1474 122 1572 161 1078

144 219 250 261 nihil
274 235 402 274 nunc,
434 232 573 279 patres
604 220 852 277 conscripti,
883 219 925 260 in
950 220 1167 261 hominem
1197 221 1361 276 ipsu1n;
1392 221 1444 263 de
1474 237 1572 279 pro-

144 277 287 319 vincia
308 279 494 336 disputo.
557 277 708 334 Itaque
730 279 874 319 omnia
896 276 979 328 illa,
1000 290 1096 332 quae
1120 285 1163 317 et
1184 291 1297 332 saepc
1315 278 1506 331 audistis,
1529 289 1573 321 et

141 335 295 376 tenetis
327 337 492 388 animis,
514 335 679 377 etiamsi
708 349 793 376 non
825 334 1022 384 audiatis,
1051 335 1358 390 praetermitto:
1392 336 1495 377 nihil
1518 337 1571 378 de

138 389 220 432 hac
241 392 333 447 ejus
366 395 540 444 urbana,
563 407 690 448 quam
714 392 782 433 ille
805 405 989 448 praesens
1013 391 1054 431 in
1086 390 1220 432 oculis
1244 391 1393 431 vestris
1416 395 1570 434 menti·

138 447 303 503 busque
336 450 502 501 defixit,
525 450 702 491 audacia
728 449 903 504 loquor:
940 447 1048 489 nihil
1076 448 1128 488 de
1152 447 1366 504 superbia,
1389 448 1495 489 nihil
1517 451 1569 490 de

137 508 424 558 contumacia,
464 507 569 548 nihil
600 507 652 548 de
683 505 933 547 crudelitate
963 505 1150 561 disputo.
1180 504 1341 546 lateant
1369 503 1567 548 libidines

135 561 228 616 ejus
252 562 333 604 illae
359 565 649 614 tenebricosae,
680 578 784 619 quas
808 562 947 603 fronte
969 570 1012 603 et
1034 562 1274 618 supercilio,
1297 576 1380 602 non
1405 563 1567 618 pudore

134 629 178 659 et
209 622 491 677 temperantia
520 622 801 677 contegebat:
837 621 888 662 de
919 619 1154 676 provincia,
1188 619 1302 674 quod
1334 620 1490 675 agitur,
1522 621 1564 662 id

132 674 322 732 disputo.
384 678 500 720 Huic
524 693 596 719 vos
627 693 712 719 non
735 676 1039 718 summittetis?
1069 677 1182 718 hunc
1204 676 1364 717 diutius
1394 691 1564 720 manere

133 734 386 788 patiemini?
432 736 570 791 cujus,
603 745 650 776 ut
684 734 949 791 provinciam
978 734 1136 789 tetigit,
1160 734 1220 775 sic
1258 732 1432 774 fortuna
1463 750 1559 777 cum
1574 748 1672 784 p.71.

131 790 410 846 improbitate
431 792 624 843 certavit,
647 803 695 832 ut
719 805 842 832 nemo
865 800 1022 847 posset,
1048 793 1234 832 ¹⁵utrum
1258 791 1482 846 posterior,
1507 808 1558 834 an
1573 797 1602 817 a.

130 847 344 889 infelicior
364 859 488 900 esset,
512 849 722 904 judicare.
781 848 850 889 An
875 863 973 889 vero
996 848 1038 888 in
1062 847 1186 904 Syria
1207 847 1368 889 diutius
1389 859 1454 889 est
1485 850 1596 894 Se-9

128 904 318 946 miramis
343 906 412 947 illa
434 905 680 948 retinenda?
711 904 833 960 cujus
866 905 946 946 iter
976 905 1017 946 in
1050 905 1314 961 provinciam
1344 904 1426 946 fuit
1447 907 1561 961 ejus-

129 962 260 1013 modi,
284 973 331 1003 ut
367 964 402 994 ¹6
416 977 486 1004 rex
518 963 829 1004 Ariobarzanes
852 962 1069 1004 consulem
1103 971 1289 1003 vestrum
1321 962 1373 1003 ad
1397 965 1560 1006 caedem

127 1017 383 1071 faciendam,
407 1028 624 1075 tamquam
645 1020 830 1075 aliquem
846 1018 1071 1070 Thracem,
1086 1019 1358 1060 conduceret.
1391 1019 1561 1063 Deinde

126 1075 334 1117 adventus
372 1078 415 1117 in
454 1077 622 1132 Syriam
656 1077 832 1133 primus,
865 1076 1081 1132 equitatus
1122 1076 1274 1117 habuit
1312 1076 1557 1120 interitum:

127 1142 226 1188 post
247 1133 431 1175 concisae
455 1143 552 1175 sunt
573 1135 750 1190 optimae
773 1133 986 1175 cohortes.
1034 1132 1174 1189 Igitur
1197 1134 1239 1174 in
1263 1133 1401 1189 Syria,
1423 1134 1559 1192 impe-

124 1200 266 1231 ratore
286 1190 373 1242 isso,
396 1191 502 1232 nihil
525 1191 638 1232 aliud
662 1201 805 1232 actum
825 1200 903 1241 est,
925 1190 1007 1232 nisi
1030 1191 1250 1246 pactiones
1279 1191 1555 1246 pecuniarum

123 1261 222 1288 cum
246 1249 454 1303 tyrannis,
473 1248 726 1300 decisiones,
746 1248 1023 1305 direptiones,
1040 1247 1276 1299 latrocinia,
1290 1248 1444 1299 caedes,
1458 1264 1553 1290 cum

122 1304 263 1360 palam
286 1305 433 1361 populi
457 1305 642 1346 Romani
676 1306 921 1362 imperator,
945 1305 1154 1346 instructo
1177 1305 1384 1355 exercitu,
1406 1305 1557 1348 dexte-

122 1376 213 1403 ram
235 1362 427 1412 tendens,
450 1377 536 1404 non
559 1362 612 1404 ad
642 1362 807 1404 laudem
841 1362 998 1403 milites
1029 1361 1284 1413 hortaretur,
1316 1363 1387 1403 sed
1411 1365 1557 1407 omnia

122 1419 203 1459 sibi
227 1429 270 1459 et
290 1428 406 1460 emta
425 1428 468 1460 et
489 1420 669 1461 emenda
688 1433 779 1460 esse
800 1418 1016 1461 clamaret.
1057 1418 1158 1461 Jam
1181 1433 1280 1461 vero
1302 1419 1554 1474 publicanos
1569 1410 1602 1459 5

119 1476 297 1517 miseros
317 1480 406 1530 (me
435 1477 565 1517 etiam
597 1477 813 1527 miserum,
845 1476 1013 1518 illorum
1035 1476 1097 1517 ita
1122 1476 1175 1517 de
1207 1490 1276 1517 me
1304 1477 1554 1520 meritorum
1570 1483 1618 1516 10

119 1533 301 1574 miseriis
323 1548 373 1575 ac
395 1533 559 1584 dolore)
585 1536 619 1568 17
635 1533 810 1574 tradidit
833 1533 875 1574 in
896 1533 1146 1575 servitutem
1165 1532 1332 1575 Judaeis
1355 1543 1397 1575 et
1419 1535 1554 1591 SyriS,

115 1590 367 1633 nationibus
389 1591 500 1632 natis
524 1590 734 1631 servituti.
795 1590 958 1631 Statuit
979 1591 1033 1631 ab
1056 1590 1196 1642 initio,
1216 1599 1259 1631 et
1282 1590 1324 1631 in
1346 1605 1397 1632 eo
1418 1607 1558 1648 perse-

118 1647 387 1703 veravit‚jus
411 1648 641 1704 publicano
659 1662 745 1688 non
769 1647 934 1689 dicere:
967 1647 1187 1703 pactiones
1215 1647 1306 1688 sine
1338 1647 1422 1689 ulla
1442 1649 1556 1705 inju-

117 1704 180 1744 ria
212 1704 346 1745 factas
379 1705 575 1746 rescidit:
611 1708 646 1737 ¹8
660 1704 876 1746 custodias
908 1704 1102 1746 sustulit:
1135 1704 1367 1760 vectigales
1396 1706 1554 1750 multos

116 1776 167 1802 ac
201 1761 501 1817 stipendiarios
537 1761 759 1804 liberavit:
796 1777 882 1817 quo
915 1762 959 1802 in
992 1761 1154 1817 oppido
1192 1762 1284 1818 ipse
1316 1772 1440 1813 esset,
1479 1775 1554 1805 aut

116 1833 203 1874 quo
227 1818 404 1870 veniret,
426 1819 485 1860 ibi
511 1819 800 1876 publicanum,
823 1828 898 1860 aut
927 1819 1146 1875 publicani
1177 1833 1345 1860 servum
1368 1833 1459 1861 esse
1480 1835 1551 1862 ve-

116 1875 216 1916 tuit.
247 1875 349 1930 quid
383 1876 544 1918 multa?
575 1876 756 1917 crudelis
789 1876 1031 1926 haberetur,
1064 1875 1098 1915 si
1130 1876 1172 1916 in
1203 1875 1370 1917 hostem
1406 1877 1549 1919 animo

116 1931 268 1973 fuisset
287 1946 354 1983 eo,
375 1948 461 1988 quo
484 1933 567 1974 fuit
592 1933 633 1974 in
658 1933 774 1974 cives
808 1932 1044 1983 Romanos,
1065 1933 1157 1987 ejus
1179 1933 1340 1974 ordinis
1374 1948 1550 1989 praeser-

114 1989 208 2039 tim,
230 1989 302 2044 qui
324 1998 389 2030 est
418 2004 584 2045 semper
613 1990 826 2046 dignitate
854 2005 943 2040 sua,
974 1989 1242 2045 benignitate
1273 1992 1547 2047 magistratus

114 2055 390 2087 sustentatus.
452 2046 604 2102 Itaque
626 2047 794 2097 videtis,
818 2056 958 2103 patres
980 2046 1229 2101 conscripti,
1255 2061 1338 2087 non
1366 2050 1547 2090 ¹9teme-
1563 2052 1605 2085 ll

111 2103 239 2144 ritate
260 2103 552 2154 redemtionis,
575 2112 649 2144 aut
670 2104 832 2159 negotii
856 2103 1032 2160 gerendi
1057 2103 1240 2154 inscitia,
1263 2104 1335 2144 sed
1353 2106 1547 2157 avaritia,

111 2160 326 2216 superbia,
367 2160 619 2202 crudelitate
662 2160 856 2212 Gabinii,
898 2173 1022 2217 paene
1062 2160 1245 2201 afflictos
1285 2160 1378 2215 jam
1420 2172 1548 2219 atque

109 2231 278 2260 eversos
319 2218 594 2274 publicanos:
626 2218 782 2273 quibus
817 2218 990 2273 quidem
1029 2231 1120 2268 VOS,
1153 2218 1195 2258 in
1235 2217 1300 2258 his
1337 2221 1547 2275 angustiis

155 2364 190 2394 15
205 2367 320 2393 utrum
330 2363 502 2403 posterior]
521 2373 550 2394 v.
567 2363 657 2395 Clav.
848 2362 1022 2402 provinciis
1042 2362 1205 2402 probasse,
1222 2366 1255 2393 et
1272 2373 1340 2393 rem
1356 2365 1482 2403 justam
1498 2366 1545 2396 ita

152 2405 190 2436 16
212 2415 272 2435 rea:
294 2405 531 2435 Ariobarzanes
554 2405 628 2445 &c.]
649 2406 733 2436 Usus
755 2410 805 2435 est
846 2404 1019 2434 detorsisse
1032 2405 1066 2435 in
1081 2406 1306 2436 contrarium:
1329 2410 1362 2436 et
1377 2409 1545 2446 sequentia

105 2446 246 2478 Gabinio
255 2447 295 2478 ad
301 2447 484 2477 tollendum
493 2447 690 2478 Archelaum
702 2457 803 2477 aemu-
847 2452 1042 2486 repugnant.

106 2489 176 2527 lum
192 2499 302 2525 suum,
317 2489 371 2528 qui
387 2500 475 2525 eum,
491 2499 558 2519 non
569 2489 700 2529 quidem
716 2495 801 2524 tum,
891 2491 927 2519 18
950 2489 1110 2519 custodias
1131 2488 1278 2528 sustulit]
1307 2490 1413 2520 intell.
1436 2492 1543 2531 publi-

103 2531 233 2571 fugerat
253 2533 342 2562 enim
364 2531 397 2561 in
420 2532 613 2571 AEgyptum,
636 2531 691 2562 sed
715 2536 800 2570 post,
845 2540 1015 2566 canorum,
1037 2540 1116 2570 quas
1143 2534 1174 2560 in
1203 2532 1302 2570 agris,
1324 2533 1406 2562 areis
1432 2540 1541 2564 arato-

102 2583 177 2604 cum
194 2573 409 2603 Ptolemaeum
425 2574 458 2602 in
472 2574 652 2614 AEffl'pttim
669 2572 800 2604 reduce·
842 2582 929 2609 rum,
952 2572 1129 2609 habebant,
1151 2583 1226 2603 cum
1248 2576 1452 2605 frumentum
1477 2577 1539 2606 tol-

103 2619 168 2650 rat,
184 2615 361 2646 interfecit.
377 2625 406 2646 v.
423 2615 513 2646 Clav.
842 2614 977 2652 leretur,
1000 2615 1033 2644 in
1059 2616 1229 2655 portubus,
1255 2615 1297 2645 ad
1322 2616 1537 2655 inspiciendas

151 2660 185 2690 17
208 2658 347 2688 tradidit
369 2658 405 2687 in
429 2657 632 2698 servitutem]
662 2657 710 2688 Ut
732 2667 800 2688 non
842 2666 977 2694 merces,
993 2667 1034 2687 ne
1048 2656 1288 2688 fraudarentur.

103 2707 233 2729 neeesse
255 2699 412 2730 haberent
435 2699 570 2737 solvere,
586 2700 672 2739 quod
694 2699 801 2740 publi-
890 2702 926 2732 19
940 2701 1124 2729 temeritate
1135 2700 1352 2748 redemtionis]
1368 2701 1466 2737 Cum,
1482 2712 1538 2742 per

101 2741 175 2771 cani
199 2741 378 2780 exigerent,
400 2742 466 2772 sive
484 2742 560 2781 jure
582 2743 647 2771 sive
668 2742 798 2780 injuria.
842 2741 1070 2781 cupiditatem,
1086 2741 1200 2780 majori
1219 2751 1357 2781 pecuina
1374 2743 1537 2774 redimun-

101 2782 254 2814 Oratorie
268 2782 393 2813 dictum
416 2788 548 2823 putant,
561 2788 594 2813 et
615 2784 649 2813 in
670 2789 798 2823 partem
841 2787 898 2812 tur
919 2783 1103 2822 vectigalia,
1118 2793 1214 2821 quam
1232 2793 1269 2812 ex
1292 2784 1328 2814 iis
1352 2785 1441 2816 refici
1465 2791 1537 2825 pot—

100 2824 295 2855 deteriorem
309 2835 316 2853 z
340 2824 395 2855 scd
411 2835 477 2855 non
491 2834 541 2856 est
563 2825 728 2862 credibile,
745 2826 799 2856 Ci-
841 2830 902 2855 est.

101 2876 252 2898 neronem
281 2867 529 2908 publicanorum
565 2867 737 2898 avaritiam
765 2867 799 2897 in

761 2913 887 2950 4A3
