1785 3185
441 142 562 181 PRO
588 143 633 180 T.
660 141 852 180 ANNIO
877 141 1126 181 MILONE.
1388 146 1498 185 116⁹

62 247 258 289 boratam
285 245 377 302 jam
408 254 620 288 vetustate
653 245 892 286 audaciam.
950 244 1021 285 An
1053 259 1169 297 vero,
1199 245 1385 301 judices,
1415 259 1554 294 vos33

64 304 141 345 soli
164 303 389 360 ignoratis,
412 318 486 345 vos
518 302 708 358 hospites
739 303 783 342 in
817 301 900 342 hac
922 303 1028 343 urbe
1053 303 1309 344 versamini?
1339 314 1492 347 vestrae

62 361 387 417 peregrinantur
418 374 554 411 aures,
575 373 712 414 neque
746 359 787 399 in
820 359 902 400 hoc
935 367 1167 414 pervagato
1189 359 1376 401 civitatis
1407 376 1493 403 ser-

60 431 187 458 mone
211 426 443 468 versantur,
465 431 569 473 quas
601 416 668 457 ille
699 416 814 472 leges
836 416 888 468 (si
921 415 1036 472 leges
1068 415 1342 456 nominandae
1378 428 1491 470 sunt,

59 489 109 515 ac
132 489 215 515 non
241 474 353 515 faces
378 475 494 515 urbis
515 484 559 514 et
580 483 720 529 pestes
745 472 1027 528 reipublicae,)
1051 471 1180 513 fuerit
1210 472 1489 527 impositurus

58 531 183 572 nobis
224 532 423 572 omnibus
462 541 590 586 atque
635 531 878 571 inusturus?
931 528 1116 580 Exhibe,
1155 543 1317 583 quaeSO,
1357 531 1491 572 Sexte

61 587 202 640 Clodi,
234 588 393 629 exhibe
428 588 647 629 librarium
685 587 788 628 illud
822 587 966 642 legum
1004 596 1254 636 vestrarum,
1292 587 1407 641 quod
1446 597 1489 628 te

57 645 179 685 aiunt
207 646 413 700 eripuisse
441 661 463 686 e
492 646 636 694 domo,
659 653 701 684 et
733 659 788 685 ex
821 644 972 685 mediis
1005 644 1132 684 armis
1168 644 1378 698 turbaque
1410 658 1489 684 no-

57 711 209 742 cturna
232 712 447 757 tamquam
484 701 721 742 Palladium
755 701 986 752 sustulisse,
1009 710 1058 741 ut
1085 703 1127 731 44
1140 700 1392 756 praeclarum
1425 701 1488 742 vi-

56 757 210 799 delieet
236 774 402 810 munus,
426 770 553 814 atque
576 760 906 798 instrumentum
929 759 1170 799 tribunatus
1201 758 1254 799 ad
1285 757 1486 813 aliquem,

58 815 91 855 si
114 828 265 856 nactus
286 831 411 867 esses,
434 817 503 871 qui
530 826 603 855 tuo
626 815 803 856 arbitrio
827 815 1091 855 tribunatum
1116 823 1296 870 gereret,
1321 814 1486 856 deferre

56 886 217 927 posseS.
279 871 334 913 Et
366 873 564 928 adspexit
601 886 668 912 me
702 872 781 912 illis
818 872 990 927 quidem
1024 872 1172 922 oculis,
1203 872 1359 927 quibus
1390 882 1613 918 tuum-108.

56 929 233 980 solebat,
256 944 351 971 cum
376 931 522 970 onmia
542 930 740 969 omnibus
763 929 1019 970 minabatur.
1081 928 1237 970 Movet
1267 943 1335 970 me
1355 930 1522 986 quip-a·

53 1000 107 1040 pe
128 986 270 1027 lumen
293 987 438 1027 curiae.
499 986 644 1033 Quid?
677 995 719 1026 tu
752 1001 820 1026 me
853 986 1022 1036 iratum,
1056 986 1201 1037 Sexte,
1234 996 1359 1042 putas
1385 982 1562 1038 tibi,13

54 1043 177 1097 cujus
211 1053 255 1084 tu
289 1043 631 1084 inimicissimum
665 1043 800 1083 multo
822 1043 1034 1084 crudelius
1063 1044 1192 1084 etiam
1222 1044 1397 1100 punitus
1420 1059 1481 1096 es,

53 1113 182 1154 quam
204 1109 293 1141 erat
316 1101 594 1141 humanitatis
618 1114 723 1141 meae
748 1099 989 1155 postulare?
1020 1099 1083 1140 Tu
1106 1100 1155 1141 P.
1173 1100 1314 1142 Clodii
1332 1116 1484 1142 cruen-

55 1165 147 1197 tum
170 1158 350 1199 cadaver
373 1158 537 1213 ejecisti
560 1158 704 1207 domo,
728 1167 772 1197 tu
794 1160 834 1187 45
851 1157 892 1197 in
926 1157 1146 1213 publicum
1180 1158 1403 1213 abjecisti:
1438 1168 1485 1199 tu

56 1214 285 1269 spoliatum
318 1215 594 1270 imaginibus,
616 1214 845 1269 exsequiis,
870 1229 1041 1270 pompa,
1064 1214 1322 1266 laudatione,
1346 1214 1485 1256 infeli-

54 1272 237 1312 cissimis
270 1271 398 1327 lignis
432 1272 788 1321 semiustulatum,
815 1272 1037 1312 nocturnis
1068 1273 1246 1312 canibus
1276 1273 1486 1314 dilanian-

54 1327 155 1368 dum
179 1329 402 1385 reliquisti.
423 1331 605 1384 40'quam
629 1343 716 1369 rem
738 1329 817 1368 etsi
841 1328 1000 1369 nefarie
1022 1328 1177 1379 fecisti,
1201 1339 1359 1380 tamen,
1377 1345 1484 1385 quo-

52 1386 168 1426 niam
201 1387 243 1426 in
276 1400 372 1426 meo
404 1386 580 1426 inimico
602 1385 897 1427 crudelitatem
927 1386 1202 1441 expromsisti
1228 1398 1360 1438 tuam,
1393 1387 1482 1428 lau-

53 1441 152 1482 dare
175 1457 261 1484 non
284 1458 471 1498 possum,
495 1443 618 1484 irasci
641 1453 755 1484 certe
776 1457 862 1483 non
884 1442 1035 1483 debeo.
1082 1442 1132 1483 P.
1157 1443 1297 1484 Clodii
1322 1450 1541 1499 praem-34

53 1512 143 1539 rain
165 1514 251 1540 non
274 1502 363 1540 sine
386 1500 576 1541 maximo
600 1515 738 1540 rerum
760 1515 966 1541 novarum
989 1508 1106 1541 metu
1130 1501 1326 1557 proponi,
1348 1512 1391 1542 et
1414 1517 1482 1542 so-

52 1555 185 1596 lutam
218 1557 308 1598 fore
332 1557 555 1608 videbatis,
586 1558 665 1598 nisi
698 1568 808 1597 esset
839 1557 874 1597 is
896 1557 1060 1608 consul,
1086 1558 1160 1612 qui
1181 1572 1272 1598 eam
1308 1559 1484 1600 auderet

51 1623 281 1669 possetque
303 1615 612 1669 constringere.
674 1613 782 1654 Eum
818 1613 1029 1655 Milonem
1052 1628 1157 1665 esse,
1178 1630 1276 1656 cum
1309 1616 1487 1657 sentiret

52 1670 275 1711 universus
307 1670 490 1727 populus
532 1671 773 1722 Romanus3
805 1671 900 1726 quis
923 1671 1153 1722 dubitaret,
1178 1672 1384 1727 suffragio
1407 1688 1484 1714 suo

54 1740 98 1766 se
119 1738 252 1778 metu,
274 1728 463 1784 periculo
486 1728 794 1784 rempublicam
816 1728 1022 1770 liberare?
1052 1731 1092 1761 47
1105 1728 1166 1769 At
1187 1744 1289 1780 non,
1315 1729 1363 1770 P.
1383 1729 1486 1771 Clo-

53 1783 125 1825 dio
158 1796 338 1836 remoto,
372 1785 539 1826 usitatis
565 1786 658 1841 jam
691 1786 817 1826 rebus
850 1786 1099 1826 enitendum
1132 1796 1196 1826 est
1232 1786 1407 1838 Miloni,
1438 1796 1487 1829 ut

55 1850 224 1883 tueatur
253 1842 509 1898 dignitatem
542 1857 675 1883 suam.
705 1842 931 1898 singularis
964 1842 1034 1883 illa
1057 1842 1157 1883 huic
1187 1844 1260 1883 uni
1283 1858 1487 1886 concessa

53 1898 203 1954 gloria,
222 1914 318 1954 quae
340 1900 532 1954 quotidie
553 1900 791 1956 augebatur
809 1899 1057 1955 frangendis
1073 1899 1289 1941 furoribus
1310 1899 1486 1942 Clodia-

54 1956 134 2007 nis,
160 1955 255 2011 jam
285 1966 422 1996 morte
445 1956 587 1997 Clodii
618 1955 789 1998 cecidit.
853 1957 938 1996 Vos
972 1957 1115 2013 adepti
1146 1958 1262 2007 estis,
1284 1971 1485 2013 nequem

52 2013 191 2053 civem
222 2013 492 2055 metueretis:
524 2013 595 2053 hic
625 2013 978 2054 exercitationem
1001 2013 1187 2064 virtutis,
1211 2014 1484 2070 suffragatio-

50 2084 149 2110 nem
186 2070 446 2122 consulatus,
478 2070 644 2110 fontem
682 2084 925 2126 peremnem
967 2070 1116 2126 gloriae
1157 2086 1244 2112 suae
1281 2072 1482 2127 perdidit.

53 2126 207 2183 Itaque
245 2126 427 2168 Milonis
461 2127 723 2179 consulatus,
760 2127 849 2182 qui,
883 2127 984 2169 vivo
1025 2126 1196 2180 Clodio,
1233 2128 1482 2172 labefactari

92 2282 134 2310 44
154 2281 357 2319 prm-larum
384 2280 460 2311 inde
485 2289 605 2309 munus
633 2288 672 2309 ac
697 2279 749 2308 in·
791 2278 854 2308 beo.
878 2277 1028 2308 Arbitror
1042 2279 1235 2319 probaturos
1249 2284 1397 2311 nostram
1411 2290 1484 2312 eor.

54 2322 186 2361 strum]
211 2322 274 2352 Pro
290 2322 363 2353 inde
383 2322 456 2353 dedi
472 2323 617 2351 videlicet
631 2332 649 2351 e
666 2321 746 2352 Mss.

52 2363 156 2401 bonis,
183 2374 258 2395 cum
283 2364 400 2395 Lamb.
428 2368 461 2394 et
488 2363 630 2394 Graevio.
657 2363 743 2394 Edd.

53 2405 106 2435 W.
134 2408 222 2437 1480.
245 2407 334 2438 Med.
355 2407 452 2437 idem.
476 2405 591 2437 deinde
612 2415 653 2440 αι·
673 2415 745 2436 cor-

53 2447 120 2477 rexi
136 2453 243 2487 atque.
288 2449 341 2479 Sic
353 2448 404 2479 ed.
419 2448 515 2479 Rom.

94 2491 134 2519 45
157 2490 192 2520 in
208 2491 377 2530 publicum
400 2489 559 2531 abjecisti]
588 2490 641 2519 Sic
663 2489 745 2519 bene

53 2529 117 2561 Ms.
132 2531 256 2563 Fabric.
273 2532 342 2563 Erf.
365 2533 422 2563 alii
435 2532 568 2574 ejecisti,
584 2531 744 2562 Gruterus

44 2571 156 2612 jecisti
169 2575 270 2604 tacite
283 2574 384 2605 dedit.

95 2615 137 2645 46
151 2625 250 2654 quam
264 2626 335 2646 ‘rem
348 2617 408 2646 etsi
422 2616 600 2646 necessario
611 2614 741 2655 fecisti]

56 2654 121 2686 Hic
145 2654 235 2687 locus
265 2658 475 2697 perturbatus
503 2667 571 2688 esse
603 2663 638 2688 et
675 2668 746 2688 cor-

53 2701 170 2736 ruptus
185 2698 313 2729 videtur
334 2710 354 2730 a
374 2699 526 2736 librariis,
540 2705 576 2730 et
597 2700 643 2730 sie
658 2700 744 2730 ordi-

54 2738 202 2770 nandus:
225 2750 324 2779 quam
343 2751 415 2772 rem
436 2742 506 2779 etsi,
520 2742 598 2781 quia
619 2742 745 2782 nefa-rie

43 2779 171 2819 fecisti,
198 2782 335 2812 laudare
362 2793 426 2813 non
447 2793 599 2824 possum.-
621 2787 745 2820 tamen,

56 2823 358 2864 quoniam—tuam,
377 2826 477 2857 irasci
499 2830 584 2857 certe
605 2835 669 2856 mm
693 2826 748 2856 de-

791 2320 970 2350 rectionem
985 2321 1221 2360 intelligentes.
1244 2321 1372 2361 nefarie
1384 2328 1434 2353 est
1447 2325 1483 2354 in

786 2362 878 2392 libris
900 2363 1052 2401 optimis:
1075 2363 1130 2403 qui
1152 2368 1187 2394 et
1209 2363 1344 2401 habent,
1359 2374 1425 2404 qua
1445 2376 1483 2396 re

787 2405 845 2435 etsi
859 2404 987 2445 anizrie
995 2406 1061 2445 sec.
1097 2405 1160 2435 Sed
1173 2405 1206 2436 id
1218 2415 1285 2436 non
1301 2411 1415 2446 aptum
1431 2418 1484 2438 ce.

786 2447 876 2477 teris.
922 2447 1053 2477 Interea
1066 2451 1180 2478 tamen
1202 2447 1330 2487 netur-ie
1351 2458 1410 2489 pro
1427 2460 1482 2480 ne-

787 2489 924 2519 cessario
938 2489 1055 2529 recepi.

849 2535 867 2565 7
881 2530 925 2561 Ac
941 2532 1016 2570 non]
1034 2530 1180 2561 Graevius
1195 2529 1286 2561 dedit
1299 2542 1317 2562 e
1332 2531 1396 2562 Ms.
1413 2532 1483 2564 Erf.

787 2583 893 2605 mmo,-
917 2573 1003 2603 male
1016 2573 1140 2612 utique.
1153 2583 1228 2603 nam
1244 2583 1319 2603 mox
1335 2572 1482 2614 estjam.

787 2615 849 2645 Est
869 2615 940 2646 haee
961 2614 1064 2646 altera
1086 2624 1160 2654 pars
1179 2614 1482 2648 demonstrationis.

788 2657 922 2688 Clodius
930 2656 1075 2688 multum
1089 2657 1215 2687 Milone
1225 2657 1398 2687 interfecto
1408 2665 1483 2697 pot-

787 2704 859 2730 erat
882 2709 1030 2740 sperare:
1054 2698 1116 2728 hoc
1131 2699 1202 2738 jam
1218 2698 1482 2732 demonstratum

787 2746 854 2771 est:
878 2741 1046 2781 sequitur:
1069 2740 1153 2771 Milo
1175 2739 1318 2771 multum
1341 2741 1483 2780 perdidit

788 2786 895 2813 morte
912 2783 1030 2814 Clodii.
1057 2782 1146 2812 Nam
1160 2783 1190 2812 ei
1205 2791 1294 2812 nunc
1308 2783 1481 2821 quaerenda

789 2830 868 2858 sunt
882 2824 948 2858 alia
963 2824 1154 2865 adjumenta
1168 2823 1282 2865 gloriae
1295 2829 1330 2856 et
1345 2834 1439 2858 nova.

675 2872 802 2912 4133
