1812 3147
379 114 486 153 PRO
512 111 670 151 DOMO
696 111 798 151 SUA
824 113 898 150 AD
924 114 1129 154 PONTIF.
1401 121 1477 158 869

40 227 143 270 tere,
168 227 215 260 ut
243 218 296 260 de
317 232 386 260 me
415 218 486 259 lex
518 216 712 267 ferretur,
734 217 904 258 decerni
924 233 934 259 t
965 232 1019 258 ne
1050 218 1135 270 illa,
1157 233 1254 274 quae
1276 219 1391 261 nulla
1411 236 1476 261 es-

43 285 120 327 set,
142 291 233 317 esse
257 276 322 317 lex
343 275 626 331 judicaretur.
687 274 910 315 Sententia
932 275 1084 325 verior,
1107 277 1292 331 gravior,
1316 277 1475 329 utilior,

39 333 190 374 melior
220 333 467 388 reipublicae
499 331 614 372 nulla
643 345 733 371 esse
768 332 924 387 potuit.
956 331 1144 372 hominis
1175 333 1289 373 enim
1321 334 1478 375 scelere

38 398 83 429 et
106 390 246 430 furore
277 399 443 439 notato,
467 388 616 428 similis
650 403 675 428 a
703 388 923 443 republica
952 388 1066 429 labes
1090 389 1132 429 in
1163 398 1381 445 posterum
1404 391 1476 431 de-

39 448 306 488 movebatur.
368 447 520 501 Neque
544 445 626 486 hoc
645 445 726 486 Cn.
743 445 991 500 Pompeius,
1004 446 1076 501 qui
1092 447 1405 487 ornatissimam
1423 448 1475 488 de
1489 459 1538 494 69

39 517 108 544 me
130 504 382 544 sententiam
407 503 534 553 dixit,
559 517 734 557 vosque,
758 502 1000 558 pontificeS,
1021 503 1094 558 qui
1118 518 1186 544 me
1211 504 1359 545 vestris
1383 519 1476 546 sen-
1489 517 1519 546 Ρ·
1533 509 1605 543 227.

41 561 185 602 tentiis
207 560 624 614 auctoritatibusque
645 559 912 610 defendistis,
935 575 1019 600 non
1043 560 1226 612 vidistis,
1249 560 1363 601 illam
1387 576 1476 603 esse
1489 560 1519 580 ³·

42 617 217 669 nullam,
255 627 383 674 atque
420 632 510 658 esse
548 617 689 672 potius
724 618 942 658 flammam
981 618 1200 674 temporis,
1244 619 1480 660 26111161·ἀί-

40 684 158 716 ctum
181 675 363 726 sceleris,
378 689 527 716 vocem
550 673 729 715 furoris:
754 674 825 715 sed
850 675 1146 730 prospexistis,
1169 689 1321 730 nequa
1342 691 1480 732 popu-

42 731 139 773 laris
163 732 204 773 in
230 747 305 773 vos
335 731 563 787 aliquando
586 731 748 772 invidia
779 731 1050 783 redundaret,
1073 732 1106 772 si
1130 732 1220 773 sine
1242 733 1389 789 populi
1405 735 1481 789 ju-

0 814 3 845 ‚2
41 789 154 830 dicio
185 789 371 830 restituti
403 788 657 829 videremur.
719 788 968 844 Eodemque
988 789 1183 840 consilio,
1217 789 1285 831 M.
1318 790 1479 842 Bibuli,

41 845 263 888 fortissimi
294 847 388 896 viri,
423 855 593 886 senatus
626 846 881 886 sententiam
922 855 1091 887 secutus
1127 857 1206 898 est,
1242 857 1289 888 ut
1321 862 1396 889 vos
1426 849 1480 889 de

0 906 2 916 .
41 917 136 944 mea
168 904 297 944 domo
330 903 594 944 statueretis:
632 917 715 943 non
756 903 871 958 quod
904 903 1135 955 dubitaret,
1169 904 1274 959 quin
1306 906 1360 946 ab
1393 906 1478 947 isto

40 960 149 1001 nihil
170 960 353 1018 legibus,
376 960 483 1001 nihil
505 959 801 1016 1·eligionibus‚
825 960 931 1001 nihil
946 961 1046 1016 jure
1068 971 1177 1002 esset
1199 970 1342 1002 actum
1361 980 1372 1014 3
1405 963 1478 1004 sed

41 1031 95 1058 ne
117 1019 211 1073 quis
241 1019 422 1059 oriretur
455 1017 684 1072 aliquando
707 1017 750 1057 in
784 1026 905 1058 tanta
938 1019 1132 1059 ubertate
1165 1019 1478 1075 improborum,

41 1075 113 1129 qui
148 1076 191 1116 in
230 1076 336 1116 meis
375 1075 539 1116 aedibus
577 1074 763 1129 aliquam
796 1075 1049 1131 religionem
1086 1076 1268 1117 residere
1300 1077 1477 1118 diceret.

37 1146 136 1173 nam
169 1133 308 1189 legem
339 1132 509 1188 quidem
542 1132 684 1182 istam,
719 1132 874 1172 nullam
908 1147 1012 1183 esse,
1040 1134 1396 1190 quotiescumque
1425 1135 1478 1176 de

39 1204 108 1230 me
130 1199 299 1231 senatus
323 1190 577 1230 sententiam
598 1189 725 1240 dixit,
745 1189 1124 1244 totiesjudicavit:
1157 1192 1362 1246 quoniam
1384 1192 1479 1247 qui-

40 1247 137 1288 dem
157 1248 317 1303 scripto
338 1247 410 1288 illo
434 1247 571 1297 istius,
594 1247 849 1287 sententiam
871 1248 1012 1288 dicere
1035 1249 1274 1289 vetabatur.
1333 1249 1543 1305 Atque70

38 1304 150 1346 hanc
174 1319 262 1345 rem
285 1320 361 1361 par
383 1304 486 1345 illud
517 1304 667 1354 simile,
693 1303 794 1344 Piso
816 1314 860 1344 et
885 1304 1114 1357 Gabinius,
1138 1306 1259 1347 vidit.
1321 1307 1480 1348 Homi-

38 1376 114 1403 nes
147 1362 292 1418 legum
318 1361 666 1417 judicioremque
699 1370 954 1412 metuentes,
980 1378 1076 1403 cnm
1110 1362 1480 1418 frequentissimus

39 1430 212 1460 senatus
245 1434 333 1470 eOS,
358 1428 404 1460 ut
424 1418 477 1459 de
509 1433 578 1459 me
603 1417 822 1469 referrent,
845 1420 1039 1474 quotidie
1071 1420 1302 1476 flagitaret,
1323 1437 1411 1463 non
1439 1436 1484 1462 se

41 1491 130 1518 rem
154 1477 396 1533 improbare
419 1475 635 1526 dicebant,
660 1475 732 1516 sed
754 1475 848 1532 lege
881 1476 1004 1517 istius
1028 1478 1241 1533 impediri.
1275 1478 1379 1520 Erat
1400 1479 1484 1520 hoc

42 1548 202 1575 verum.
226 1549 324 1574 nam
348 1533 706 1588 impediebantur,
731 1548 877 1574 verum
908 1548 958 1574 ea
978 1534 1086 1590 lege,
1110 1550 1238 1590 quam
1262 1536 1376 1577 idern
1399 1537 1479 1577 iste

38 1591 94 1632 de
116 1591 377 1633 Macedonia
400 1591 609 1646 Syriaque
631 1589 800 1631 tulerat.
863 1591 992 1633 Hanc
1022 1602 1082 1644 tu,
1107 1592 1158 1634 P.
1183 1593 1377 1645 Lentule,
1406 1591 1563 1644 ne-27

38 1662 123 1704 que
154 1649 360 1705 privatus,
396 1662 535 1702 neque
569 1648 719 1688 consul
757 1647 896 1704 legem
933 1663 1024 1690 esse
1060 1665 1265 1705 uinquam
1303 1652 1481 1707 putasti.

39 1720 140 1747 nam
162 1706 345 1747 tribunis
368 1705 504 1761 plebis
527 1705 826 1756 referentibus,
850 1706 1106 1748 sententiam
1125 1708 1178 1748 de
1194 1722 1262 1748 me
1284 1709 1485 1765 designa-

40 1772 110 1803 tus
131 1763 281 1804 consul
313 1777 427 1819 saepe
448 1762 623 1803 dixisti:
655 1777 710 1803 ex
736 1761 942 1804 Kalendis
968 1764 1200 1816 Januariis,
1224 1766 1365 1820 quoad
1388 1781 1484 1822 per-

42 1819 157 1861 fecta
188 1835 252 1861 res
285 1830 364 1872 est,
399 1821 451 1861 de
485 1834 554 1860 me
589 1819 788 1871 retulisti,
820 1819 959 1876 legem
990 1822 1290 1878 promulgasti,
1321 1823 1484 1866 tulisti:

41 1892 227 1934 quorum
258 1878 352 1930 tibi,
385 1878 417 1918 si
450 1887 562 1918 esset
592 1877 664 1917 illa
694 1877 778 1928 lex,
811 1878 918 1918 nihil
950 1877 1110 1921 liceret.
1170 1881 1231 1921 At
1261 1880 1392 1921 etiam
1426 1882 1484 1928 Q.

43 1933 263 1986 Metellus,
296 1935 462 1991 collega
498 1943 610 1985 tuus,
644 1934 709 1974 vir
741 1934 1016 1987 clarissimus,
1049 1951 1179 1992 quam
1217 1937 1357 1993 legem
1392 1952 1485 1979 esse

41 1991 239 2033 homines
261 1995 299 2026 27
318 1992 563 2033 alienissimi
597 2008 622 2032 a
646 1989 696 2032 P.
730 1991 885 2034 Clodio
901 1993 1167 2048 judicarant,
1193 1994 1294 2035 Piso
1317 2005 1360 2036 et
1394 1996 1484 2037 Ga-

42 2049 199 2102 binius,
222 2064 316 2090 eam
338 2050 496 2091 nullam
518 2064 622 2099 esse,
645 2047 775 2089 frater
801 2049 852 2090 P.
877 2050 1035 2102 Clodii,
1058 2067 1156 2092 cum
1179 2052 1231 2093 de
1252 2067 1321 2093 me
1343 2053 1396 2094 ad
1419 2067 1484 2094 se-

41 2117 190 2153 natum
221 2115 366 2148 tecum
397 2122 482 2148 una
512 2107 671 2156 retulit,
697 2106 928 2161 judicavit.
990 2109 1074 2149 Sed
1105 2109 1192 2160 isti,
1224 2110 1298 2165 qui
1338 2110 1540 2153 Clodii71

41 2163 154 2220 leges
188 2164 438 2215 timuerunt,
471 2164 835 2219 quemadmodum
869 2174 1032 2207 ceteras
1065 2167 1375 2210 observarunt?
1408 2163 1528 2209 Se-b·

43 2231 166 2262 natus
188 2222 377 2277 quidem,
399 2222 523 2277 cujus
559 2232 624 2261 est
646 2221 945 2277 gravissimum
975 2224 1192 2279 judicium
1226 2225 1279 2266 de
1304 2224 1404 2280 jure
1425 2226 1485 2266 le-

42 2292 160 2333 gum,
182 2280 539 2334 quotiescumque
571 2278 623 2319 de
652 2292 721 2318 1116
754 2279 974 2320 consultus
1003 2292 1081 2332 est,
1105 2282 1233 2322 toties
1266 2297 1360 2323 eam
1391 2283 1485 2324 nul-

43 2334 128 2376 lam
155 2336 491 2391 essejudicavit.
523 2336 638 2391 quod
665 2335 776 2376 idem
802 2345 863 2387 tu,
896 2336 1090 2389 Lentule,
1123 2339 1266 2381 vidisti
1291 2339 1334 2380 in
1357 2354 1407 2381 ea.
1428 2340 1486 2381 16-

43 2406 111 2448 ge,
135 2408 263 2448 quam
286 2394 338 2434 de
360 2408 428 2434 me
451 2394 601 2434 tulisti.
627 2407 726 2433 nan]
750 2407 835 2434 non
858 2403 922 2435 est
943 2395 1005 2435 ita
1021 2395 1172 2448 latum,
1196 2406 1242 2437 ut
1263 2397 1370 2438 mihi
1396 2397 1486 2438 Ro-

44 2462 157 2490 mam
182 2450 324 2491 venire
345 2451 506 2503 liceret,
529 2451 601 2492 sed
626 2464 687 2492 UT
713 2463 962 2493 VENIREM.
985 2468 1071 2494 non
1094 2455 1210 2495 enim
1233 2454 1406 2496 voluisti
1428 2456 1487 2506 id,

85 2589 125 2619 26
146 2590 353 2621 interdictum
369 2592 509 2631 sceleris]
537 2594 692 2623 Severum
709 2596 741 2621 et
786 2601 846 2622 nec
867 2593 951 2624 bene
973 2597 1128 2627 convenit
1151 2596 1248 2626 verbo
1270 2598 1409 2634 sceleris,
1431 2602 1490 2627 aut

41 2629 250 2670 imperiosum
264 2633 407 2663 edictum
424 2635 662 2674 interpretatur
673 2635 742 2664 Ho-
776 2634 944 2675 flammae‚
960 2638 1040 2668 voci.

43 2677 243 2704 tomannus:
278 2675 424 2705 Graevius
459 2677 557 2706 refert
586 2677 626 2706 ad
662 2677 742 2716 leg-is
829 2680 867 2710 27
891 2679 1175 2710 alienissimiaP.
1196 2681 1316 2719 Clodio]
1343 2681 1489 2711 Omnino

43 2714 154 2760 verba,
181 2725 268 2756 aqua
295 2722 325 2748 et
352 2719 423 2756 igni
451 2719 661 2749 interdictum
689 2720 743 2749 sit.
789 2719 881 2749 nulla
907 2723 1104 2760 cognatione
1123 2723 1236 2762 juncti
1265 2723 1404 2759 (21m1i03
1432 2734 1491 2763 op-

44 2754 207 2787 heutrum
237 2759 315 2789 satis
349 2760 469 2799 placet.
526 2761 640 2791 Cicero
674 2771 742 2791 non
786 2762 922 2801 ponitur
941 2763 1156 2803 enimsi-ater
1171 2765 1215 2805 Q.
1239 2765 1407 2803 Metellus,
1424 2765 1491 2796 Ne-

44 2797 116 2827 vnlt
139 2807 257 2830 nomen
277 2800 463 2841 legitimum
479 2803 507 2832 ei
525 2804 569 2833 rei
584 2804 742 2840 tribuere,
788 2813 856 2844 pos.

41 2839 137 2879 quale
164 2845 278 2872 tamen
306 2848 357 2876 est
392 2845 558 2876 interdicti
585 2846 741 2876 verbum:
