1812 3147
377 109 484 148 PRO
510 107 667 146 DOMO
694 107 795 145 SUA
820 106 894 144 AD
920 107 1124 146 PONTIF.
1395 111 1471 149 85⁹

33 221 128 257 acta
160 222 259 255 sunt
291 227 316 254 a
346 219 404 253 te.
437 221 499 263 tu,
523 219 597 253 tuo
622 210 920 267 praecipitante
936 209 1044 265 jam,
1067 218 1111 251 et
1143 209 1366 252 debilitato
1394 212 1472 252 tri·

35 272 212 322 bunatu,
241 270 529 326 auspiciorum
566 279 769 325 patronus
799 267 942 307 subito
972 267 1202 308 exstitisti:
1235 276 1279 308 tu
1305 268 1372 308 M.
1397 269 1472 309 Bi-

33 328 182 369 bulum
203 328 300 367 7²in
331 327 600 376 concionem,
631 335 676 365 tu
715 338 896 379 augures
929 324 1187 380 produxisti.
1219 333 1260 364 te
1294 325 1474 365 interro-

32 394 162 441 gante
185 398 366 440 augures
384 383 706 439 responderunt,
726 395 822 421 cum
848 381 900 421 de
922 380 1028 421 caelo
1048 390 1259 422 servatum
1283 381 1352 433 sit,
1374 397 1474 423 cuin

32 441 194 497 populo
217 442 286 497 agi
310 455 395 481 non
420 454 556 496 posse.
581 439 659 480 tibi
686 438 753 479 Μ.
777 437 956 478 Bibulus
981 438 1206 492 quaerenti,
1229 452 1271 478 se
1293 439 1345 478 de
1366 438 1474 479 caelo

36 512 238 549 servasse,
261 498 505 553 respondit:
539 497 737 551 idemque
769 495 813 535 in
846 494 1055 535 concione
1087 495 1214 545 dixit,
1236 496 1289 535 ab
1312 494 1475 550 Appio,

37 554 168 596 fratre
191 564 280 606 tuo,
306 555 554 610 productus,
573 564 615 594 te
635 552 827 602 omnino,
849 552 964 606 quod
981 562 1131 593 contra
1154 552 1345 607 auspicia
1373 552 1475 592 ado-

33 620 178 669 ptatus
200 626 328 662 esses,
349 612 569 653 tribunum
594 610 729 666 plebis
752 624 838 649 non
860 609 1004 650 fuisse.
1064 608 1157 650 Tua
1179 609 1362 664 denique
1385 623 1477 649 om-

33 669 99 710 nis
133 669 246 710 actio
280 669 588 724 posterioribus
622 667 840 708 mensibus
872 666 979 707 fuit:
1003 666 1161 717 omnia,
1182 681 1279 720 quae
1303 665 1354 706 C.
1379 665 1478 707 Cae-

34 740 100 767 sar
120 726 291 782 egisset,
313 729 352 760 73
366 741 462 781 quae
494 735 644 766 contra
673 724 864 779 auspicia
885 734 1026 764 essent
1047 733 1157 774 acta,
1181 737 1255 778 per
1283 732 1478 764 senatum

35 783 220 824 rescindi
254 793 464 838 oportere,
497 782 612 837 quod
647 781 679 821 si
716 782 848 831 fieret,
873 780 1060 831 dicebas,
1092 790 1134 820 te
1167 781 1250 821 tuis
1287 780 1475 821 humeris

34 854 104 882 me
135 840 357 880 custodem
393 839 509 880 urbis
543 840 586 879 in
620 839 767 878 urbem
802 836 1047 878 relaturum.
1109 837 1262 878 Videte
1288 837 1520 879 hominisb.

36 897 282 947 amentiam,
304 900 344 930 7⁴
361 897 430 937 ubi
454 910 527 952 per
555 910 677 937 suum
710 895 975 936 tribunatum
1005 895 1187 935 Caesaris
1209 895 1317 935 actis
1338 894 1476 950 illiga-

37 962 106 994 tus
130 962 357 994 teneretur.
419 954 463 994 Si
494 962 536 993 et
569 967 785 994 sacrorum
812 952 911 1007 jure
937 951 1178 1008 pontifices,
1200 961 1243 992 et
1263 952 1536 1007 auspicio-41

39 1024 132 1052 rum
167 1010 374 1067 religione
407 1025 588 1066 augures
630 1019 770 1050 totum
811 1016 1008 1050 evertunt
1041 1009 1308 1050 tribunatum
1342 1018 1477 1059 tuum,

40 1067 145 1123 quid
166 1067 321 1123 quaeris
344 1067 553 1123 amplius?
585 1082 637 1107 an
668 1067 798 1108 etiam
828 1066 1015 1121 apertius
1040 1066 1210 1121 aliquod
1235 1066 1308 1121 jus
1332 1066 1478 1122 populi

41 1134 168 1180 atque
190 1124 361 1180 legum?
395 1124 517 1165 Hora
531 1124 709 1165 fortasse
733 1133 855 1164 sexta
884 1122 968 1163 dici
991 1133 1164 1178 questus
1187 1138 1280 1164 sum
1302 1124 1344 1164 in
1361 1123 1479 1178 judi-
1498 1122 1564 1176 16

40 1182 124 1233 cio,
143 1196 239 1224 cum
277 1181 329 1222 C.
351 1180 605 1232 Antonium,
635 1181 845 1236 collegam
875 1195 1033 1231 meum,
1055 1180 1342 1232 defenderem,
1363 1195 1482 1235 quae-

39 1238 139 1280 dam
179 1239 232 1279 de
273 1239 506 1294 republica,
541 1254 638 1293 quae
675 1239 783 1279 mihi
826 1238 917 1278 visa
954 1247 1053 1278 sunt
1093 1238 1146 1279 ad
1186 1238 1297 1278 iliius
1338 1238 1484 1278 miseri

42 1310 215 1337 causam
238 1296 462 1352 pertinere.
525 1296 637 1337 Haec
661 1295 856 1336 homines
890 1295 1076 1351 improbi
1108 1296 1161 1336 ad
1184 1295 1392 1350 quosdam
1421 1295 1484 1336 vi-

41 1367 111 1394 ros
145 1352 276 1394 fortes
309 1353 437 1408 longe
468 1353 604 1404 aliter,
626 1362 753 1408 atque
778 1367 802 1392 a
828 1367 896 1406 ine
923 1352 1039 1394 dicta
1069 1361 1204 1403 crant,
1227 1352 1483 1394 detulerunt.

43 1409 168 1451 Hora
206 1425 334 1461 nona,
361 1407 432 1451 illo
466 1411 560 1466 ipso
602 1410 685 1461 die,
720 1420 765 1450 tu
807 1424 850 1449 es
887 1409 1130 1466 adoptatus.
1193 1410 1254 1460 Si,
1283 1410 1399 1464 quod
1439 1410 1483 1450 in

42 1467 194 1508 ceteris
215 1467 381 1523 legibus
401 1467 560 1508 trinum
582 1467 817 1508 nundinum
841 1481 931 1506 esse
949 1476 1135 1522 oportet,
1157 1466 1198 1508 id
1223 1467 1265 1507 in
1288 1466 1487 1522 adoptio-

42 1539 98 1565 ne
121 1525 222 1565 satis
244 1534 321 1574 est,
344 1525 472 1565 trium
512 1539 600 1565 esse
635 1524 860 1565 horarum:
892 1524 1001 1565 nihil
1022 1524 1301 1579 reprehendo.
1325 1524 1390 1564 sin
1415 1539 1485 1564 ea-

44 1581 143 1622 dem
165 1582 429 1622 observanda
450 1591 568 1622 sunt:
600 1584 639 1615 75
654 1581 688 1621 si
710 1580 900 1621 decrevit
922 1590 1106 1630 senatus,
1130 1581 1197 1622 M.
1219 1581 1350 1622 Drusi
1380 1581 1486 1637 legi-

45 1638 139 1688 bus,
171 1653 267 1693 quae
300 1648 450 1679 contra
482 1639 621 1694 legem
658 1637 882 1679 Caeciliam
919 1649 963 1679 ct
994 1639 1169 1679 Didiam
1200 1638 1297 1679 latae
1330 1648 1485 1689 essent,

46 1695 254 1752 populum
272 1710 358 1735 non
381 1696 539 1736 teneri:
565 1696 659 1750 jam
682 1694 901 1750 intelligis,
915 1696 1032 1736 omni
1053 1709 1206 1751 genere
1222 1695 1348 1750 juris,
1371 1696 1486 1751 quod
1497 1700 1548 1734 42

47 1753 92 1793 in
124 1753 267 1803 saeris,
289 1753 404 1807 quod
439 1754 482 1793 in
516 1753 732 1808 auspiciis,
755 1752 871 1806 quod
903 1752 945 1793 in
983 1753 1151 1808 legibus
1183 1754 1251 1804 sit,
1282 1761 1323 1793 te
1352 1754 1489 1794 tribu-

50 1823 154 1850 num
186 1809 322 1865 plebis
352 1824 437 1850 non
471 1809 615 1850 fuisse.
675 1808 819 1864 Atque
856 1823 938 1865 ego
975 1810 1058 1851 hoc
1097 1819 1235 1850 totum
1274 1825 1361 1852 non
1400 1811 1491 1851 sine

49 1881 180 1908 causa
218 1867 424 1920 relinquo.
484 1867 622 1908 Video
660 1867 775 1907 enim
817 1867 1026 1921 quosdam
1063 1867 1319 1908 clarissimos
1363 1868 1491 1918 viros,

52 1923 266 1979 principes
288 1924 489 1974 civitatis,
511 1923 675 1979 aliquot
695 1923 800 1964 loeis
816 1924 1049 1978 judicasse,
1069 1933 1111 1964 te
1133 1939 1231 1965 cum
1254 1925 1377 1981 plebe
1393 1925 1492 1980 jure

51 1994 178 2036 agere
200 1981 412 2036 potuisse:
444 1981 517 2036 qui
551 1982 679 2022 etiam
710 1981 762 2021 de
790 1995 858 2021 me
892 1981 1001 2037 ipso,
1029 1996 1126 2022 cum
1160 1990 1234 2023 tua
1266 1983 1492 2038 rogatione

51 2036 253 2079 76funere
285 2037 439 2079 elatam
475 2038 786 2095 rempublicam
814 2052 905 2079 esse
937 2038 1144 2092 dicerent,
1170 2048 1314 2080 tamen
1345 2040 1390 2081 id
1422 2039 1490 2082 fu-

94 2224 134 2255 72
156 2222 190 2252 in
211 2221 403 2261 concionem]
437 2221 518 2252 Mss.
541 2225 576 2252 et
600 2220 671 2252 edd.
699 2231 748 2262 pr.
792 2231 851 2262 pro
878 2222 1042 2261 illigatus,
1065 2224 1244 2262 alligatus:
1266 2223 1352 2263 quod
1377 2223 1492 2254 eodem

55 2263 122 2296 fere
146 2265 181 2294 in
203 2265 359 2300 concione.
383 2264 469 2303 quod
492 2263 639 2304 praetulit
661 2264 752 2294 Groe-
794 2264 889 2302 redit,
904 2271 935 2294 et
948 2276 1007 2305 pro
1023 2275 1086 2305 quo
1100 2265 1222 2296 librarii
1235 2265 1400 2297 interdum
1414 2267 1492 2297 obli-

54 2305 134 2336 vius.
178 2306 358 2346 Vulgatum
373 2306 525 2337 usitatius
540 2312 601 2337 est.

96 2349 136 2381 73
169 2358 238 2388 quoe
265 2359 292 2378 c.
320 2358 412 2388 ausp.
444 2353 545 2379 essene
573 2347 664 2387 cteta]
696 2349 748 2379 An

55 2390 133 2428 quia
143 2390 159 2420 ἕ
181 2391 233 2420 Sic
247 2390 376 2421 volebat
390 2391 610 2430 Augustinus:
628 2390 747 2422 Lamb.

56 2430 91 2461 in
113 2431 192 2462 Mss.
208 2433 327 2472 reperit
347 2433 441 2472 quod,
456 2439 553 2472 atque
578 2432 611 2462 id
632 2433 745 2464 edidit.

54 2472 118 2503 Sed
139 2484 209 2514 quoe
229 2479 338 2514 potest
352 2484 419 2505 esse
434 2485 492 2515 pro
506 2475 590 2514 quod
602 2485 651 2505 ea.
697 2477 749 2505 Sic

56 2520 130 2554 post
165 2527 194 2547 c.
231 2517 279 2547 16.
309 2516 356 2547 M.
385 2517 492 2548 Drusi
520 2518 654 2556 legibus,
682 2527 752 2557 quae

56 2562 170 2588 contra
185 2560 287 2596 legem
309 2558 342 2589 C.
359 2563 389 2589 et
403 2558 450 2589 D.
473 2560 548 2589 latoe
569 2563 682 2596 essene,
692 2569 750 2599 po-

53 2601 172 2637 pulum
193 2610 256 2630 non
278 2602 390 2631 teneri.
441 2601 503 2631 Sed
528 2601 619 2632 abest
646 2612 665 2632 a
685 2602 750 2632 Ms.

59 2640 167 2672 Guelf.
182 2646 303 2679 totum,
314 2642 398 2682 quod
418 2643 583 2682 praecedit‚
599 2653 666 2683 quo?
687 2643 751 2674 Cre-

57 2692 116 2712 sar
129 2684 252 2721 egisset.
296 2684 348 2715 An
361 2685 556 2717 alterutrum
572 2692 622 2716 est
636 2696 655 2716 a
667 2686 752 2725 glos-

58 2729 166 2754 satore
177 2725 189 2754 ?

102 2768 144 2798 74
164 2767 218 2797 ubi
230 2777 287 2806 per
297 2778 393 2799 suum
408 2773 450 2799 tr.
465 2769 523 2798 δερ.
548 2769 612 2799 Hic
626 2779 753 2809 quoque

61 2808 187 2838 variant
207 2809 292 2842 libri.
319 2811 451 2849 quidam
472 2810 597 2841 habent
618 2816 668 2849 ut,
694 2822 752 2852 pro

60 2849 125 2887 ubi,
139 2850 269 2890 quidam
289 2859 457 2889 neutrum,
475 2859 512 2883 ut
535 2853 576 2884 R.
602 2854 657 2884 ΒΓ.
673 2854 752 2884 item

788 2311 891 2345 gatus
904 2312 938 2337 et
949 2309 1100 2347 illigatus
1111 2309 1277 2348 scripsere.
1299 2309 1387 2339 Tum
1400 2308 1491 2339 Grae-

792 2350 861 2378 vius
877 2350 998 2388 reperit
1012 2354 1140 2380 tenetur
1152 2363 1160 2379 :
1184 2350 1270 2380 unde
1285 2351 1436 2389 conjicit:
1454 2356 1491 2382 ut

790 2401 850 2430 per
863 2401 888 2421 s.
906 2393 1142 2431 tr.--illigatus
1165 2397 1303 2424 tenetur.
1346 2393 1409 2423 Sed
1430 2393 1492 2423 hoc

792 2443 857 2462 non
874 2435 1027 2464 convenit
1040 2434 1311 2474 praecedentibus,
1342 2435 1493 2465 Fortasse

791 2476 996 2506 scribendum
1008 2478 1062 2516 qui
1073 2486 1130 2516 pro
1140 2477 1203 2507 ubi.
1213 2478 1261 2507 ita
1272 2478 1383 2507 omnia
1392 2477 1495 2517 plana

793 2518 928 2548 fuerint.
973 2519 1006 2548 Si
1034 2518 1169 2558 vulgata
1193 2523 1243 2548 est
1271 2530 1290 2549 a
1318 2519 1489 2556 Cicerone,

793 2560 912 2590 lacuna
926 2559 979 2590 hic
993 2560 1036 2590 sit
1051 2570 1179 2591 necesse
1193 2565 1242 2591 est
1255 2573 1261 2591 z
1286 2571 1362 2592 nam
1377 2570 1492 2592 sensus

796 2602 910 2642 plenus
926 2612 991 2632 non
1008 2609 1068 2633 est.

836 2647 876 2677 75
897 2645 924 2674 .ςὶ
945 2645 1084 2674 decrevit
1105 2645 1398 2675 senatus—tmen.-
1411 2643 1491 2684 jam

793 2687 966 2725 intellig-is]
992 2687 1056 2723 Sic,
1072 2687 1182 2717 addito
1205 2688 1232 2717 si
1254 2698 1271 2717 e
1294 2687 1373 2716 Mss.
1390 2692 1423 2716 et
1437 2686 1492 2717 ed.

794 2729 846 2759 W.
864 2734 1056 2767 mutataque
1078 2729 1344 2769 interpunctione
1359 2733 1432 2768 post
1447 2733 1493 2758 te-

796 2772 880 2807 neri,
895 2772 1068 2800 constituit
1082 2771 1190 2801 locum
1208 2771 1366 2800 Graevius.

837 2814 878 2846 76
888 2812 1014 2851 fzmere
1031 2814 1153 2843 elatam
1169 2813 1247 2852 esse]
1273 2812 1402 2843 Funere
1414 2817 1498 2853 put·

796 2864 864 2886 esse
879 2865 898 2886 a
911 2855 1104 2894 glossatore.
