1769 3174
235 116 312 155 952
831 118 1081 156 ORATIO

234 215 419 268 nissem3
450 232 548 259 eum
581 218 753 276 plurimi
781 229 824 262 et
852 222 1077 263 lautissimi
1113 221 1250 262 solent
1279 235 1370 262 esse
1393 220 1438 262 in
1470 220 1522 262 iis
1549 221 1671 274 locis,

235 273 405 314 concidi
437 290 574 331 paene,
597 277 782 332 judices,
805 294 903 320 cum
936 294 990 320 ex
1022 293 1090 320 me
1122 279 1293 334 quidam
1328 279 1564 333 quaesisset,
1585 294 1671 334 quo

236 330 307 371 die
331 330 471 372 Roma
492 334 690 385 exissem,
713 345 756 375 et
786 337 993 392 numquid
1016 336 1058 376 in
1082 351 1131 376 ea
1153 345 1263 376 esset
1294 335 1409 376 novi.
1471 334 1553 376 Cui
1576 349 1673 376 cum

237 389 566 444 respondissem,
589 405 657 431 me
680 406 703 432 e
734 393 956 449 provincia
977 393 1205 434 decedere:
1237 392 1367 433 etiam
1397 391 1675 443 mehercules,

155 444 394 500 27i¹1quit‚
429 456 475 487 ut
507 448 674 502 opinor,
705 463 757 489 ex
792 449 954 491 Africa.
1015 449 1134 491 Huic
1166 464 1248 503 ego
1276 449 1371 504 jam
1403 449 1676 490 stomachans

237 501 474 554 fastidiose,
503 504 635 546 immo
664 520 719 546 ex
754 505 914 557 Sicilia,
945 508 1134 561 inquam.
1195 506 1304 547 Tum
1336 505 1524 560 quidam,
1555 505 1676 561 quasi

236 559 311 614 qui
341 561 486 601 omnia
517 562 658 613 sciret,
688 563 822 618 quid?
855 574 899 604 tu
936 563 1086 613 nescis,
1118 564 1271 618 inquit,
1305 562 1420 603 hunc
1453 563 1675 618 Syracusis

237 626 494 671 quaestorein
522 617 674 661 fuisse?
724 621 841 667 Quid
873 621 1030 661 multa?
1061 621 1205 661 destiti
1238 619 1511 671 stomachari,
1533 628 1575 660 et
1606 633 1675 661 me

173 679 369 717 6611110111
394 689 446 714 ex
482 675 531 715 iis
564 676 661 727 feci,
683 678 755 733 qui
794 678 845 718 ad
879 692 1008 733 aquas
1032 678 1260 718 venissent.
1322 677 1404 718 Sed
1428 692 1478 718 ea
1498 691 1577 728 res,
1601 677 1676 732 ju·

235 730 367 782 dices,
390 731 501 772 haud
526 733 614 773 scio
637 749 689 774 au
714 734 805 790 plus
838 735 944 775 milii
979 734 1202 790 profuerit,
1224 749 1353 790 qnam
1386 734 1418 774 si
1454 734 1559 775 milii
1584 742 1675 775 tum

233 798 377 828 essent
399 803 545 829 omnes
568 791 870 846 congratulati.
933 792 1047 832 Num
1079 801 1357 847 posteaquam
1389 792 1515 842 sensi,
1537 805 1676 847 popu-

233 843 323 886 lum
347 845 591 887 Romanum
615 862 734 889 aures
766 849 1021 900 hebetiores,
1043 849 1189 890 oculos
1219 864 1336 890 aeres
1367 858 1495 903 atque
1526 858 1676 889 acutos

235 901 418 944 habere:
452 904 611 955 destiti,
635 905 737 960 quid
761 906 813 947 de
843 919 912 946 me
943 906 1129 947 audituri
1152 917 1292 947 essent
1322 906 1532 956 homiues,
1554 904 1676 961 cogi-

235 969 349 1002 tare:
382 960 479 1011 feci,
505 971 550 1001 ut
579 972 726 1017 postea
747 963 940 1018 quotidie
971 977 1039 1004 me
1070 974 1322 1019 praesentem
1348 963 1565 1004 viderent:
1598 962 1674 1002 lia-

233 1016 371 1058 bitavi
396 1017 437 1057 iu
460 1018 619 1060 oculis:
653 1020 784 1074 pressi
809 1020 974 1062 forum:
1009 1021 1221 1061 neminem
1253 1036 1278 1061 a
1299 1035 1530 1076 congressu
1562 1033 1674 1070 me0‚
1696 1018 1700 1022 ”

232 1087 372 1129 neque
386 1074 552 1130 janitor
574 1090 707 1127 meus,
730 1091 868 1133 neque
893 1092 1065 1119 somnus
1097 1077 1341 1119 absterruit.
1403 1076 1568 1132 Ecquid
1592 1091 1674 1132 ego

234 1131 375 1172 dicam
409 1133 460 1172 de
493 1134 716 1189 occupatis
751 1136 856 1175 meis
887 1135 1166 1190 temporibus,
1198 1135 1265 1176 cni
1297 1134 1426 1176 fuerit
1458 1149 1510 1175 nc
1539 1134 1676 1174 otium

234 1188 407 1242 quidem
453 1204 654 1244 umquam
697 1191 914 1234 otiosum?
965 1207 1078 1243 num,
1117 1207 1221 1248 quas
1265 1201 1309 1232 tu
1352 1205 1678 1242 commemoras,

237 1245 375 1296 Cassi,
407 1245 547 1301 legere
580 1255 620 1288 te
654 1247 787 1289 solere
815 1250 1044 1299 orationes,
1067 1264 1164 1290 cum
1188 1249 1350 1290 otiosus
1384 1250 1465 1290 sis:
1497 1248 1574 1288 has
1596 1262 1678 1304 ego

236 1302 386 1357 scripsi
422 1303 531 1344 ludis
563 1314 605 1345 et
638 1304 769 1356 feriis,
801 1321 853 1348 ne
887 1307 1063 1347 omnino
1096 1321 1299 1362 umquam
1331 1320 1466 1347 essem
1498 1306 1677 1346 otiosus.

236 1358 408 1400 Etenim
437 1359 503 1400 M.
529 1361 708 1403 Catonis
740 1362 857 1415 illud,
880 1364 993 1419 quod
1028 1364 1071 1404 in
1102 1363 1316 1420 principio
1338 1363 1509 1419 scripsit
1532 1361 1679 1418 Origi-

234 1430 336 1456 num
381 1432 566 1469 suarum,
609 1434 775 1476 semper
816 1421 1096 1477 magnificum
1137 1429 1180 1462 et
1222 1420 1472 1476 praeelarum
1515 1419 1679 1476 putavi,

235 1486 508 1516 CLARORUM
547 1490 775 1518 v1RouUM
818 1491 982 1530 ATQUE
1023 1491 1331 1528 MAGNORUM,
1373 1491 1474 1519 NON
1518 1489 1676 1518 MiNus

236 1544 358 1582 oT11,
393 1545 532 1583 QUAM
570 1547 799 1585 NEGOTII,
833 1549 1100 1576 RATmNEM
1137 1549 1362 1576 EXSTARE
1400 1547 1679 1576 OPORTERE.

235 1586 319 1638 Ita,
351 1589 536 1644 siquam
570 1590 708 1632 habeo
731 1591 914 1643 laudem,
937 1608 1049 1648 quae,
1073 1603 1234 1648 quanta
1265 1594 1333 1644 sit,
1365 1593 1525 1643 nescio,
1556 1600 1679 1648 parta

235 1643 391 1687 Romae-
415 1657 493 1698 est,
516 1649 761 1703 quaesitain
787 1649 907 1691 foro:
940 1664 1119 1705 meaque
1152 1651 1317 1705 privata
1337 1648 1517 1690 consilia
1538 1647 1680 1704 publi·

232 1703 273 1747 ci
305 1717 476 1758 quoque
508 1719 628 1746 casus
659 1708 1064 1762 comprobaverunt,
1096 1718 1144 1748 ut
1172 1707 1301 1748 etiarn
1336 1721 1502 1747 summa
1531 1719 1679 1761 respu-

237 1759 349 1801 blica
373 1761 478 1802 mihi
501 1762 618 1803 domi
651 1762 781 1804 fuerit
811 1764 1010 1820 gerenda,
1033 1773 1076 1805 et
1106 1764 1205 1805 urbs
1240 1764 1282 1805 in
1316 1765 1422 1805 urbe
1455 1763 1674 1804 servanda.

173 1817 224 1856 67
239 1815 398 1858 Eadem
423 1819 570 1875 igitur,
591 1819 727 1871 Cassi,
748 1821 816 1862 via
838 1822 1004 1862 munita
1028 1821 1245 1862 Laterensi
1268 1831 1345 1871 est,
1370 1821 1483 1862 ide-m
1507 1820 1677 1861 virtutis

185 1888 383 1923 &cursus
416 1877 468 1917 ad
503 1877 709 1933 gloriam:
742 1877 825 1920 hoc
857 1877 1022 1920 facilior
1052 1878 1247 1929 fortasse,
1270 1878 1384 1933 quod
1416 1892 1500 1934 ego
1523 1877 1623 1928 huc,
1654 1892 1679 1918 a

233 1946 303 1972 me
334 1942 451 1973 ortus
479 1943 522 1975 et
552 1949 627 1990 per
657 1949 726 1976 me
758 1936 901 1987 nixus,
931 1936 1160 1977 adscendi:
1193 1935 1316 1976 istius
1345 1936 1521 1991 egregia
1542 1934 1677 1976 virtus

233 1989 512 2044 adjuvabitur
532 1993 907 2034 commendatione
936 1993 1164 2048 majorum.
1226 1993 1324 2043 Sed,
1347 2004 1394 2033 ut
1426 1993 1594 2033 redeam
1625 1991 1678 2033 ad

236 2045 477 2099 Plancium,
497 2064 731 2104 numquam
750 2064 804 2091 ex
823 2051 927 2092 urbe
943 2051 1098 2102 abfuit,
1112 2053 1151 2081 33
1163 2049 1243 2090 nisi
1264 2058 1391 2100 sorte,
1405 2049 1513 2106 lege,
1533 2063 1679 2091 neces-

234 2103 375 2144 sitate.
390 2120 475 2146 non
492 2106 625 2147 valuit
641 2108 766 2148 rebus
781 2108 947 2160 iisdem,
961 2109 1117 2163 quibus
1132 2107 1311 2148 fortasse
1326 2106 1534 2148 nonnulli.
1548 2116 1591 2148 at
1606 2121 1678 2147 va-

232 2158 316 2202 luit
337 2162 602 2214 assiduitate,
619 2164 750 2205 valuit
768 2168 808 2196 3⁴
819 2167 1096 2207 observandis
1113 2165 1277 2215 amicis,
1297 2164 1430 2205 valuit
1448 2164 1680 2206 liberalita-

236 2225 304 2260 te:
337 2217 421 2260 fuit
440 2219 481 2259 in
503 2221 662 2275 oculis:
688 2222 868 2278 petivit:
900 2237 950 2263 ea
971 2233 1034 2263 est
1056 2238 1155 2263 usus
1178 2222 1356 2272 ratione,
1379 2236 1477 2277 qua,
1500 2221 1680 2262 minima

236 2274 415 2327 invidia,
431 2278 530 2317 novi
547 2278 740 2319 homines
762 2279 932 2335 plurimi
947 2280 1118 2320 eosdem
1134 2280 1315 2320 honores
1329 2279 1547 2320 consecuti
1564 2288 1677 2320 sunt.

153 2326 225 2375 28
241 2331 370 2384 Nam,
387 2334 501 2388 quod
520 2335 596 2384 ais,
613 2335 749 2387 Cassi,
766 2351 850 2377 nou
876 2336 968 2392 plus
988 2352 1055 2377 me
1080 2335 1256 2378 Plancio
1271 2336 1581 2392 debere,quam
1603 2337 1679 2377 bo-

175 2398 226 2432 68
240 2389 304 2430 nis
322 2390 536 2443 omnibus,
557 2393 670 2447 quod
689 2393 739 2433 iis
762 2408 991 2448 aequemea
1003 2394 1113 2435 salus
1129 2408 1227 2434 cara
1249 2393 1401 2434 fuerit:
1425 2408 1507 2449 ego
1524 2407 1593 2434 me
1606 2394 1679 2434 de-

239 2447 338 2488 bere
361 2448 484 2489 bonis
504 2451 706 2490 omnibus
737 2449 888 2491 fateor.
912 2451 984 2492 sed
1005 2451 1136 2492 etiam
1160 2450 1219 2502 hi,
1241 2451 1397 2506 quibus
1420 2465 1502 2508 ego
1524 2451 1676 2502 debeo,

279 2584 320 2613 33
341 2583 404 2613 nisi
424 2588 520 2620 sorte,
548 2584 629 2622 lege,
653 2584 704 2623 η.]
733 2585 833 2615 Recte
856 2589 940 2615 sorte
980 2586 1158 2616 servandis.
1188 2595 1264 2616 nam
1291 2595 1424 2617 servare
1449 2586 1569 2616 amicos
1592 2585 1626 2616 h.
1655 2584 1678 2617 l.

237 2624 301 2655 Ms.
320 2625 389 2656 Erf.
411 2625 586 2665 pro-three,
604 2627 688 2665 quod
710 2633 758 2657 est
780 2628 813 2656 in
828 2627 938 2666 vulffg.
981 2628 1126 2658 alienum
1141 2634 1201 2659 est.
1238 2628 1271 2657 Si
1289 2628 1437 2659 Plancius
1454 2638 1581 2658 caussas
1596 2629 1678 2667 egis-

236 2666 317 2698 Sors
349 2673 400 2698 est
434 2668 613 2708 provincia,
642 2668 674 2699 h.
703 2668 724 2699 l.
752 2671 938 2708 quaestoria‚
981 2676 1030 2700 set
1054 2670 1088 2700 in
1111 2671 1194 2707 foro,
1217 2676 1325 2709 posset
1348 2681 1385 2700 eo
1409 2671 1540 2701 referri:
1569 2671 1623 2701 sed
1646 2669 1677 2700 id

231 2714 322 2741 son-te
356 2716 503 2750 accepta,
531 2717 569 2741 ut
605 2716 725 2741 notum
753 2716 813 2741 est.
858 2711 937 2742 Mox
981 2722 1047 2743 non
1063 2713 1454 2752 fceisse,esuperiorums
1471 2718 1570 2753 patet.
1618 2711 1681 2741 Ob-

233 2751 374 2782 alterum
405 2757 441 2782 at
466 2752 586 2783 delevi:
618 2753 788 2793 placetque
816 2754 936 2784 Graerii
979 2755 1148 2786 servandis
1159 2755 1283 2785 habent
1298 2755 1369 2787 edd.
1384 2756 1494 2796 plures
1506 2764 1583 2786 ante
1594 2755 1677 2785 Gril-

234 2799 355 2824 correct
363 2794 404 2824 io.
980 2802 1041 2828 ter.
1055 2802 1094 2828 ut
1108 2797 1244 2829 Victorii
1263 2797 1322 2828 810.

275 2838 317 2867 34
339 2836 543 2867 obse-mandis
565 2836 646 2878 am]
673 2838 726 2868 Sic
747 2838 857 2879 scripsi
875 2848 933 2879 pro
