1769 3174
348 118 424 158 DE
450 115 804 158 HARUSPICUM
827 116 1124 158 RESPONSIS.
1382 124 1460 161 903

63 222 151 266 itiis
180 222 447 274 centuriatis,
477 222 672 265 omnium
701 230 881 264 aetatum
909 221 1196 277 ordinumque
1227 221 1459 280 suffragiis,

21 280 166 324 eodem
183 280 284 336 jure
305 295 395 322 esse
410 281 557 336 jussit,
580 294 666 336 quo
689 279 854 321 fuisset.
898 279 1058 321 Postea
1078 293 1169 330 vos,
1191 288 1333 336 patres
1354 290 1523 327 con-1⁴3-

21 337 182 394 scripti,
203 352 289 378 non
313 339 426 393 quod
451 338 584 380 dubia
602 352 668 379 res
698 345 824 389 esset,
847 336 919 378 sed
943 345 992 378 ut
1022 335 1124 377 huic
1146 336 1285 388 furiae,
1307 339 1340 379 si
1363 338 1458 379 diu-

21 394 104 438 tius
134 395 178 436 in
210 394 291 436 hac
322 397 440 446 urbe,
462 409 591 451 quam
615 394 755 437 delere
776 402 968 450 cuperet,
989 403 1196 445 maneret,
1219 396 1256 425 2¹
1275 410 1359 436 vox
1394 395 1459 436 in-

19 451 311 504 terdiceretur,
345 451 608 503 decrevistis,
643 460 692 493 ut
730 451 784 493 de
814 465 1007 493 mearum
1049 450 1206 492 aedium
1250 451 1460 508 religione

19 508 72 552 ad
93 508 350 566 pontificum
372 509 604 566 collegium
625 507 867 551 referretur.
929 508 1042 555 Quae
1065 517 1187 549 tanta
1206 508 1358 565 religio
1379 519 1460 559 est,

19 581 103 624 qua
123 580 208 607 non
232 566 276 607 in
297 567 454 607 nostris
476 566 839 618 dubitationibus,
861 574 990 621 atque
1022 565 1065 606 in
1086 565 1290 607 maximis
1313 580 1460 622 super-

41 622 281 674 titionibus,
307 623 430 664 unius
455 623 505 665 P.
528 623 697 666 Servilii
720 638 770 665 ac
793 623 861 664 M.
883 621 1047 664 Luculli
1068 637 1273 678 responso
1295 638 1345 664 ac
1368 637 1461 664 ver-

18 681 76 724 bo
92 679 350 722 liberemur?
383 680 450 722 De
473 681 602 722 sacris
623 679 822 737 publicis,
843 680 896 722 de
917 680 1027 722 ludis
1050 679 1267 731 maximis,
1289 680 1342 721 de
1358 680 1460 722 deo-

19 752 110 780 rum
134 738 355 794 penatium
378 738 608 793 Vestaeque
629 738 778 779 matris
800 737 1076 788 caerimoniis,
1097 737 1150 778 de
1181 736 1253 778 illo
1277 737 1371 793 ipso
1395 753 1461 778 sa-

19 794 196 846 orificio,
217 795 334 850 quod
358 794 408 835 fit
429 810 507 851 pro
529 795 665 836 salute
696 795 843 851 populi
870 794 1073 845 Romani,
1095 794 1226 850 quod,
1249 805 1348 850 post
1371 794 1462 836 Ro-

17 866 131 894 mam
151 852 388 903 conditam,
411 853 540 909 hujus
563 853 688 893 unius
711 853 818 894 casti
841 851 996 893 tutoris
1017 851 1273 908 religionum
1304 851 1462 893 scelere

19 909 224 951 violatum
245 918 324 961 est,
346 910 463 966 quod
485 919 569 951 tres
590 910 819 967 pontifices
842 909 1107 961 statuissent,
1129 909 1172 950 id
1192 923 1358 965 semper
1382 925 1460 966 po-

18 965 119 1024 pulo
142 966 357 1019 Romano,
379 981 548 1024 semper
568 967 750 1019 senatui,
772 981 940 1023 semper
968 966 1072 1023 ipsis
1094 966 1176 1007 diis
1206 967 1460 1008 immortali-

18 1025 96 1067 bus
119 1024 220 1065 satis
241 1035 454 1076 sanctum,
478 1025 579 1065 satis
609 1034 857 1081 augustum,
880 1023 981 1065 satis
1013 1023 1261 1080 religiosum
1283 1038 1374 1065 esse
1397 1025 1461 1066 vi-

18 1094 112 1124 sum
142 1089 221 1122 est.
281 1081 343 1123 At
374 1096 475 1123 vero
508 1096 650 1123 meam
681 1082 858 1124 domum
892 1081 943 1122 P.
980 1080 1201 1133 Lentulus,
1233 1081 1385 1123 consul
1416 1092 1460 1123 et

18 1137 234 1195 pontifex,
258 1138 309 1180 P.
333 1138 553 1191 Servilius,
578 1138 647 1180 Μ.
672 1139 890 1190 Lucullus,
916 1138 974 1185 Q.
998 1137 1218 1191 Metellus,
1250 1138 1331 1180 M’.
1353 1139 1461 1181 Gla-

19 1195 128 1245 brio,
152 1194 220 1236 M.
242 1195 446 1248 Messala,
472 1196 522 1237 L.
546 1196 769 1249 Lentulus,
791 1197 947 1237 flamen
971 1194 1204 1247 Martialis,
1227 1195 1278 1237 P.
1303 1196 1459 1249 Galba,

20 1252 76 1300 Q.
102 1251 306 1294 Metellus
337 1253 501 1310 Scipio,
520 1252 573 1295 C.
597 1254 801 1306 Fannius,
833 1252 902 1294 M.
926 1252 1130 1308 Lepidus,
1163 1253 1212 1294 L.
1237 1253 1459 1305 Claudius,

17 1323 94 1351 rex
116 1324 348 1361 sacrorum,
373 1310 441 1352 M.
465 1311 666 1362 Scaurus,
687 1311 756 1352 M.
780 1310 975 1362 Crassus,
999 1309 1051 1350 C.
1072 1309 1221 1362 Curio,
1244 1311 1345 1353 Sex.
1361 1311 1461 1353 Cae-

17 1381 99 1417 sar,
132 1367 290 1408 flamen
322 1367 583 1415 Quirinalis:
626 1369 684 1416 Q.
709 1367 949 1419 Cornelius,
981 1366 1032 1408 P.
1053 1366 1369 1419 Albinovanus,
1401 1369 1460 1416 Q.

15 1422 257 1475 Terentius,
279 1427 319 1455 22
333 1425 560 1481 pontifices
582 1427 784 1477 minores,
806 1440 935 1466 causa
955 1424 1133 1480 cognita
1154 1425 1324 1467 duobus
1354 1426 1461 1468 locis

16 1480 147 1533 dicta,
171 1482 361 1523 maxima
382 1482 624 1538 frequentia
649 1483 1011 1539 amplissimorum
1041 1496 1092 1523 ac
1122 1483 1462 1539 sapientissimo-

17 1552 112 1579 rum
134 1538 295 1580 civium
326 1540 537 1592 adstante,
559 1540 678 1582 omni
708 1540 929 1596 religione,
951 1553 1038 1580 una
1057 1549 1216 1592 mente,
1239 1555 1386 1582 omnes
1409 1541 1458 1582 li·
1471 1552 1502 1584 h.

16 1595 288 1638 beraverunt.
349 1597 476 1654 Nego
498 1612 702 1653 umquam
731 1607 830 1654 post
862 1611 982 1638 sacra
1001 1597 1253 1650 constituta,
1275 1613 1457 1654 quorum
1471 1603 1504 1656 7

17 1652 166 1694 eadem
187 1662 252 1694 est
272 1655 521 1710 antiquitas,
542 1669 639 1710 quae
663 1655 797 1711 ipsius
819 1654 952 1706 urbis,
974 1653 1059 1695 ulla
1079 1654 1132 1696 de
1158 1669 1216 1707 re,
1239 1670 1292 1696 ne
1313 1656 1367 1697 de
1387 1671 1458 1697 ca·
1473 1674 1519 1707 13

21 1709 111 1766 pite
144 1710 317 1765 quidem
352 1712 569 1768 virginum
596 1712 851 1764 Vestalium,
876 1721 965 1753 tam
995 1711 1195 1767 frequens
1227 1712 1459 1769 collegium

12 1766 245 1822 judicasse.
277 1783 539 1824 quamquam
571 1770 623 1811 ad
654 1769 858 1811 facinoris
894 1769 1240 1825 disquisitionem
1284 1770 1462 1812 interest

19 1823 165 1866 adesse
186 1825 539 1881 quamplurimos.
600 1826 670 1868 Ita
690 1836 755 1868 est
784 1826 900 1868 enim
931 1826 1230 1882 interpretatio
1252 1827 1323 1868 illa
1352 1843 1461 1884 pon-

20 1880 202 1932 tificum,
225 1890 274 1923 ut
294 1882 424 1924 iidem
446 1892 705 1940 potestatem
726 1884 914 1926 habeant
937 1883 1154 1938 judicum.
1213 1887 1252 1915 23
1267 1884 1462 1941 Religio-

18 1937 86 1981 nis
106 1938 356 1994 explanatio
378 1941 441 1981 vel
464 1942 519 1982 ab
542 1956 628 1983 uno
650 1941 859 1997 pontifice
880 1942 1020 1997 perito
1044 1952 1158 1982 recte
1181 1942 1270 1982 fieri
1295 1952 1458 1998 potest:

21 1995 135 2050 quod
158 1995 271 2037 idem
291 1996 337 2038 in
351 1996 520 2052 judicio
541 1999 697 2055 capitis
718 1999 872 2040 durum
902 2009 1031 2053 atque
1062 1999 1257 2054 iniquum
1287 2010 1366 2041 est.
1397 2010 1462 2041 ta-

19 2065 118 2094 men
150 2053 210 2095 sic
241 2055 476 2110 reperietis,
503 2055 814 2111 frequentiores
847 2056 1078 2111 pontifices
1107 2057 1160 2098 de
1192 2071 1289 2098 mea
1315 2057 1460 2109 domo,

21 2123 149 2164 quam
171 2125 375 2166 umquam
397 2112 450 2153 de
471 2114 740 2155 caeremoniis
762 2113 981 2169 virginum
996 2113 1230 2169 judicasse.
1281 2114 1461 2156 Postero

21 2166 90 2208 die
118 2165 487 2223 frequentissimus
517 2179 703 2221 senatus,
734 2181 776 2212 te
798 2170 974 2213 consule
999 2171 1241 2227 designato,
1265 2171 1462 2225 Lentule,

23 2225 245 2266 sententiae
282 2226 493 2283 principe,
534 2227 583 2269 P.
608 2228 792 2270 Lentulo
831 2237 875 2269 et
904 2228 961 2274 Q.
986 2227 1182 2280 Metello,
1211 2229 1462 2271 consulibus

0 2309 1 2339 l
25 2278 319 2334 referentibus,
342 2285 506 2336 statuit,
529 2300 629 2327 cum
651 2300 798 2326 omnes
829 2284 1072 2342 pontifices,
1093 2287 1166 2342 qui
1188 2296 1311 2329 erant
1331 2287 1462 2343 hujus

23 2337 196 2390 ordinis,
218 2339 429 2392 adessent,
448 2357 634 2398 cumque
655 2342 742 2393 alii,
764 2343 838 2398 qui
862 2342 1098 2384 honoribus
1127 2344 1275 2400 populi
1301 2344 1462 2386 Roma-

22 2394 67 2436 ni
98 2397 424 2450 antecedebant,
452 2399 588 2441 multa
609 2400 662 2441 de
695 2400 868 2457 collegii
898 2400 1069 2456 judicio
1092 2402 1223 2443 verba
1246 2401 1462 2454 fecissent,

61 2519 100 2549 21
122 2528 184 2568 ²302·
207 2521 469 2567 interdiceretur]
495 2523 568 2554 Scio
583 2525 720 2555 interdi-
761 2524 934 2555 doctorum
950 2526 1090 2565 expiatio
1104 2525 1218 2562 edidit,
1234 2527 1284 2566 cuj
1291 2536 1327 2557 us
1348 2527 1462 2558 lectio-

22 2569 91 2590 cere
117 2570 162 2591 sic
186 2560 268 2593 thei:
302 2563 358 2595 sed
381 2571 493 2595 tamen
524 2566 577 2596 hic
606 2567 719 2597 durius
762 2568 812 2598 nis
835 2568 972 2607 vestigia
990 2572 1068 2598 sunt
1082 2570 1183 2598 etiam
1207 2569 1241 2598 in
1256 2568 1307 2600 ed.
1325 2569 1378 2599 W.
1416 2571 1461 2601 At

23 2605 89 2649 est:
112 2603 277 2643 proboque
299 2615 412 2637 eorum
435 2609 648 2647 sententiam,
663 2610 718 2648 qui
761 2609 886 2640 dudum
912 2610 958 2640 sic
985 2610 1130 2640 ediderat
1155 2610 1273 2645 -Junta,
1301 2621 1395 2650 quem
1424 2613 1461 2643 P.

21 2645 292 2694 mtercluderjetur
304 2649 484 2688 corrigunt.
758 2651 932 2682 Manutius
968 2656 1098 2682 secutus
1133 2660 1194 2683 est.
1251 2653 1323 2692 Ego
1360 2654 1461 2684 malui

65 2688 105 2731 22
121 2688 288 2728 ponty‘ices
300 2691 452 2730 minores]
471 2691 532 2722 Ed.
546 2692 601 2723 w.
616 2692 716 2724 habet
760 2694 869 2734 plures
904 2694 1003 2725 libros
1038 2695 1140 2733 sequi,
1174 2695 1354 2734 proesertim
1385 2706 1462 2726 curu

25 2730 283 2768 majorcamale.
298 2731 337 2763 de
358 2734 567 2773 pontificibus
582 2735 718 2766 minori·
759 2735 814 2766 hic
841 2736 970 2776 proprie
995 2735 1034 2766 de
1058 2736 1182 2776 judicio
1210 2745 1318 2766 sermo
1345 2738 1401 2774 sit,
1428 2744 1462 2768 et

24 2767 85 2800 bus
98 2780 128 2801 ν.
142 2771 285 2820 Clavem.
762 2777 849 2808 infra
861 2778 961 2808 etiam
977 2789 1006 2808 c.
1023 2788 1057 2817 g.
1078 2779 1145 2808 sint
1163 2782 1389 2817 portentorum
1410 2789 1464 2809 ea·-

66 2813 106 2843 ¹23
134 2812 313 2852 Relzgtonis
340 2817 542 2857 est-planam]
573 2818 721 2849 Graevius
759 2821 980 2860 planationes,
996 2821 1018 2850 i.
1034 2831 1062 2849 e.
1081 2829 1235 2860 responsa
1251 2820 1290 2851 de
1304 2822 1466 2862 portentis

25 2861 43 2883 e
57 2852 121 2885 Ms.
139 2855 252 2888 Franc.
267 2862 301 2889 et
315 2858 355 2890 de
370 2860 563 2900 conjectura
577 2861 721 2892 virorum
766 2861 933 2903 expiandis
946 2867 979 2892 et
996 2861 1145 2902 expiandi
1162 2862 1276 2892 modo-
