1785 3185
478 96 596 134 PRO
623 97 666 133 C.
695 94 952 133 RABIRIO
977 95 1271 134 POSTUMO.
1495 99 1589 135 1201

153 196 251 238 dem
272 199 412 240 semel
442 209 641 255 suscepto
672 208 801 253 atque
830 207 1069 248 contract0,
1093 198 1372 254 perpetienda
1401 199 1473 241 illa
1503 199 1595 241 fue-

154 263 268 306 runt,
289 258 329 286 35
346 266 392 297 ut
413 271 457 297 se
478 255 706 310 aliquando
729 255 782 296 ad
804 269 902 295 suos
930 254 1181 295 vindicaret.
1243 255 1394 311 Itaque
1413 257 1595 312 objicias

153 309 270 363 licet,
302 327 428 367 quam
465 312 580 353 voles
613 326 742 369 saepe,
776 311 996 367 palliatum
1039 310 1185 362 fuisse,
1221 311 1364 366 aliqua
1397 313 1595 355 habuisse

152 381 240 408 non
274 368 459 410 Romani
482 369 669 410 hominis
693 367 891 424 insignia.
913 368 1082 423 quoties
1111 382 1261 408 eorum
1291 369 1511 424 quippiam
1532 371 1596 412 di-

150 437 238 474 ces,
264 427 390 466 toties
422 440 554 467 unum
583 427 714 476 dices,
736 435 864 481 atque
894 424 1012 476 illud,
1035 434 1192 466 temere
1222 424 1338 466 hunc
1367 427 1594 480 pecuniam

154 483 245 538 regi
270 482 525 524 credidisse:
557 497 652 524 suas
684 482 877 523 fortunas
908 491 1036 537 atque
1070 481 1228 524 famam
1261 481 1430 523 libidini
1460 484 1591 539 regiae

151 540 429 580 commisisse.
492 539 669 581 Fecerat
699 550 882 581 temere:
915 539 1075 581 fateor:
1109 538 1265 579 mutari
1307 537 1469 580 factum
1495 540 1652 594 jam26

149 595 267 636 nullo
298 597 426 638 modo
461 607 652 653 poterat:
690 606 763 638 aut
799 595 974 652 pallium
1011 596 1264 637 sumendum
1298 595 1590 648 Alexandriae,

150 661 201 692 ut
231 662 275 693 et
307 654 460 695 Romae
494 665 644 710 togato
670 668 761 694 esse
791 654 961 706 liceret3
993 663 1067 694 aut
1100 667 1249 694 omnes
1271 652 1457 695 fortunae
1479 654 1589 708 abji-

150 710 330 761 ciendae,
353 712 393 742 36
407 712 438 751 si
474 720 621 767 togam
652 711 911 751 retinuisset.
973 709 1237 751 Deliciarum
1272 725 1400 751 causa
1440 721 1483 751 et
1517 704 1672 751 vo-]O

147 765 341 822 luptati5‚
363 783 450 809 non
474 769 602 809 modo
618 768 732 809 cives
754 767 989 818 Romanos,
1005 768 1076 808 sed
1096 776 1140 808 et
1159 766 1323 808 nobiles
1344 767 1590 809 adolescen-

151 833 229 874 tes,
251 834 294 865 et
314 826 523 880 quosdam
543 826 674 866 etiam
696 835 926 874 senatores,
949 839 1116 866 summo
1147 823 1242 865 loco
1274 833 1413 874 natos,
1435 839 1522 866 non
1545 825 1589 866 in

149 880 302 932 hortis,
324 892 398 922 aut
418 882 672 923 suburbanis
695 882 796 933 suis,
819 882 892 922 sed
923 880 1123 938 Neapoli,
1144 881 1189 922 in
1212 881 1489 923 celeberrimo
1512 897 1590 938 op-

182 938 266 989 ido,
289 942 328 972 37
342 953 439 980 cum
467 939 628 980 mitella
653 953 769 994 saepe
792 939 991 979 vidimus.
1052 938 1389 993 Chlamydatum
1419 939 1468 980 L.
1493 939 1588 980 Sul·
1599 940 1651 978 27

146 952 233 1035 lam
271 996 596 1051 imperatorem:
631 996 681 1037 L.
709 1010 810 1037 vero
844 995 1076 1052 Scipionis,
1105 996 1179 1051 qui
1211 995 1368 1036 bellum
1399 995 1442 1036 in
1483 995 1590 1038 Asia

147 1052 296 1107 gessit,
326 1052 679 1109 Antiochumque
712 1053 886 1103 devicit,
920 1068 1007 1093 non
1046 1053 1183 1094 solum
1216 1067 1314 1093 cum
1347 1052 1589 1108 chlamyde,

148 1109 222 1149 sed
244 1110 375 1151 etiam
408 1125 506 1151 cum
539 1110 722 1167 crepidis
746 1111 791 1151 in
814 1109 1034 1166 Capitolio
1068 1119 1254 1151 statuam
1289 1110 1458 1151 videtis.
1481 1125 1589 1165 quo-

148 1180 243 1207 rum
274 1167 509 1223 impunitas
541 1167 626 1209 fuit
657 1182 744 1208 non
774 1167 904 1209 modo
937 1182 963 1208 a
984 1166 1170 1221 judicio,
1193 1166 1266 1208 sed
1290 1167 1418 1207 etiam
1449 1183 1475 1208 a
1503 1182 1589 1208 ser-

146 1237 290 1265 mone.
336 1224 520 1266 Facilius
543 1235 658 1266 certe
682 1224 733 1265 P.
749 1223 962 1265 Rutilium
981 1223 1147 1265 Rufum
1167 1225 1433 1265 necessitatis
1456 1239 1589 1266 excu-

147 1281 256 1322 satio
279 1281 503 1324 defendet:
535 1283 610 1338 qui
640 1296 740 1323 cum
768 1297 795 1323 a
825 1281 1086 1322 Mithridate
1108 1280 1335 1337 Mitylenis
1359 1296 1587 1338 oppressus

144 1350 270 1389 esset,
293 1339 589 1380 crudelitatem
611 1339 723 1395 regis
746 1338 789 1379 in
814 1347 987 1394 togatos
1011 1338 1188 1379 vestitus
1215 1339 1454 1380 mutatione
1477 1340 1586 1380 vita-

146 1396 222 1436 vit.
284 1395 401 1452 Ergo
433 1396 500 1437 ille
534 1396 584 1437 P.
608 1395 814 1446 Rutilius,
835 1396 910 1451 qui
940 1396 1248 1437 documentum
1282 1395 1364 1436 fuit
1399 1396 1627 1437 homini-P·
1649 1399 1717 1431 1⁴27-

144 1452 223 1492 bus
246 1454 402 1494 nostris
426 1454 611 1504 virtutis,
633 1453 919 1509 antiquitatiS,
950 1454 1207 1509 prudentias,
1239 1452 1473 1495 consularis
1506 1448 1625 1495 ho-a'

146 1524 234 1560 mo,
267 1525 414 1551 soccos
446 1511 602 1552 habuit
633 1519 680 1551 et
716 1510 920 1566 pallium?
949 1525 1029 1551 nec
1061 1525 1162 1551 vero
1203 1510 1247 1551 id
1284 1510 1450 1551 homini
1491 1520 1584 1552 tum

145 1567 386 1622 quisquam,
408 1568 481 1608 sed
504 1567 688 1623 tempori
710 1567 1015 1623 assignandum
1042 1567 1235 1623 putavit:
1270 1566 1478 1608 Postumo
1501 1569 1584 1609 cri-

142 1637 242 1665 men
265 1625 443 1665 vestitus
473 1624 623 1665 afferet
644 1625 693 1676 is,
716 1626 759 1666 in
780 1639 867 1680 quo
890 1638 985 1680 spes
1008 1623 1105 1675 fuit,
1128 1638 1252 1680 posse
1278 1639 1369 1665 sese
1390 1625 1582 1680 aliquan-

141 1680 197 1721 do
214 1681 267 1721 ad
289 1681 483 1722 fortunas
504 1697 600 1722 suas
623 1683 871 1738 pervenire?
895 1682 1024 1731 Nam,
1043 1691 1091 1722 ut
1113 1694 1287 1722 ventum
1308 1692 1372 1722 est
1392 1682 1581 1723 Alexan-
1593 1686 1643 1719 28

142 1737 279 1779 driam
301 1739 353 1780 ad
375 1739 590 1789 Auletem,
606 1739 793 1794 judices,
811 1738 906 1780 haec
937 1753 1022 1779 una
1053 1739 1162 1779 ratio
1192 1754 1218 1779 a
1240 1753 1339 1794 rege
1360 1741 1583 1795 proposita

143 1793 353 1836 Postumo
369 1805 436 1836 est
452 1797 671 1837 servandae
689 1796 899 1852 pecuniae,
913 1796 948 1836 si
965 1795 1232 1841 curationem
1250 1805 1293 1836 et
1305 1797 1424 1850 quasi
1445 1797 1582 1837 38dis-

142 1853 437 1906 pensationem
458 1854 622 1909 regiam
643 1854 914 1909 suscepisset.
938 1853 982 1894 id
1013 1863 1156 1894 autem
1186 1852 1327 1894 facere
1348 1868 1435 1894 non
1458 1865 1580 1909 pote-

142 1917 222 1960 rat,
244 1909 325 1950 nisi
348 1910 580 1952 dioecetes:
603 1909 688 1952 hoc
708 1911 824 1954 enim
847 1911 1021 1953 nomine
1043 1911 1192 1962 utitur,
1209 1911 1282 1965 qui
1306 1925 1331 1951 a
1352 1925 1452 1967 rege
1470 1921 1582 1956 esset

183 2043 224 2071 35
246 2045 285 2071 ut
298 2049 331 2070 se
345 2041 422 2079 aliq.
439 2041 487 2071 ad
495 2051 567 2071 suos
578 2041 773 2081 m‘ndicaret]
800 2041 838 2072 ld

142 2090 204 2118 est,
221 2088 260 2112 ut
285 2082 326 2112 ad
346 2091 421 2112 suos
443 2093 473 2113 a.
492 2084 596 2114 redire
617 2088 739 2123 posset,
762 2088 837 2114 tan-

141 2130 240 2164 q‘uam
261 2135 279 2154 e
305 2125 462 2155 servitute
482 2125 651 2156 liberatus.
697 2126 749 2156 Sic
764 2126 836 2156 Ma-

142 2167 254 2197 nutius
273 2167 523 2207 interpretatur,
539 2168 631 2198 bene.
676 2167 836 2208 Exempla

140 2208 236 2248 hujus
251 2209 506 2240 constructionis
529 2214 606 2240 sunt
621 2220 673 2250 ap.
689 2210 834 2240 Gronov.

140 2251 182 2281 ad
207 2251 278 2282 Liv.
305 2250 425 2287 XLIV,
448 2254 496 2282 14.
539 2252 646 2282 Miror
670 2251 836 2282 Graevium

141 2293 317 2329 dubitasse,
332 2293 395 2323 hoc
409 2294 551 2324 latinum
565 2304 644 2325 esse.

181 2335 223 2366 36
242 2336 270 2365 si
297 2340 410 2374 togam
435 2336 634 2375 retinuisset]
674 2335 755 2366 Haec
781 2346 837 2376 ap-

139 2377 312 2416 pendicula
324 2377 498 2409 claudicat.
516 2379 596 2409 mihi
618 2378 728 2418 spuria
750 2378 836 2408 vide·

138 2423 194 2449 tur
206 2423 240 2449 et
249 2430 288 2449 ex
301 2421 516 2451 annotatione
530 2420 718 2459 glossatoris
732 2425 816 2451 orta.

179 2462 220 2494 37
242 2471 317 2491 cum
327 2463 454 2493 mitella
467 2472 547 2502 sa’pe
560 2463 717 2493 videmus.
740 2462 836 2492 Chla-

138 2503 311 2541 mydatum
339 2503 412 2543 δῖα]
453 2505 563 2535 Primo
597 2514 673 2535 cum
710 2505 836 2535 mitella

138 2545 230 2575 abest
243 2544 293 2575 ed.
309 2545 362 2575 W.
382 2549 473 2577 1480.
517 2547 561 2576 At
583 2546 621 2578 R.
637 2547 686 2578 M.
708 2546 831 2577 habent

138 2588 366 2626 macc-lapella.
413 2589 524 2620 Prima
555 2589 697 2619 Juntina
732 2589 831 2619 habet

137 2638 213 2659 eum
242 2630 400 2666 mitrella,
427 2631 512 2661 unde
541 2632 667 2661 mitella
694 2631 830 2662 factum.

139 2671 240 2701 Porro
259 2671 329 2701 sine
355 2671 453 2702 dubio
481 2672 657 2712 legendum
677 2673 830 2709 vidimus,

136 2716 172 2743 et
185 2718 320 2753 propter
334 2716 545 2751 sententiam,
561 2722 595 2745 et
618 2725 658 2745 ne
684 2715 832 2746 clausula

137 2754 319 2786 hexametri
333 2756 388 2791 sit,
399 2756 485 2794 quod
498 2763 547 2787 est
555 2757 721 2787 vitiosum.
743 2757 832 2787 Tum

137 2796 274 2827 fortasse
302 2806 378 2827 cum
400 2799 667 2829 antecedentibus
695 2800 833 2837 conjun-

136 2838 280 2878 gendum
301 2848 438 2878 sequens
466 2841 530 2870 sic:
559 2841 720 2871 vidimus:
744 2842 834 2872 chla-

880 2041 1054 2081 mydatum
1083 2041 1126 2072 L.
1157 2040 1302 2077 Sullam,
1328 2042 1579 2080 imperatorem.-

883 2083 923 2114 L.
940 2094 1013 2113 vero
1034 2085 1091 2114 δερ.
1113 2088 1152 2113 ut
1174 2084 1214 2114 ad
1241 2084 1382 2113 vidimus
1407 2084 1578 2114 referatur.

879 2125 993 2156 Cicero
1015 2125 1146 2164 quidem
1170 2126 1280 2165 potnit
1303 2125 1428 2156 vidisse.
1473 2125 1513 2155 In
1529 2137 1579 2156 re-

878 2173 973 2208 cepta
986 2167 1197 2197 distinctione
1220 2167 1445 2207 accipiendum
1466 2174 1516 2198 est
1538 2169 1580 2199 de

877 2214 988 2240 statua
999 2209 1108 2240 Sulla».
1122 2219 1152 2239 v.
1167 2214 1201 2239 et
1217 2208 1351 2240 Clavem
1373 2210 1408 2239 in
1431 2211 1579 2250 chlamy-

878 2252 986 2281 datus.
1032 2252 1264 2282 Hotomannus
1278 2262 1296 2281 e
1311 2251 1376 2282 Ms.
1392 2252 1578 2291 corrigebat

877 2294 1125 2332 chlamydatam
1139 2295 1234 2324 illam
1251 2293 1293 2323 L.
1312 2293 1415 2324 Sullae
1434 2295 1578 2333 impera-

879 2337 967 2365 toris.
1011 2335 1088 2365 Non
1102 2335 1222 2375 placet.
1258 2335 1297 2365 In
1311 2335 1384 2366 edd.
1400 2340 1478 2366 ante
1490 2336 1577 2367 Gru-

878 2383 987 2408 terum
1001 2377 1131 2408 additur
1145 2384 1178 2408 et
1192 2378 1302 2414 illum,
1319 2378 1406 2416 quod
1427 2384 1462 2408 et
1484 2388 1576 2408 revo-

879 2421 966 2450 cavit
980 2420 1141 2450 Graevius.
1186 2420 1263 2450 Post
1278 2429 1417 2459 quorum
1431 2421 1576 2459 impuni-

878 2461 1010 2502 tassuit
1033 2463 1092 2492 διε.
1113 2462 1257 2502 pertinet
1278 2471 1344 2491 non
1368 2462 1409 2492 ad
1433 2466 1573 2500 statuas,

878 2504 933 2534 sed
955 2504 995 2535 ad
1016 2505 1164 2534 vivorum
1188 2503 1472 2540 consuetudinem,
1487 2506 1573 2543 quod

875 2545 922 2576 mi
936 2546 995 2576 tali
1012 2546 1132 2576 vestitu
1146 2546 1312 2575 interdum
1334 2546 1384 2575 usi
1398 2551 1488 2576 sunt.
1532 2547 1573 2578 In

875 2589 910 2619 P.
927 2589 1076 2628 Scipione
1091 2592 1205 2618 tamen
1219 2587 1430 2628 reprehensus
1452 2593 1503 2617 est
1519 2598 1572 2619 ve-

874 2631 972 2660 stitus
987 2631 1093 2660 Graeci
1116 2639 1204 2659 usus.
1220 2640 1271 2669 ap.
1287 2629 1358 2659 Liv.
1375 2630 1504 2665 XXIX,
1524 2633 1571 2665 19.

917 2675 957 2703 38
980 2673 1247 2712 dispensationem
1268 2673 1398 2709 regiam
1419 2673 1571 2711 suscepis-

872 2714 933 2753 sel]
958 2714 1045 2754 Quid
1070 2719 1120 2743 est
1142 2714 1268 2743 curatio
1290 2718 1322 2742 et
1344 2714 1425 2752 disp.
1447 2715 1572 2752 regia!

874 2757 980 2787 Immo
997 2755 1170 2795 legendum
1185 2757 1286 2793 regiae
1297 2763 1341 2785 sc.
1356 2755 1504 2794 pecuniae
1522 2758 1572 2795 (et

873 2799 960 2828 forte
977 2804 1054 2828 ante
1079 2797 1199 2827 excidit
1222 2805 1288 2827 sace
1313 2802 1386 2836 post
1394 2799 1569 2837 pecunioe).

876 2841 930 2871 Sic
944 2840 1088 2880 conjecit
1102 2844 1136 2870 et
1151 2839 1320 2871 Patricius.

799 2888 915 2925 413
