1785 3185
460 188 806 231 PHILIPPICA
834 193 1167 231 UNDECIMA.
1430 192 1526 230 1391

99 294 165 350 pit
184 294 228 338 in
251 310 295 337 se
316 295 465 346 scelus,
488 310 615 351 quam
637 295 686 346 is,
705 295 778 350 qui
800 295 972 336 alterius
994 295 1159 337 facinus
1181 295 1322 336 subire
1342 294 1527 350 cogitur.

101 351 329 394 Cruciatus
359 362 423 393 est
453 368 478 393 a
525 352 744 394 Dolabella
772 351 1034 394 Trebonius:
1091 355 1126 382 1⁵
1141 362 1184 392 et
1213 352 1384 407 quidem
1423 361 1466 392 et
1503 367 1528 392 a

100 406 535 465 Karthaginiensibus
560 409 764 465 Regulus.
827 409 864 440 16
880 405 933 450 ¹In
956 424 1040 463 qua
1061 423 1104 449 re
1125 423 1224 449 eum
1245 407 1527 449 crudelissimi

99 464 228 507 Poeni
252 466 437 521 judicati
469 467 552 507 sint
574 467 617 507 in
640 467 785 508 hoste:
828 466 932 520 quid
963 467 1005 506 in
1037 466 1129 506 cive
1160 464 1384 507 Dolabella
1407 465 1526 519 judi-

95 523 253 564 candus
285 526 376 565 est?
413 523 483 564 An
517 538 615 564 vero
648 523 729 564 hoc
759 523 1066 564 conferendum
1098 523 1188 563 est?
1219 531 1293 562 aut
1323 521 1525 562 dubitan-

94 579 211 630 dum,
243 590 336 621 uter
366 581 584 623 miserior?
617 581 722 631 isne,
752 580 875 635 cujus
907 589 1086 620 mortem
1119 589 1289 620 senatus
1321 578 1524 633 populus-

92 649 175 690 que
210 636 429 678 Romanus
464 641 497 671 17
514 638 756 688 ulciscitur3
788 652 841 677 an
863 637 912 687 is,
935 637 1008 692 qui
1041 636 1209 677 cunctis
1233 646 1401 676 senatus
1429 649 1524 675 sen-

93 694 238 734 tentiis
262 694 395 735 hostis
426 694 754 749 estjudicattls?
786 709 883 734 nam
915 693 1065 734 ceteris
1096 693 1269 748 quidem
1294 692 1392 733 vitae
1426 706 1522 747 par-

93 749 223 801 tibus,
245 752 338 806 quis
361 760 438 802 cst,
460 752 532 807 qui
559 751 690 806 possit
711 751 802 792 sine
824 750 1026 791 Trebonii
1049 751 1239 790 maxima
1259 748 1521 790 contumelia

93 807 285 849 conferre
331 809 458 848 vitani
490 807 692 848 Trebonii
718 807 865 848 18’(ῑυιῐι
889 806 1152 853 Dolabellae?
1184 806 1354 846 alterius
1377 806 1517 847 consi-
1530 813 1562 844 b.

90 863 210 915 lium,
236 864 470 920 ingenium,
502 865 826 915 humanitatem,
848 864 1152 914 innocentiam,
1174 863 1516 918 magnitudinem

93 921 223 962 animi
257 922 297 962 in
323 923 459 977 patria
486 921 718 973 liberanda,
739 922 832 976 quis
862 921 1059 977 ignorat?
1089 919 1209 962 alteri
1231 935 1255 961 a
1277 935 1408 976 puero
1438 935 1515 975 pro

94 976 256 1019 deliciis
301 979 527 1020 crudelitas
570 979 651 1019 fuit
672 996 681 1020 z
733 979 885 1019 deinde
924 993 975 1019 ea
1008 977 1234 1019 libidinum
1278 977 1514 1033 turpitudo,

91 1044 139 1074 ut
170 1036 212 1076 in
247 1035 327 1076 hoe
360 1039 395 1070 19
412 1036 467 1076 sit
490 1050 653 1091 semper
688 1035 871 1086 laetatus‚
893 1035 1008 1090 quod
1038 1049 1088 1075 ea
1118 1036 1290 1084 faceret,
1312 1049 1408 1089 quae
1433 1034 1512 1074 sibi

91 1091 239 1146 objici,
256 1107 309 1133 ne
330 1093 384 1134 ab
408 1093 581 1134 inimico
595 1093 781 1148 quidem,
804 1102 978 1148 possent
998 1092 1252 1133 verecundo.
1277 1090 1333 1132 Et
1350 1091 1434 1141 hic,
1453 1091 1511 1131 dii
1529 1095 1576 1128 10

89 1147 374 1191 immortales!
408 1150 635 1205 aliquando
653 1152 695 1182 ‘20
708 1149 790 1190 fuit
811 1164 944 1190 meus.
976 1148 1145 1190 occulta
1175 1149 1290 1189 enim
1311 1159 1432 1189 erant
1451 1149 1513 1188 vi-

88 1205 149 1246 tia
170 1221 255 1247 non
275 1207 520 1262 inquirenti.
545 1221 682 1262 neque
703 1221 817 1247 nunc
841 1206 1019 1247 fortasse
1040 1205 1200 1252 alienus
1222 1205 1276 1247 ab
1295 1220 1346 1246 eo
1364 1219 1514 1255 essem,

85 1263 167 1302 nisi
191 1263 258 1305 ille
281 1264 417 1314 vobis,
439 1265 519 1304 nisi
544 1264 760 1305 moenibus
791 1264 955 1319 patriae,
976 1263 1056 1309 nisi
1080 1263 1178 1304 huic
1202 1263 1310 1303 urbi.
1332 1262 1411 1303 nisi
1434 1262 1515 1303 diis

88 1321 330 1374 penatibus,
359 1321 438 1362 nisi
462 1322 544 1361 aris
575 1331 617 1362 et
639 1320 745 1361 focis
776 1320 968 1361 oninium
990 1319 1198 1371 nostrum,
1227 1319 1515 1374 nisibdenique

83 1386 247 1419 naturae
270 1389 312 1418 et
335 1378 591 1419 humanitati
615 1378 813 1418 inventus
835 1388 945 1419 esset
968 1378 1180 1419 inimicus.
1212 1392 1237 1417 a
1258 1391 1342 1432 quo
1365 1376 1514 1417 admo·

88 1433 184 1482 niti,
206 1434 454 1491 diligentius
477 1446 519 1476 et
543 1434 787 1491 vigilantius
810 1450 1035 1476 caveamus
1057 1434 1312 1474 Antonium.

141 1489 312 1532 Etenim
336 1492 558 1533 Dolabella
579 1507 663 1533 non
684 1492 915 1539 itamultos
938 1507 1082 1533 secum
1100 1491 1253 1532 habuit
1276 1499 1399 1531 notos
1413 1492 1448 1520 2¹
1466 1500 1508 1531 et
1523 1489 1555 1537 5

86 1546 275 1604 insignes
299 1549 497 1590 latrones.
539 1559 583 1590 at
605 1549 771 1600 videtis,
793 1565 899 1605 quos
930 1560 973 1591 et
999 1563 1127 1604 quam
1159 1548 1317 1588 multos
1353 1547 1511 1588 habeat

84 1604 316 1647 Antonius.
337 1607 518 1662 primum
545 1606 593 1647 L.
616 1606 803 1647 fratrem.
827 1621 953 1661 quam
974 1606 1127 1656 facem,
1147 1606 1207 1646 dii
1230 1603 1512 1645 immortales!

83 1663 196 1717 quod
228 1661 414 1705 facinus!
457 1664 570 1719 quod
605 1664 764 1705 scelus!
797 1679 921 1719 quem
945 1663 1185 1719 gurgitem!
1232 1663 1359 1717 q'uam
1393 1676 1514 1701 vora-

82 1719 226 1774 ginem
246 1721 254 1761 !
289 1721 390 1776 quid
419 1735 515 1761 eum
540 1735 625 1761 non
648 1721 817 1762 sorbere
839 1721 996 1771 animo,
1018 1720 1119 1775 quid
1143 1734 1229 1760 non
1250 1719 1418 1759 haurire
1441 1733 1514 1759 co-

80 1777 305 1832 gitatione,
327 1777 731 1834 cujus‘sanguinem
769 1793 854 1819 non
889 1778 1034 1819 bibere
1069 1777 1278 1818 censetis?
1310 1777 1351 1816 in
1386 1775 1513 1829 cujus

83 1834 367 1888 possessiones
389 1845 517 1890 atque
539 1835 730 1875 fortunas
749 1849 834 1875 non
856 1834 1247 1890 impudentissimos
1270 1833 1415 1874 oculos
1435 1846 1509 1887 spe

82 1898 125 1930 et
140 1899 288 1932 mente
309 1892 521 1948 defigere?
581 1891 699 1938 Quid
731 1892 1045 1933 Censorinum?
1075 1891 1147 1947 qui
1171 1905 1214 1931 se
1237 1891 1367 1931 verbo
1399 1905 1507 1946 prae-
1525 1898 1567 1935 11

80 1956 217 1988 torem
247 1962 338 1989 esse
374 1949 583 1989 urbanum
613 1963 768 2005 cupere
798 1949 984 2000 dicebat,
1008 1963 1050 1988 re
1079 1958 1194 1989 certe
1224 1947 1375 1988 noluit.
1406 1946 1517 2001 quid,

81 2001 300 2047 Bestiam?
329 2006 470 2061 quise
489 2005 757 2046 consulatum
781 2003 823 2046 in
856 2004 980 2047 Bruti
1003 2005 1143 2047 locum
1170 2015 1315 2061 petere
1337 2004 1512 2058 profite-

79 2070 161 2102 tur.
192 2071 321 2117 atque
353 2063 434 2104 hoc
471 2063 645 2118 quidem
675 2063 926 2104 detestabile
956 2077 1082 2104 omen
1120 2071 1286 2102 avertat
1315 2060 1509 2116 Jupiter!

81 2117 224 2165 Quam
250 2119 481 2161 absurdum
500 2131 658 2171 autem,
681 2120 754 2174 qui
777 2129 937 2176 praetor
961 2119 1050 2161 fieri
1074 2133 1160 2161 non
1185 2118 1389 2175 potuerit,
1411 2131 1510 2158 eum

118 2260 156 2289 15
178 2262 210 2290 et
222 2260 350 2300 quidem
365 2271 388 2291 a
402 2260 540 2300 Karta]
568 2259 618 2291 Et
640 2260 769 2300 quidem
814 2260 858 2293 H.
874 2265 974 2292 recte.
989 2260 1060 2296 alii,
1074 2264 1113 2290 ut
1125 2259 1197 2291 edd.
1214 2258 1401 2290 Dolabella,

74 2299 255 2341 eleganter,
269 2306 308 2332 ut
322 2303 442 2334 Graeeis
465 2304 517 2333 καὶ
537 2301 570 2335 δὴ
587 2303 649 2339 καὶ,
663 2309 698 2333 et
712 2303 768 2333 ha·
857 2306 894 2337 19
914 2305 957 2333 sit
965 2313 1090 2343 semper
1105 2302 1246 2341 Ioetatus]
1264 2301 1398 2332 Addunt
1411 2312 1429 2333 e
1445 2309 1507 2331 ser.

75 2342 132 2416 het
145 2343 213 2416 »aim
225 2344 377 2384 augendi.
419 2346 483 2377 Sed
497 2346 604 2377 addidi
618 2349 649 2376 et
663 2356 680 2376 e
701 2345 767 2376 Ms.

111 2395 154 2426 uy
179 2408 187 2415 .

119 2428 156 2458 16
178 2427 221 2458 In
235 2438 301 2468 qua
314 2429 592 2472 re—judicandus
605 2428 665 2469 ese]
689 2429 769 2460 Non

72 2468 157 2501 bene
172 2479 247 2500 cum
272 2471 396 2503 Faerno
410 2472 522 2503 delent
545 2472 599 2508 In,
615 2470 700 2510 quod
719 2476 769 2502 est

75 2511 162 2542 idem
174 2521 249 2542 cum
264 2514 437 2545 tritissimo
453 2515 496 2546 In
509 2524 570 2554 quo
584 2526 593 2543 .-
615 2519 649 2544 et
660 2522 718 2553 pro
732 2514 769 2544 in

73 2555 142 2584 cive
155 2553 331 2586 Dolabella
335 2554 541 2596 judicandus
554 2556 657 2586 edunt
671 2556 706 2585 in
721 2557 766 2586 ci-

71 2604 110 2626 ve
124 2595 164 2626 de
176 2595 296 2627 Dolab.
303 2597 527 2638 judicandum
541 2603 597 2629 est.
626 2598 767 2629 Concin-

73 2638 209 2668 nitas·in
232 2640 367 2679 vulgato
382 2644 487 2680 major
507 2646 569 2671 est.
612 2639 675 2671 Sed
690 2648 770 2671 mox

72 2689 132 2720 pro
147 2689 193 2710 an
204 2682 282 2712 dub.
301 2687 388 2712 recte
402 2683 526 2713 editum
539 2686 610 2713 aut.

119 2724 156 2756 17
178 2724 363 2764 ulciscitur]
393 2724 507 2755 Altera
530 2724 627 2754 lectio
652 2725 766 2766 ulcisci

69 2765 160 2802 eupit
176 2765 263 2806 sapit
285 2765 438 2805 glossam.
461 2774 495 2798 at
513 2776 571 2806 pro
593 2767 701 2796 cuncti
716 2776 763 2796 se·
805 2775 826 2805 p

67 2810 169 2836 naeus
195 2809 357 2838 sententia
385 2813 472 2839 recte
498 2819 516 2839 e
548 2808 619 2839 Vat-
648 2808 763 2838 datum

66 2849 192 2878 cunctis
216 2854 348 2880 senatus
380 2851 566 2882 sententiis.-
603 2860 681 2882 nam
717 2850 764 2880 sic

68 2897 197 2930 temper
211 2892 325 2922 Cicero
339 2891 469 2932 aliique.

114 2932 150 2963 18
174 2942 248 2964 cum
262 2932 458 2976 Dolabelcae]
482 2933 534 2964 1ta
558 2934 622 2965 Me.
641 2934 718 2970 vat.
733 2938 767 2965 et

810 2346 1016 2384 quibusdam,
1045 2345 1160 2384 quibus
1185 2343 1352 2375 consentit
1382 2343 1424 2374 H.
1449 2353 1510 2373 au·

809 2394 900 2418 ctore
918 2387 1074 2425 Feri-ario,
1085 2389 1164 2427 ipse.
1179 2386 1264 2426 quod
1276 2386 1329 2417 hic
1344 2395 1420 2417 sane
1436 2385 1507 2416 lau-

835 2434 903 2461 uet-

812 2439 834 2470 ς
852 2473 893 2503 90
904 2470 982 2511 suit
997 2469 1100 2509 meus]
1124 2469 1266 2510 Quidam
1282 2469 1404 2501 addunt
1420 2472 1504 2500 ami„-

811 2523 880 2549 eus,
895 2514 981 2553 quod
1002 2520 1052 2544 est
1068 2525 1086 2544 a
1102 2513 1220 2552 glossa.
1244 2521 1322 2544 nam
1337 2517 1372 2543 et
1386 2513 1418 2543 in
1436 2514 1503 2543 Gu1

808 2556 925 2597 glossae
959 2555 1031 2586 loco
1060 2565 1158 2594 supra
1188 2555 1398 2594 adscriptum.
1433 2564 1502 2585 non

808 2598 905 2629 modo
921 2598 1061 2629 refertur
1076 2596 1115 2629 ad
1129 2597 1320 2632 amicitiam,
1333 2596 1388 2626 sed
1400 2597 1501 2627 etiam

810 2640 995 2680 propiorem
1028 2651 1066 2670 ex
1101 2639 1262 2670 affinitate
1297 2638 1501 2677 conjunctio—

808 2691 898 2719 nem,
913 2692 988 2713 cum
1005 2681 1171 2713 Ciceronis
1185 2690 1286 2720 gener
1300 2686 1395 2711 esset.

849 2727 886 2754 21
911 2734 951 2754 ae
985 2723 1142 2763 insignes]
1180 2722 1282 2759 Male,
1319 2726 1357 2751 ut
1390 2731 1501 2762 supra,

829 2763 916 2796 aullo
952 2770 1047 2797 ante.-
1083 2766 1159 2796 Vat.
1189 2768 1260 2800 aut,
1290 2763 1354 2796 Gu.
1383 2763 1503 2794 iterum

805 2813 852 2838 at.
876 2807 961 2838 Dedi
983 2812 1023 2838 et.
1048 2813 1106 2838 aue
1122 2806 1264 2837 alienum
1288 2811 1361 2836 est:
1386 2806 1507 2845 copula.

807 2850 999 2888 requiritur:
1039 2851 1104 2879 noti
1126 2853 1157 2879 et
1173 2849 1316 2888 insignes
1338 2853 1415 2879 sunt
1436 2848 1503 2879 fere

808 2892 912 2921 idem:
951 2891 1052 2931 gradu
1088 2889 1237 2932 paullum
1272 2890 1399 2921 differre
1428 2899 1503 2931 pos—

809 2940 898 2965 fiunt·

726 2981 858 3018 4212
