<?xml version="1.0" encoding="UTF-8"?>
<!DOCTYPE html PUBLIC "-//W3C//DTD XHTML 1.0 Transitional//EN"
    "http://www.w3.org/TR/xhtml1/DTD/xhtml1-transitional.dtd">
<html xmlns="http://www.w3.org/1999/xhtml" xml:lang="en" lang="en">
 <head>
  <title>
</title>
<meta http-equiv="Content-Type" content="text/html;charset=utf-8" />
  <meta name='ocr-system' content='tesseract 3.04.00' />
  <meta name='ocr-capabilities' content='ocr_page ocr_carea ocr_par ocr_line ocrx_word'/>
</head>
<body>
  <div class='ocr_page' id='page_1' title='image "./p2operaomnia02ciceuoft_0235.png"; bbox 0 0 1769 3174; ppageno 0'>
   <div class='ocr_carea' id='block_1_1' title="bbox 92 399 860 464">
    <p class='ocr_par' dir='ltr' id='par_1_1' title="bbox 8 389 860 464">
     <span class='ocr_line' id='line_1_1' title="bbox 92 399 860 464; baseline 0 -24"><span class='ocrx_word' id='word_1_1' title='bbox 92 399 237 464; x_wconf 80' lang='lat' dir='ltr'>aliquo</span> <span class='ocrx_word' id='word_1_2' title='bbox 268 409 456 440; x_wconf 87' lang='lat' dir='ltr'>servatos</span> <span class='ocrx_word' id='word_1_3' title='bbox 493 414 583 440; x_wconf 87' lang='lat' dir='ltr'>esse</span> <span class='ocrx_word' id='word_1_4' title='bbox 617 399 860 441; x_wconf 84' lang='lat' dir='ltr'>fateantur:</span> 
     </span>
    </p>
   </div>
   <div class='ocr_carea' id='block_1_2' title="bbox 537 120 1531 166">
    <p class='ocr_par' dir='ltr' id='par_1_2' title="bbox 537 120 1531 166">
     <span class='ocr_line' id='line_1_2' title="bbox 537 120 1531 166; baseline -0.001 -2"><span class='ocrx_word' id='word_1_5' title='bbox 537 123 665 164; x_wconf 81' lang='lat' dir='ltr'>PRO</span> <span class='ocrx_word' id='word_1_6' title='bbox 709 120 800 162; x_wconf 92' lang='lat' dir='ltr'>CN.</span> <span class='ocrx_word' id='word_1_7' title='bbox 844 121 1145 164; x_wconf 85' lang='lat' dir='ltr'><strong>PLANCIO.</strong></span> <span class='ocrx_word' id='word_1_8' title='bbox 1456 129 1531 166; x_wconf 74' lang='lat'>955</span> 
     </span>
    </p>
   </div>
   <div class='ocr_carea' id='block_1_3' title="bbox 35 225 1532 455">
    <p class='ocr_par' dir='ltr' id='par_1_3' title="bbox 35 225 1532 455">
     <span class='ocr_line' id='line_1_3' title="bbox 93 225 1532 286; baseline 0.001 -16"><span class='ocrx_word' id='word_1_9' title='bbox 93 225 155 278; x_wconf 85' lang='lat' dir='ltr'>hi,</span> <span class='ocrx_word' id='word_1_10' title='bbox 171 227 357 285; x_wconf 76' lang='lat' dir='ltr'>J&#39;udiceS‚</span> <span class='ocrx_word' id='word_1_11' title='bbox 381 243 509 271; x_wconf 83' lang='lat' dir='ltr'>causa</span> <span class='ocrx_word' id='word_1_12' title='bbox 532 238 746 285; x_wconf 83' lang='lat' dir='ltr'><strong>peracute,</strong></span> <span class='ocrx_word' id='word_1_13' title='bbox 770 237 816 269; x_wconf 88' lang='lat' dir='ltr'>ut</span> <span class='ocrx_word' id='word_1_14' title='bbox 837 228 890 279; x_wconf 89' lang='lat' dir='ltr'>ei,</span> <span class='ocrx_word' id='word_1_15' title='bbox 913 243 1040 283; x_wconf 88' lang='lat' dir='ltr'>quem</span> <span class='ocrx_word' id='word_1_16' title='bbox 1059 228 1164 268; x_wconf 86' lang='lat' dir='ltr'>mihi</span> <span class='ocrx_word' id='word_1_17' title='bbox 1187 228 1341 270; x_wconf 89' lang='lat' dir='ltr'>debere</span> <span class='ocrx_word' id='word_1_18' title='bbox 1360 240 1532 286; x_wconf 71' lang='lat' dir='ltr'>oporte-</span> 
     </span>
     <span class='ocr_line' id='line_1_4' title="bbox 93 285 1530 343; baseline 0.001 -17"><span class='ocrx_word' id='word_1_19' title='bbox 93 294 171 336; x_wconf 88' lang='lat' dir='ltr'>ret,</span> <span class='ocrx_word' id='word_1_20' title='bbox 195 301 276 343; x_wconf 89' lang='lat' dir='ltr'>ego</span> <span class='ocrx_word' id='word_1_21' title='bbox 311 300 378 326; x_wconf 91' lang='lat' dir='ltr'>me</span> <span class='ocrx_word' id='word_1_22' title='bbox 408 286 553 327; x_wconf 86' lang='lat' dir='ltr'>omnia</span> <span class='ocrx_word' id='word_1_23' title='bbox 585 286 739 327; x_wconf 86' lang='lat' dir='ltr'>debere</span> <span class='ocrx_word' id='word_1_24' title='bbox 761 286 962 327; x_wconf 70' lang='lat' dir='ltr'>dicerem.</span> <span class='ocrx_word' id='word_1_25' title='bbox 1022 285 1082 325; x_wconf 86' lang='lat' dir='ltr'>At</span> <span class='ocrx_word' id='word_1_26' title='bbox 1116 285 1156 325; x_wconf 83' lang='lat' dir='ltr'>id</span> <span class='ocrx_word' id='word_1_27' title='bbox 1180 286 1308 326; x_wconf 86' lang='lat' dir='ltr'>etiam</span> <span class='ocrx_word' id='word_1_28' title='bbox 1344 287 1530 343; x_wconf 71' lang='lat' dir='ltr'>greguii</span> 
     </span>
     <span class='ocr_line' id='line_1_5' title="bbox 35 320 1529 393; baseline 0.003 -12"><span class='ocrx_word' id='word_1_29' title='bbox 35 371 38 380; x_wconf 90' lang='lat'>.</span> <span class='ocrx_word' id='word_1_30' title='bbox 93 320 250 384; x_wconf 86' lang='lat' dir='ltr'>milites</span> <span class='ocrx_word' id='word_1_31' title='bbox 274 343 438 384; x_wconf 88' lang='lat' dir='ltr'>faciunt</span> <span class='ocrx_word' id='word_1_32' title='bbox 467 343 606 393; x_wconf 88' lang='lat' dir='ltr'>inviti,</span> <span class='ocrx_word' id='word_1_33' title='bbox 641 352 687 383; x_wconf 90' lang='lat' dir='ltr'>ut</span> <span class='ocrx_word' id='word_1_34' title='bbox 723 357 924 383; x_wconf 86' lang='lat' dir='ltr'>coronam</span> <span class='ocrx_word' id='word_1_35' title='bbox 950 342 1053 382; x_wconf 85' lang='lat' dir='ltr'>dent</span> <span class='ocrx_word' id='word_1_36' title='bbox 1087 342 1283 393; x_wconf 87' lang='lat' dir='ltr'>civicam,</span> <span class='ocrx_word' id='word_1_37' title='bbox 1316 354 1358 383; x_wconf 87' lang='lat' dir='ltr'>et</span> <span class='ocrx_word' id='word_1_38' title='bbox 1394 359 1437 384; x_wconf 87' lang='lat' dir='ltr'>sc</span> <span class='ocrx_word' id='word_1_39' title='bbox 1474 346 1529 386; x_wconf 86' lang='lat' dir='ltr'>ab</span> 
     </span>
     <span class='ocr_line' id='line_1_6' title="bbox 892 400 1529 455; baseline 0.003 -15"><span class='ocrx_word' id='word_1_40' title='bbox 892 414 979 440; x_wconf 89' lang='lat' dir='ltr'>non</span> <span class='ocrx_word' id='word_1_41' title='bbox 1012 413 1097 454; x_wconf 87' lang='lat' dir='ltr'>quo</span> <span class='ocrx_word' id='word_1_42' title='bbox 1129 408 1252 455; x_wconf 83' lang='lat' dir='ltr'>turpe</span> <span class='ocrx_word' id='word_1_43' title='bbox 1284 400 1354 450; x_wconf 89' lang='lat' dir='ltr'>sit,</span> <span class='ocrx_word' id='word_1_44' title='bbox 1388 411 1529 455; x_wconf 83' lang='lat' dir='ltr'>prote—</span> 
     </span>
    </p>
   </div>
   <div class='ocr_carea' id='block_1_4' title="bbox 21 454 1526 512">
    <p class='ocr_par' dir='ltr' id='par_1_4' title="bbox 21 454 1526 512">
     <span class='ocr_line' id='line_1_7' title="bbox 21 454 1526 512; baseline 0.001 -16"><span class='ocrx_word' id='word_1_45' title='bbox 21 454 37 493; x_wconf 69' lang='grc' dir='ltr'>ι’·</span> <span class='ocrx_word' id='word_1_46' title='bbox 90 465 207 498; x_wconf 90' lang='lat' dir='ltr'>ctum</span> <span class='ocrx_word' id='word_1_47' title='bbox 229 457 305 497; x_wconf 91' lang='lat' dir='ltr'>in</span> <span class='ocrx_word' id='word_1_48' title='bbox 294 457 400 508; x_wconf 89' lang='lat' dir='ltr'>acie,</span> <span class='ocrx_word' id='word_1_49' title='bbox 424 457 610 498; x_wconf 85' lang='lat' dir='ltr'>hostium</span> <span class='ocrx_word' id='word_1_50' title='bbox 634 457 833 497; x_wconf 87' lang='lat' dir='ltr'>manibus</span> <span class='ocrx_word' id='word_1_51' title='bbox 855 456 977 512; x_wconf 90' lang='lat' dir='ltr'>eripi,</span> <span class='ocrx_word' id='word_1_52' title='bbox 1001 459 1119 508; x_wconf 84' lang='lat' dir='ltr'>(nam</span> <span class='ocrx_word' id='word_1_53' title='bbox 1150 456 1192 497; x_wconf 90' lang='lat' dir='ltr'>id</span> <span class='ocrx_word' id='word_1_54' title='bbox 1215 456 1422 507; x_wconf 34' lang='lat' dir='ltr'>accideiqe</span> <span class='ocrx_word' id='word_1_55' title='bbox 1446 458 1526 498; x_wconf 87' lang='lat' dir='ltr'>nisi</span> 
     </span>
    </p>
   </div>
   <div class='ocr_carea' id='block_1_5' title="bbox 89 512 1588 683">
    <p class='ocr_par' dir='ltr' id='par_1_5' title="bbox 89 512 1588 683">
     <span class='ocr_line' id='line_1_8' title="bbox 92 512 1528 570; baseline 0 -17"><span class='ocrx_word' id='word_1_56' title='bbox 92 512 192 554; x_wconf 83' lang='lat' dir='ltr'>forti</span> <span class='ocrx_word' id='word_1_57' title='bbox 215 516 320 564; x_wconf 85' lang='lat' dir='ltr'>viro,</span> <span class='ocrx_word' id='word_1_58' title='bbox 339 524 382 554; x_wconf 90' lang='lat' dir='ltr'>et</span> <span class='ocrx_word' id='word_1_59' title='bbox 404 528 537 570; x_wconf 88' lang='lat' dir='ltr'>pugn·</span> <span class='ocrx_word' id='word_1_60' title='bbox 526 514 614 555; x_wconf 72' lang='lat' dir='ltr'>inti</span> <span class='ocrx_word' id='word_1_61' title='bbox 637 513 847 564; x_wconf 87' lang='lat' dir='ltr'>cominus,</span> <span class='ocrx_word' id='word_1_62' title='bbox 867 528 953 554; x_wconf 90' lang='lat' dir='ltr'>non</span> <span class='ocrx_word' id='word_1_63' title='bbox 977 515 1153 568; x_wconf 85' lang='lat' dir='ltr'>potest‚)</span> <span class='ocrx_word' id='word_1_64' title='bbox 1176 513 1247 554; x_wconf 90' lang='lat' dir='ltr'>sed</span> <span class='ocrx_word' id='word_1_65' title='bbox 1269 528 1375 553; x_wconf 91' lang='lat' dir='ltr'>onus</span> <span class='ocrx_word' id='word_1_66' title='bbox 1400 515 1528 554; x_wconf 86' lang='lat' dir='ltr'>bene-</span> 
     </span>
     <span class='ocr_line' id='line_1_9' title="bbox 92 548 1526 627; baseline 0 -17"><span class='ocrx_word' id='word_1_67' title='bbox 92 569 179 611; x_wconf 87' lang='lat' dir='ltr'>ficii</span> <span class='ocrx_word' id='word_1_68' title='bbox 203 548 497 621; x_wconf 84' lang='lat' dir='ltr'>reformidant,</span> <span class='ocrx_word' id='word_1_69' title='bbox 519 571 635 626; x_wconf 86' lang='lat' dir='ltr'>quod</span> <span class='ocrx_word' id='word_1_70' title='bbox 658 585 939 627; x_wconf 83' lang='lat' dir='ltr'>permagnum</span> <span class='ocrx_word' id='word_1_71' title='bbox 961 578 1039 620; x_wconf 83' lang='lat' dir='ltr'>est,</span> <span class='ocrx_word' id='word_1_72' title='bbox 1062 569 1200 611; x_wconf 88' lang='lat' dir='ltr'>alieno</span> <span class='ocrx_word' id='word_1_73' title='bbox 1223 570 1377 611; x_wconf 90' lang='lat' dir='ltr'>debere</span> <span class='ocrx_word' id='word_1_74' title='bbox 1398 571 1526 622; x_wconf 85' lang='lat' dir='ltr'>idem,</span> 
     </span>
     <span class='ocr_line' id='line_1_10' title="bbox 89 627 1588 683; baseline -0.001 -15"><span class='ocrx_word' id='word_1_75' title='bbox 89 627 203 682; x_wconf 85' lang='lat' dir='ltr'>quod</span> <span class='ocrx_word' id='word_1_76' title='bbox 228 628 408 683; x_wconf 86' lang='lat' dir='ltr'>parenti.</span> <span class='ocrx_word' id='word_1_77' title='bbox 472 628 580 682; x_wconf 65' lang='lat' dir='ltr'>Eoo,</span> <span class='ocrx_word' id='word_1_78' title='bbox 603 643 700 669; x_wconf 86' lang='lat' dir='ltr'>cum</span> <span class='ocrx_word' id='word_1_79' title='bbox 720 628 851 668; x_wconf 87' lang='lat' dir='ltr'>ceteri</span> <span class='ocrx_word' id='word_1_80' title='bbox 877 642 973 668; x_wconf 85' lang='lat' dir='ltr'>vera</span> <span class='ocrx_word' id='word_1_81' title='bbox 994 627 1216 679; x_wconf 86' lang='lat' dir='ltr'>beneficia,</span> <span class='ocrx_word' id='word_1_82' title='bbox 1235 628 1365 668; x_wconf 84' lang='lat' dir='ltr'>etiam</span> <span class='ocrx_word' id='word_1_83' title='bbox 1389 627 1588 668; x_wconf 76' lang='lat' dir='ltr'>mino-73</span> 
     </span>
    </p>
   </div>
   <div class='ocr_carea' id='block_1_6' title="bbox 0 675 1525 741">
    <p class='ocr_par' dir='ltr' id='par_1_6' title="bbox 0 675 1525 741">
     <span class='ocr_line' id='line_1_11' title="bbox 0 675 1525 741; baseline 0.001 -16"><span class='ocrx_word' id='word_1_84' title='bbox 0 675 1 682; x_wconf 12' lang='grc' dir='ltr'>ἵ</span> <span class='ocrx_word' id='word_1_85' title='bbox 27 699 30 702; x_wconf 69' lang='grc'><strong>’</strong></span> <span class='ocrx_word' id='word_1_86' title='bbox 90 699 150 735; x_wconf 89' lang='lat' dir='ltr'>ra,</span> <span class='ocrx_word' id='word_1_87' title='bbox 171 685 287 725; x_wconf 83' lang='lat' dir='ltr'>dissi</span> <span class='ocrx_word' id='word_1_88' title='bbox 280 685 454 736; x_wconf 89' lang='lat' dir='ltr'>nulent,</span> <span class='ocrx_word' id='word_1_89' title='bbox 479 700 530 725; x_wconf 92' lang='lat' dir='ltr'>ne</span> <span class='ocrx_word' id='word_1_90' title='bbox 552 685 732 741; x_wconf 88' lang='lat' dir='ltr'>obligati</span> <span class='ocrx_word' id='word_1_91' title='bbox 757 699 847 725; x_wconf 90' lang='lat' dir='ltr'>esse</span> <span class='ocrx_word' id='word_1_92' title='bbox 870 685 1120 725; x_wconf 85' lang='lat' dir='ltr'>videantur:</span> <span class='ocrx_word' id='word_1_93' title='bbox 1153 699 1204 725; x_wconf 94' lang='lat' dir='ltr'>eo</span> <span class='ocrx_word' id='word_1_94' title='bbox 1222 699 1291 725; x_wconf 87' lang='lat' dir='ltr'>me</span> <span class='ocrx_word' id='word_1_95' title='bbox 1315 684 1525 726; x_wconf 86' lang='lat' dir='ltr'>beneficio</span> 
     </span>
    </p>
   </div>
   <div class='ocr_carea' id='block_1_7' title="bbox 28 741 1656 1026">
    <p class='ocr_par' dir='ltr' id='par_1_7' title="bbox 28 741 1656 1026">
     <span class='ocr_line' id='line_1_12' title="bbox 90 741 1526 798; baseline 0.001 -16"><span class='ocrx_word' id='word_1_96' title='bbox 90 741 346 783; x_wconf 85' lang='lat' dir='ltr'>obstrictum</span> <span class='ocrx_word' id='word_1_97' title='bbox 366 757 456 783; x_wconf 88' lang='lat' dir='ltr'>esse</span> <span class='ocrx_word' id='word_1_98' title='bbox 475 743 696 793; x_wconf 85' lang='lat' dir='ltr'>ementiar,</span> <span class='ocrx_word' id='word_1_99' title='bbox 719 742 788 782; x_wconf 91' lang='lat' dir='ltr'>cui</span> <span class='ocrx_word' id='word_1_100' title='bbox 810 756 861 781; x_wconf 87' lang='lat' dir='ltr'>ne</span> <span class='ocrx_word' id='word_1_101' title='bbox 880 741 1023 782; x_wconf 73' lang='lat' dir='ltr'>seierri</span> <span class='ocrx_word' id='word_1_102' title='bbox 1045 742 1218 796; x_wconf 89' lang='lat' dir='ltr'>quidem</span> <span class='ocrx_word' id='word_1_103' title='bbox 1241 742 1380 798; x_wconf 81' lang='lat' dir='ltr'>gratia</span> <span class='ocrx_word' id='word_1_104' title='bbox 1402 756 1526 798; x_wconf 84' lang='lat' dir='ltr'>posse</span> 
     </span>
     <span class='ocr_line' id='line_1_13' title="bbox 91 798 1656 854; baseline -0.001 -15"><span class='ocrx_word' id='word_1_105' title='bbox 91 798 313 841; x_wconf 86' lang='lat' dir='ltr'>videatur?</span> <span class='ocrx_word' id='word_1_106' title='bbox 345 799 414 840; x_wconf 92' lang='lat' dir='ltr'>An</span> <span class='ocrx_word' id='word_1_107' title='bbox 451 799 534 840; x_wconf 92' lang='lat' dir='ltr'>hoc</span> <span class='ocrx_word' id='word_1_108' title='bbox 557 808 617 849; x_wconf 90' lang='lat' dir='ltr'>tu,</span> <span class='ocrx_word' id='word_1_109' title='bbox 654 799 908 850; x_wconf 77' lang='lat' dir='ltr'>Laterensis,</span> <span class='ocrx_word' id='word_1_110' title='bbox 943 799 1143 854; x_wconf 84' lang='lat' dir='ltr'>ignoras?</span> <span class='ocrx_word' id='word_1_111' title='bbox 1175 799 1263 854; x_wconf 89' lang='lat' dir='ltr'>qui,</span> <span class='ocrx_word' id='word_1_112' title='bbox 1286 814 1385 839; x_wconf 86' lang='lat' dir='ltr'>cum</span> <span class='ocrx_word' id='word_1_113' title='bbox 1419 800 1523 840; x_wconf 79' lang='lat' dir='ltr'>mihi</span> <span class='ocrx_word' id='word_1_114' title='bbox 1538 816 1569 845; x_wconf 86' lang='lat' dir='ltr'>p.</span> <span class='ocrx_word' id='word_1_115' title='bbox 1586 808 1656 840; x_wconf 77' lang='lat'>275,</span> 
     </span>
     <span class='ocr_line' id='line_1_14' title="bbox 89 855 1557 920; baseline 0.001 -24"><span class='ocrx_word' id='word_1_116' title='bbox 89 869 200 896; x_wconf 85' lang='lat' dir='ltr'>esses</span> <span class='ocrx_word' id='word_1_117' title='bbox 222 857 522 907; x_wconf 85' lang='lat' dir='ltr'>amicissimus,</span> <span class='ocrx_word' id='word_1_118' title='bbox 545 871 644 897; x_wconf 88' lang='lat' dir='ltr'>cum</span> <span class='ocrx_word' id='word_1_119' title='bbox 676 856 742 897; x_wconf 62' lang='lat' dir='ltr'>xel</span> <span class='ocrx_word' id='word_1_120' title='bbox 765 855 998 920; x_wconf 40' lang='lat' dir='ltr'>pericu-lum</span> <span class='ocrx_word' id='word_1_121' title='bbox 1024 856 1123 896; x_wconf 70' lang='lat' dir='ltr'>xitae</span> <span class='ocrx_word' id='word_1_122' title='bbox 1158 864 1242 896; x_wconf 87' lang='lat' dir='ltr'>tuae</span> <span class='ocrx_word' id='word_1_123' title='bbox 1266 870 1433 897; x_wconf 86' lang='lat' dir='ltr'>mecum</span> <span class='ocrx_word' id='word_1_124' title='bbox 1460 859 1557 898; x_wconf 75' lang='lat' dir='ltr'>so-a</span> 
     </span>
     <span class='ocr_line' id='line_1_15' title="bbox 89 912 1529 970; baseline 0.002 -17"><span class='ocrx_word' id='word_1_125' title='bbox 89 912 204 954; x_wconf 84' lang='lat' dir='ltr'>ciare</span> <span class='ocrx_word' id='word_1_126' title='bbox 234 913 452 964; x_wconf 88' lang='lat' dir='ltr'>voluisses,</span> <span class='ocrx_word' id='word_1_127' title='bbox 475 928 573 955; x_wconf 88' lang='lat' dir='ltr'>cum</span> <span class='ocrx_word' id='word_1_128' title='bbox 597 927 664 954; x_wconf 90' lang='lat' dir='ltr'>me</span> <span class='ocrx_word' id='word_1_129' title='bbox 698 913 739 954; x_wconf 90' lang='lat' dir='ltr'>in</span> <span class='ocrx_word' id='word_1_130' title='bbox 762 913 834 954; x_wconf 88' lang='lat' dir='ltr'>illo</span> <span class='ocrx_word' id='word_1_131' title='bbox 859 913 968 953; x_wconf 86' lang='lat' dir='ltr'>tristi</span> <span class='ocrx_word' id='word_1_132' title='bbox 991 922 1034 953; x_wconf 92' lang='lat' dir='ltr'>et</span> <span class='ocrx_word' id='word_1_133' title='bbox 1067 914 1221 954; x_wconf 85' lang='lat' dir='ltr'>acerbo</span> <span class='ocrx_word' id='word_1_134' title='bbox 1243 913 1377 964; x_wconf 89' lang='lat' dir='ltr'>luctu,</span> <span class='ocrx_word' id='word_1_135' title='bbox 1399 923 1529 970; x_wconf 81' lang='lat' dir='ltr'>atque</span> 
     </span>
     <span class='ocr_line' id='line_1_16' title="bbox 28 969 1530 1026; baseline 0.001 -16"><span class='ocrx_word' id='word_1_136' title='bbox 28 1011 29 1014; x_wconf 66' lang='grc'>,</span> <span class='ocrx_word' id='word_1_137' title='bbox 88 969 291 1021; x_wconf 79' lang='lat' dir='ltr'>discessu,</span> <span class='ocrx_word' id='word_1_138' title='bbox 313 985 400 1012; x_wconf 92' lang='lat' dir='ltr'>non</span> <span class='ocrx_word' id='word_1_139' title='bbox 434 971 632 1026; x_wconf 81' lang='lat' dir='ltr'>lacrymis</span> <span class='ocrx_word' id='word_1_140' title='bbox 655 970 790 1011; x_wconf 90' lang='lat' dir='ltr'>solum</span> <span class='ocrx_word' id='word_1_141' title='bbox 817 971 915 1021; x_wconf 90' lang='lat' dir='ltr'>tuis,</span> <span class='ocrx_word' id='word_1_142' title='bbox 939 971 1011 1011; x_wconf 88' lang='lat' dir='ltr'>sed</span> <span class='ocrx_word' id='word_1_143' title='bbox 1047 970 1206 1021; x_wconf 86' lang='lat' dir='ltr'>animo,</span> <span class='ocrx_word' id='word_1_144' title='bbox 1229 985 1424 1026; x_wconf 33' lang='lat' dir='ltr'>coxwpme,</span> <span class='ocrx_word' id='word_1_145' title='bbox 1457 987 1530 1014; x_wconf 91' lang='lat' dir='ltr'>co-</span> 
     </span>
    </p>
   </div>
   <div class='ocr_carea' id='block_1_8' title="bbox 18 1026 1530 1083">
    <p class='ocr_par' dir='ltr' id='par_1_8' title="bbox 18 1026 1530 1083">
     <span class='ocr_line' id='line_1_17' title="bbox 18 1026 1530 1083; baseline 0.002 -16"><span class='ocrx_word' id='word_1_146' title='bbox 18 1046 37 1071; x_wconf 65' lang='grc' dir='ltr'>ῃ</span> <span class='ocrx_word' id='word_1_147' title='bbox 87 1026 170 1083; x_wconf 88' lang='lat' dir='ltr'>piis</span> <span class='ocrx_word' id='word_1_148' title='bbox 193 1038 442 1083; x_wconf 87' lang='lat' dir='ltr'>prosecutus</span> <span class='ocrx_word' id='word_1_149' title='bbox 465 1042 590 1078; x_wconf 84' lang='lat' dir='ltr'>esses,</span> <span class='ocrx_word' id='word_1_150' title='bbox 621 1042 719 1069; x_wconf 86' lang='lat' dir='ltr'>cum</span> <span class='ocrx_word' id='word_1_151' title='bbox 741 1041 859 1068; x_wconf 89' lang='lat' dir='ltr'>meos</span> <span class='ocrx_word' id='word_1_152' title='bbox 881 1027 1052 1078; x_wconf 87' lang='lat' dir='ltr'>liberos,</span> <span class='ocrx_word' id='word_1_153' title='bbox 1075 1037 1118 1068; x_wconf 87' lang='lat' dir='ltr'>et</span> <span class='ocrx_word' id='word_1_154' title='bbox 1146 1041 1340 1078; x_wconf 74' lang='lat' dir='ltr'>uxolem,</span> <span class='ocrx_word' id='word_1_155' title='bbox 1365 1043 1432 1068; x_wconf 88' lang='lat' dir='ltr'>me</span> <span class='ocrx_word' id='word_1_156' title='bbox 1454 1030 1530 1070; x_wconf 86' lang='lat' dir='ltr'>ab·</span> 
     </span>
    </p>
   </div>
   <div class='ocr_carea' id='block_1_9' title="bbox 23 1886 266 1950">
    <p class='ocr_par' dir='ltr' id='par_1_9' title="bbox 23 1886 266 1950">
     <span class='ocr_line' id='line_1_18' title="bbox 23 1886 266 1950; baseline 0.008 -24"><span class='ocrx_word' id='word_1_157' title='bbox 23 1927 28 1933; x_wconf 81' lang='grc'>,</span> <span class='ocrx_word' id='word_1_158' title='bbox 82 1886 266 1950; x_wconf 79' lang='lat' dir='ltr'>piterno.</span> 
     </span>
    </p>
   </div>
   <div class='ocr_carea' id='block_1_10' title="bbox 82 1084 1600 2231">
    <p class='ocr_par' dir='ltr' id='par_1_10' title="bbox 82 1084 1593 1884">
     <span class='ocr_line' id='line_1_19' title="bbox 87 1084 1530 1141; baseline 0.001 -16"><span class='ocrx_word' id='word_1_159' title='bbox 87 1093 220 1136; x_wconf 87' lang='lat' dir='ltr'>sente,</span> <span class='ocrx_word' id='word_1_160' title='bbox 258 1085 339 1126; x_wconf 89' lang='lat' dir='ltr'>tuis</span> <span class='ocrx_word' id='word_1_161' title='bbox 365 1086 535 1141; x_wconf 88' lang='lat' dir='ltr'>opibus,</span> <span class='ocrx_word' id='word_1_162' title='bbox 559 1085 808 1140; x_wconf 79' lang='lat' dir='ltr'>auxilioque</span> <span class='ocrx_word' id='word_1_163' title='bbox 844 1084 1120 1135; x_wconf 79' lang='lat' dir='ltr'>defendisses,</span> <span class='ocrx_word' id='word_1_164' title='bbox 1145 1085 1205 1126; x_wconf 90' lang='lat' dir='ltr'>sic</span> <span class='ocrx_word' id='word_1_165' title='bbox 1229 1099 1397 1126; x_wconf 86' lang='lat' dir='ltr'>mecum</span> <span class='ocrx_word' id='word_1_166' title='bbox 1421 1101 1530 1127; x_wconf 87' lang='lat' dir='ltr'>sem-</span> 
     </span>
     <span class='ocr_line' id='line_1_20' title="bbox 86 1142 1529 1205; baseline 0.001 -23"><span class='ocrx_word' id='word_1_167' title='bbox 86 1156 162 1205; x_wconf 88' lang='lat' dir='ltr'>per</span> <span class='ocrx_word' id='word_1_168' title='bbox 182 1142 324 1198; x_wconf 79' lang='lat' dir='ltr'>egisti,</span> <span class='ocrx_word' id='word_1_169' title='bbox 348 1152 390 1184; x_wconf 90' lang='lat' dir='ltr'>te</span> <span class='ocrx_word' id='word_1_170' title='bbox 422 1142 527 1183; x_wconf 84' lang='lat' dir='ltr'>mihi</span> <span class='ocrx_word' id='word_1_171' title='bbox 553 1143 769 1183; x_wconf 85' lang='lat' dir='ltr'>remittere</span> <span class='ocrx_word' id='word_1_172' title='bbox 790 1152 920 1197; x_wconf 88' lang='lat' dir='ltr'>atque</span> <span class='ocrx_word' id='word_1_173' title='bbox 941 1142 1189 1193; x_wconf 58' lang='lat' dir='ltr'>concedere</span> <span class='ocrx_word' id='word_1_174' title='bbox 1215 1151 1261 1183; x_wconf 89' lang='lat' dir='ltr'>ut</span> <span class='ocrx_word' id='word_1_175' title='bbox 1282 1157 1410 1184; x_wconf 88' lang='lat' dir='ltr'>omne</span> <span class='ocrx_word' id='word_1_176' title='bbox 1440 1152 1529 1184; x_wconf 88' lang='lat' dir='ltr'>stu-</span> 
     </span>
     <span class='ocr_line' id='line_1_21' title="bbox 85 1198 1528 1255; baseline 0.002 -16"><span class='ocrx_word' id='word_1_177' title='bbox 85 1198 204 1239; x_wconf 88' lang='lat' dir='ltr'>dium</span> <span class='ocrx_word' id='word_1_178' title='bbox 243 1214 386 1241; x_wconf 87' lang='lat' dir='ltr'>meum</span> <span class='ocrx_word' id='word_1_179' title='bbox 425 1200 469 1240; x_wconf 89' lang='lat' dir='ltr'>in</span> <span class='ocrx_word' id='word_1_180' title='bbox 507 1199 589 1240; x_wconf 88' lang='lat' dir='ltr'>Cn.</span> <span class='ocrx_word' id='word_1_181' title='bbox 626 1199 791 1240; x_wconf 84' lang='lat' dir='ltr'>Plancii</span> <span class='ocrx_word' id='word_1_182' title='bbox 825 1199 1033 1240; x_wconf 75' lang='lat' dir='ltr'>honoiem</span> <span class='ocrx_word' id='word_1_183' title='bbox 1067 1214 1379 1251; x_wconf 83' lang='lat' dir='ltr'>consumerem,</span> <span class='ocrx_word' id='word_1_184' title='bbox 1413 1201 1528 1255; x_wconf 90' lang='lat' dir='ltr'>quod</span> 
     </span>
     <span class='ocr_line' id='line_1_22' title="bbox 85 1255 1593 1312; baseline 0.001 -16"><span class='ocrx_word' id='word_1_185' title='bbox 85 1255 177 1311; x_wconf 90' lang='lat' dir='ltr'>ejus</span> <span class='ocrx_word' id='word_1_186' title='bbox 203 1256 244 1298; x_wconf 93' lang='lat' dir='ltr'>in</span> <span class='ocrx_word' id='word_1_187' title='bbox 275 1271 343 1298; x_wconf 89' lang='lat' dir='ltr'>me</span> <span class='ocrx_word' id='word_1_188' title='bbox 366 1258 566 1298; x_wconf 78' lang='lat' dir='ltr'>meiitum</span> <span class='ocrx_word' id='word_1_189' title='bbox 590 1256 670 1297; x_wconf 89' lang='lat' dir='ltr'>tibi</span> <span class='ocrx_word' id='word_1_190' title='bbox 694 1256 824 1297; x_wconf 87' lang='lat' dir='ltr'>etiam</span> <span class='ocrx_word' id='word_1_191' title='bbox 848 1271 898 1312; x_wconf 88' lang='lat' dir='ltr'>gr</span> <span class='ocrx_word' id='word_1_192' title='bbox 901 1264 1020 1297; x_wconf 86' lang='lat' dir='ltr'>atum</span> <span class='ocrx_word' id='word_1_193' title='bbox 1042 1270 1133 1297; x_wconf 89' lang='grc'>6556</span> <span class='ocrx_word' id='word_1_194' title='bbox 1155 1256 1345 1298; x_wconf 88' lang='lat' dir='ltr'>dicebas.</span> <span class='ocrx_word' id='word_1_195' title='bbox 1406 1258 1593 1302; x_wconf 81' lang='lat' dir='ltr'>Nihi174</span> 
     </span>
     <span class='ocr_line' id='line_1_23' title="bbox 86 1289 1530 1369; baseline 0.001 -15"><span class='ocrx_word' id='word_1_196' title='bbox 86 1322 229 1354; x_wconf 83' lang='lat' dir='ltr'>autem</span> <span class='ocrx_word' id='word_1_197' title='bbox 252 1328 320 1355; x_wconf 87' lang='lat' dir='ltr'>me</span> <span class='ocrx_word' id='word_1_198' title='bbox 354 1314 470 1366; x_wconf 84' lang='lat' dir='ltr'>novi,</span> <span class='ocrx_word' id='word_1_199' title='bbox 504 1313 613 1355; x_wconf 84' lang='lat' dir='ltr'>nihil</span> <span class='ocrx_word' id='word_1_200' title='bbox 647 1289 874 1369; x_wconf 52' lang='grc' dir='ltr'>ῑ6ιῃροιί5ῦ</span> <span class='ocrx_word' id='word_1_201' title='bbox 883 1329 1011 1355; x_wconf 85' lang='lat' dir='ltr'>causa</span> <span class='ocrx_word' id='word_1_202' title='bbox 1043 1314 1198 1364; x_wconf 86' lang='lat' dir='ltr'>dicere,</span> <span class='ocrx_word' id='word_1_203' title='bbox 1223 1329 1365 1355; x_wconf 90' lang='lat' dir='ltr'>nonne</span> <span class='ocrx_word' id='word_1_204' title='bbox 1398 1316 1530 1357; x_wconf 88' lang='lat' dir='ltr'>etiam</span> 
     </span>
     <span class='ocr_line' id='line_1_24' title="bbox 87 1369 1531 1427; baseline 0.002 -16"><span class='ocrx_word' id='word_1_205' title='bbox 87 1369 159 1411; x_wconf 88' lang='lat' dir='ltr'>illa</span> <span class='ocrx_word' id='word_1_206' title='bbox 178 1371 297 1411; x_wconf 88' lang='lat' dir='ltr'>testis</span> <span class='ocrx_word' id='word_1_207' title='bbox 320 1380 385 1413; x_wconf 90' lang='lat' dir='ltr'>est</span> <span class='ocrx_word' id='word_1_208' title='bbox 403 1371 556 1422; x_wconf 87' lang='lat' dir='ltr'>oratio,</span> <span class='ocrx_word' id='word_1_209' title='bbox 580 1386 676 1426; x_wconf 86' lang='lat' dir='ltr'>quae</span> <span class='ocrx_word' id='word_1_210' title='bbox 698 1381 763 1412; x_wconf 88' lang='lat' dir='ltr'>est</span> <span class='ocrx_word' id='word_1_211' title='bbox 784 1386 810 1411; x_wconf 89' lang='lat' dir='ltr'>a</span> <span class='ocrx_word' id='word_1_212' title='bbox 838 1385 906 1411; x_wconf 92' lang='lat' dir='ltr'>me</span> <span class='ocrx_word' id='word_1_213' title='bbox 930 1371 1068 1427; x_wconf 85' lang='lat' dir='ltr'>prima</span> <span class='ocrx_word' id='word_1_214' title='bbox 1101 1371 1251 1412; x_wconf 83' lang='lat' dir='ltr'>habita</span> <span class='ocrx_word' id='word_1_215' title='bbox 1283 1372 1326 1412; x_wconf 89' lang='lat' dir='ltr'>in</span> <span class='ocrx_word' id='word_1_216' title='bbox 1349 1376 1531 1415; x_wconf 78' lang='lat' dir='ltr'>senatu?</span> 
     </span>
     <span class='ocr_line' id='line_1_25' title="bbox 86 1426 1529 1493; baseline 0.003 -25"><span class='ocrx_word' id='word_1_217' title='bbox 86 1426 130 1468; x_wconf 90' lang='lat' dir='ltr'>in</span> <span class='ocrx_word' id='word_1_218' title='bbox 151 1443 238 1484; x_wconf 85' lang='lat' dir='ltr'>qua</span> <span class='ocrx_word' id='word_1_219' title='bbox 259 1443 357 1469; x_wconf 89' lang='lat' dir='ltr'>cum</span> <span class='ocrx_word' id='word_1_220' title='bbox 377 1429 602 1493; x_wconf 64' lang='lat' dir='ltr'>peipaucis</span> <span class='ocrx_word' id='word_1_221' title='bbox 620 1428 878 1470; x_wconf 87' lang='lat' dir='ltr'>nominatim</span> <span class='ocrx_word' id='word_1_222' title='bbox 900 1443 1084 1484; x_wconf 78' lang='lat' dir='ltr'>egissem</span> <span class='ocrx_word' id='word_1_223' title='bbox 1108 1429 1282 1484; x_wconf 82' lang='lat' dir='ltr'>gratias,</span> <span class='ocrx_word' id='word_1_224' title='bbox 1302 1430 1418 1484; x_wconf 85' lang='lat' dir='ltr'>quod</span> <span class='ocrx_word' id='word_1_225' title='bbox 1437 1445 1529 1471; x_wconf 91' lang='lat' dir='ltr'>om-</span> 
     </span>
     <span class='ocr_line' id='line_1_26' title="bbox 85 1485 1530 1541; baseline 0.002 -15"><span class='ocrx_word' id='word_1_226' title='bbox 85 1498 159 1526; x_wconf 88' lang='lat' dir='ltr'>nes</span> <span class='ocrx_word' id='word_1_227' title='bbox 205 1500 381 1527; x_wconf 81' lang='lat' dir='ltr'>enumer</span> <span class='ocrx_word' id='word_1_228' title='bbox 383 1501 441 1527; x_wconf 79' lang='lat' dir='ltr'>ari</span> <span class='ocrx_word' id='word_1_229' title='bbox 487 1485 604 1526; x_wconf 90' lang='lat' dir='ltr'>nullo</span> <span class='ocrx_word' id='word_1_230' title='bbox 646 1486 776 1526; x_wconf 91' lang='lat' dir='ltr'>modo</span> <span class='ocrx_word' id='word_1_231' title='bbox 821 1494 1010 1541; x_wconf 83' lang='lat' dir='ltr'>possent,</span> <span class='ocrx_word' id='word_1_232' title='bbox 1054 1486 1189 1527; x_wconf 87' lang='lat' dir='ltr'>scelus</span> <span class='ocrx_word' id='word_1_233' title='bbox 1225 1496 1369 1527; x_wconf 87' lang='lat' dir='ltr'>autem</span> <span class='ocrx_word' id='word_1_234' title='bbox 1413 1497 1530 1529; x_wconf 89' lang='lat' dir='ltr'>esset</span> 
     </span>
     <span class='ocr_line' id='line_1_27' title="bbox 85 1543 1525 1600; baseline 0.001 -16"><span class='ocrx_word' id='word_1_235' title='bbox 85 1557 345 1598; x_wconf 88' lang='lat' dir='ltr'>quemquam</span> <span class='ocrx_word' id='word_1_236' title='bbox 382 1544 608 1600; x_wconf 65' lang='lat' dir='ltr'>praeterni,</span> <span class='ocrx_word' id='word_1_237' title='bbox 641 1545 971 1598; x_wconf 82' lang='lat' dir='ltr'>statuissemque</span> <span class='ocrx_word' id='word_1_238' title='bbox 1003 1558 1075 1584; x_wconf 89' lang='lat' dir='ltr'>eos</span> <span class='ocrx_word' id='word_1_239' title='bbox 1110 1543 1246 1584; x_wconf 87' lang='lat' dir='ltr'>solum</span> <span class='ocrx_word' id='word_1_240' title='bbox 1282 1545 1525 1596; x_wconf 85' lang='lat' dir='ltr'>nominare,</span> 
     </span>
     <span class='ocr_line' id='line_1_28' title="bbox 83 1599 1523 1656; baseline 0.002 -16"><span class='ocrx_word' id='word_1_241' title='bbox 83 1600 155 1654; x_wconf 91' lang='lat' dir='ltr'>qui</span> <span class='ocrx_word' id='word_1_242' title='bbox 191 1615 331 1642; x_wconf 83' lang='lat' dir='ltr'>causae</span> <span class='ocrx_word' id='word_1_243' title='bbox 362 1610 521 1642; x_wconf 86' lang='lat' dir='ltr'>nostrae</span> <span class='ocrx_word' id='word_1_244' title='bbox 544 1600 672 1642; x_wconf 77' lang='lat' dir='ltr'>[luces</span> <span class='ocrx_word' id='word_1_245' title='bbox 706 1609 749 1641; x_wconf 91' lang='lat' dir='ltr'>et</span> <span class='ocrx_word' id='word_1_246' title='bbox 779 1601 900 1655; x_wconf 87' lang='lat' dir='ltr'>quasi</span> <span class='ocrx_word' id='word_1_247' title='bbox 923 1600 1118 1656; x_wconf 80' lang='lat' dir='ltr'>signiferi</span> <span class='ocrx_word' id='word_1_248' title='bbox 1142 1599 1346 1642; x_wconf 88' lang='lat' dir='ltr'>fuissent:</span> <span class='ocrx_word' id='word_1_249' title='bbox 1381 1602 1423 1642; x_wconf 91' lang='lat' dir='ltr'>in</span> <span class='ocrx_word' id='word_1_250' title='bbox 1458 1602 1523 1643; x_wconf 80' lang='lat' dir='ltr'>his</span> 
     </span>
     <span class='ocr_line' id='line_1_29' title="bbox 86 1656 1524 1714; baseline 0.001 -16"><span class='ocrx_word' id='word_1_251' title='bbox 86 1656 263 1699; x_wconf 86' lang='lat' dir='ltr'>Plancio</span> <span class='ocrx_word' id='word_1_252' title='bbox 295 1658 454 1714; x_wconf 86' lang='lat' dir='ltr'>gratias</span> <span class='ocrx_word' id='word_1_253' title='bbox 486 1658 571 1714; x_wconf 88' lang='lat' dir='ltr'>egi.</span> <span class='ocrx_word' id='word_1_254' title='bbox 633 1658 859 1699; x_wconf 84' lang='lat' dir='ltr'>Recitetur</span> <span class='ocrx_word' id='word_1_255' title='bbox 891 1658 1044 1708; x_wconf 87' lang='lat' dir='ltr'>oratio,</span> <span class='ocrx_word' id='word_1_256' title='bbox 1077 1672 1175 1713; x_wconf 78' lang='lat' dir='ltr'>quae</span> <span class='ocrx_word' id='word_1_257' title='bbox 1198 1661 1239 1693; x_wconf 83' lang='grc'>47</span> <span class='ocrx_word' id='word_1_258' title='bbox 1258 1667 1433 1714; x_wconf 83' lang='lat' dir='ltr'>propter</span> <span class='ocrx_word' id='word_1_259' title='bbox 1464 1661 1524 1700; x_wconf 87' lang='lat' dir='ltr'>rei</span> 
     </span>
     <span class='ocr_line' id='line_1_30' title="bbox 84 1715 1525 1772; baseline 0.001 -16"><span class='ocrx_word' id='word_1_260' title='bbox 84 1716 429 1772; x_wconf 86' lang='lat' dir='ltr'>magnitudinem</span> <span class='ocrx_word' id='word_1_261' title='bbox 461 1715 579 1756; x_wconf 87' lang='lat' dir='ltr'>dicta</span> <span class='ocrx_word' id='word_1_262' title='bbox 600 1716 652 1756; x_wconf 93' lang='lat' dir='ltr'>de</span> <span class='ocrx_word' id='word_1_263' title='bbox 673 1715 834 1771; x_wconf 87' lang='lat' dir='ltr'>scripto</span> <span class='ocrx_word' id='word_1_264' title='bbox 857 1726 940 1756; x_wconf 91' lang='lat' dir='ltr'>est:</span> <span class='ocrx_word' id='word_1_265' title='bbox 976 1715 1017 1755; x_wconf 86' lang='lat' dir='ltr'>in</span> <span class='ocrx_word' id='word_1_266' title='bbox 1042 1730 1127 1771; x_wconf 89' lang='lat' dir='ltr'>qua</span> <span class='ocrx_word' id='word_1_267' title='bbox 1147 1729 1230 1770; x_wconf 89' lang='lat' dir='ltr'>ego</span> <span class='ocrx_word' id='word_1_268' title='bbox 1254 1715 1385 1756; x_wconf 88' lang='lat' dir='ltr'>homo</span> <span class='ocrx_word' id='word_1_269' title='bbox 1409 1725 1525 1758; x_wconf 85' lang='lat' dir='ltr'>astu-</span> 
     </span>
     <span class='ocr_line' id='line_1_31' title="bbox 85 1749 1524 1828; baseline 0.003 -16"><span class='ocrx_word' id='word_1_270' title='bbox 85 1749 182 1813; x_wconf 69' lang='lat' dir='ltr'>tus0</span> <span class='ocrx_word' id='word_1_271' title='bbox 186 1772 225 1813; x_wconf 87' lang='lat' dir='ltr'>ei</span> <span class='ocrx_word' id='word_1_272' title='bbox 256 1787 324 1814; x_wconf 88' lang='lat' dir='ltr'>me</span> <span class='ocrx_word' id='word_1_273' title='bbox 356 1775 396 1804; x_wconf 82' lang='lat'>48</span> <span class='ocrx_word' id='word_1_274' title='bbox 411 1772 636 1824; x_wconf 86' lang='lat' dir='ltr'>dedebam,</span> <span class='ocrx_word' id='word_1_275' title='bbox 673 1787 742 1813; x_wconf 88' lang='lat' dir='ltr'>cul</span> <span class='ocrx_word' id='word_1_276' title='bbox 785 1772 893 1813; x_wconf 91' lang='lat' dir='ltr'>nihil</span> <span class='ocrx_word' id='word_1_277' title='bbox 929 1786 1193 1828; x_wconf 82' lang='lat' dir='ltr'>magnopere</span> <span class='ocrx_word' id='word_1_278' title='bbox 1232 1772 1448 1825; x_wconf 87' lang='lat' dir='ltr'>deberem,</span> <span class='ocrx_word' id='word_1_279' title='bbox 1480 1784 1524 1816; x_wconf 91' lang='lat' dir='ltr'>et</span> 
     </span>
     <span class='ocr_line' id='line_1_32' title="bbox 82 1828 1525 1886; baseline 0.003 -17"><span class='ocrx_word' id='word_1_280' title='bbox 82 1828 211 1884; x_wconf 88' lang='lat' dir='ltr'>hujus</span> <span class='ocrx_word' id='word_1_281' title='bbox 234 1830 343 1871; x_wconf 88' lang='lat' dir='ltr'>tanti</span> <span class='ocrx_word' id='word_1_282' title='bbox 360 1830 493 1871; x_wconf 87' lang='lat' dir='ltr'>officii</span> <span class='ocrx_word' id='word_1_283' title='bbox 517 1831 768 1871; x_wconf 84' lang='lat' dir='ltr'>servitutem</span> <span class='ocrx_word' id='word_1_284' title='bbox 791 1831 952 1871; x_wconf 76' lang='lat' dir='ltr'>adsttin</span> <span class='ocrx_word' id='word_1_285' title='bbox 959 1831 1114 1886; x_wconf 84' lang='lat' dir='ltr'>gebam</span> <span class='ocrx_word' id='word_1_286' title='bbox 1139 1829 1390 1872; x_wconf 86' lang='lat' dir='ltr'>testimonio</span> <span class='ocrx_word' id='word_1_287' title='bbox 1414 1846 1525 1873; x_wconf 90' lang='lat' dir='ltr'>sem-</span> 
     </span>
    </p>

    <p class='ocr_par' dir='ltr' id='par_1_11' title="bbox 83 1866 1522 2114">
     <span class='ocr_line' id='line_1_33' title="bbox 325 1866 1522 1943; baseline 0.002 -15"><span class='ocrx_word' id='word_1_288' title='bbox 325 1890 366 1922; x_wconf 81' lang='grc'>49</span> <span class='ocrx_word' id='word_1_289' title='bbox 386 1887 499 1928; x_wconf 93' lang='lat' dir='ltr'>Nolo</span> <span class='ocrx_word' id='word_1_290' title='bbox 529 1896 686 1938; x_wconf 81' lang='lat' dir='ltr'>cetera,</span> <span class='ocrx_word' id='word_1_291' title='bbox 717 1902 814 1943; x_wconf 84' lang='lat' dir='ltr'>quae</span> <span class='ocrx_word' id='word_1_292' title='bbox 848 1903 873 1928; x_wconf 88' lang='lat' dir='ltr'>a</span> <span class='ocrx_word' id='word_1_293' title='bbox 906 1902 974 1928; x_wconf 88' lang='lat' dir='ltr'>me</span> <span class='ocrx_word' id='word_1_294' title='bbox 959 1866 1200 1928; x_wconf 75' lang='lat' dir='ltr'>Omandata</span> <span class='ocrx_word' id='word_1_295' title='bbox 1222 1896 1321 1928; x_wconf 88' lang='lat' dir='ltr'>sunt</span> <span class='ocrx_word' id='word_1_296' title='bbox 1353 1888 1522 1941; x_wconf 86' lang='lat' dir='ltr'>litteris,</span> 
     </span>
     <span class='ocr_line' id='line_1_34' title="bbox 83 1943 1521 2001; baseline 0.003 -17"><span class='ocrx_word' id='word_1_297' title='bbox 83 1943 289 1985; x_wconf 86' lang='lat' dir='ltr'>recitare:</span> <span class='ocrx_word' id='word_1_298' title='bbox 332 1946 371 1975; x_wconf 84' lang='lat'>50</span> <span class='ocrx_word' id='word_1_299' title='bbox 388 1945 690 2001; x_wconf 88' lang='lat' dir='ltr'>praetermitto‚</span> <span class='ocrx_word' id='word_1_300' title='bbox 723 1959 776 1986; x_wconf 92' lang='lat' dir='ltr'>ne</span> <span class='ocrx_word' id='word_1_301' title='bbox 806 1954 880 1985; x_wconf 87' lang='lat' dir='ltr'>aut</span> <span class='ocrx_word' id='word_1_302' title='bbox 916 1944 1107 2001; x_wconf 84' lang='lat' dir='ltr'>proferre</span> <span class='ocrx_word' id='word_1_303' title='bbox 1139 1944 1283 1985; x_wconf 83' lang='lat' dir='ltr'>videar</span> <span class='ocrx_word' id='word_1_304' title='bbox 1326 1946 1379 1986; x_wconf 83' lang='lat' dir='ltr'>ad</span> <span class='ocrx_word' id='word_1_305' title='bbox 1412 1956 1521 1988; x_wconf 80' lang='lat' dir='ltr'>tem-</span> 
     </span>
     <span class='ocr_line' id='line_1_35' title="bbox 83 2001 1520 2060; baseline 0.002 -18"><span class='ocrx_word' id='word_1_306' title='bbox 83 2015 177 2057; x_wconf 85' lang='lat' dir='ltr'>puS,</span> <span class='ocrx_word' id='word_1_307' title='bbox 209 2011 284 2043; x_wconf 84' lang='lat' dir='ltr'>aut</span> <span class='ocrx_word' id='word_1_308' title='bbox 307 2015 358 2042; x_wconf 89' lang='lat' dir='ltr'>eo</span> <span class='ocrx_word' id='word_1_309' title='bbox 387 2016 542 2057; x_wconf 87' lang='lat' dir='ltr'>genere</span> <span class='ocrx_word' id='word_1_310' title='bbox 576 2002 637 2042; x_wconf 92' lang='lat' dir='ltr'>uti</span> <span class='ocrx_word' id='word_1_311' title='bbox 670 2002 923 2054; x_wconf 88' lang='lat' dir='ltr'>litterarum,</span> <span class='ocrx_word' id='word_1_312' title='bbox 956 2002 1072 2058; x_wconf 85' lang='lat' dir='ltr'>quod</span> <span class='ocrx_word' id='word_1_313' title='bbox 1102 2001 1207 2042; x_wconf 89' lang='lat' dir='ltr'>meis</span> <span class='ocrx_word' id='word_1_314' title='bbox 1233 2001 1384 2044; x_wconf 86' lang='lat' dir='ltr'>studiis</span> <span class='ocrx_word' id='word_1_315' title='bbox 1409 2005 1520 2060; x_wconf 85' lang='lat' dir='ltr'>apti·</span> 
     </span>
     <span class='ocr_line' id='line_1_36' title="bbox 85 2059 1297 2114; baseline 0 -15"><span class='ocrx_word' id='word_1_316' title='bbox 85 2072 147 2110; x_wconf 84' lang='lat' dir='ltr'>uS‚</span> <span class='ocrx_word' id='word_1_317' title='bbox 179 2073 309 2114; x_wconf 86' lang='lat' dir='ltr'>quam</span> <span class='ocrx_word' id='word_1_318' title='bbox 343 2059 644 2101; x_wconf 86' lang='lat' dir='ltr'>consuetudini</span> <span class='ocrx_word' id='word_1_319' title='bbox 672 2059 954 2114; x_wconf 84' lang='lat' dir='ltr'>judiciorum,</span> <span class='ocrx_word' id='word_1_320' title='bbox 974 2073 1064 2100; x_wconf 89' lang='grc'>6556</span> <span class='ocrx_word' id='word_1_321' title='bbox 1088 2059 1297 2100; x_wconf 86' lang='lat' dir='ltr'>videatur.</span> 
     </span>
    </p>

    <p class='ocr_par' dir='ltr' id='par_1_12' title="bbox 138 2103 1600 2171">
     <span class='ocr_line' id='line_1_37' title="bbox 138 2103 1600 2171; baseline -0.001 -15"><span class='ocrx_word' id='word_1_322' title='bbox 138 2114 283 2170; x_wconf 80' lang='lat' dir='ltr'>Atque</span> <span class='ocrx_word' id='word_1_323' title='bbox 315 2116 446 2157; x_wconf 87' lang='lat' dir='ltr'>etiam</span> <span class='ocrx_word' id='word_1_324' title='bbox 481 2116 690 2168; x_wconf 85' lang='lat' dir='ltr'>clamitas,</span> <span class='ocrx_word' id='word_1_325' title='bbox 717 2116 986 2158; x_wconf 82' lang='lat' dir='ltr'>Laterensis:</span> <span class='ocrx_word' id='word_1_326' title='bbox 1035 2115 1251 2171; x_wconf 73' lang='lat' dir='ltr'>Quousque</span> <span class='ocrx_word' id='word_1_327' title='bbox 1282 2116 1360 2157; x_wconf 76' lang='lat' dir='ltr'>ista</span> <span class='ocrx_word' id='word_1_328' title='bbox 1387 2103 1600 2156; x_wconf 66' lang='lat' dir='ltr'>dicisPSI</span> 
     </span>
    </p>

    <p class='ocr_par' dir='ltr' id='par_1_13' title="bbox 82 2131 1583 2231">
     <span class='ocr_line' id='line_1_38' title="bbox 82 2131 1583 2231; baseline 0 -18"><span class='ocrx_word' id='word_1_329' title='bbox 82 2131 227 2214; x_wconf 68' lang='lat' dir='ltr'>nillilq</span> <span class='ocrx_word' id='word_1_330' title='bbox 206 2187 251 2214; x_wconf 78' lang='lat' dir='ltr'>m</span> <span class='ocrx_word' id='word_1_331' title='bbox 275 2171 413 2228; x_wconf 70' lang='lat' dir='ltr'>Czspio</span> <span class='ocrx_word' id='word_1_332' title='bbox 427 2172 657 2230; x_wconf 66' lang='lat' dir='ltr'>profecisti.</span> <span class='ocrx_word' id='word_1_333' title='bbox 680 2176 716 2205; x_wconf 89' lang='lat'>51</span> <span class='ocrx_word' id='word_1_334' title='bbox 733 2173 914 2215; x_wconf 76' lang='lat' dir='ltr'>obsoleta:</span> <span class='ocrx_word' id='word_1_335' title='bbox 922 2175 1019 2231; x_wconf 76' lang='lat' dir='ltr'>jam</span> <span class='ocrx_word' id='word_1_336' title='bbox 1035 2180 1129 2215; x_wconf 81' lang='lat' dir='ltr'>sunt</span> <span class='ocrx_word' id='word_1_337' title='bbox 1137 2188 1193 2229; x_wconf 68' lang='lat' dir='ltr'>p)</span> <span class='ocrx_word' id='word_1_338' title='bbox 1195 2188 1274 2214; x_wconf 84' lang='lat' dir='ltr'>eces</span> <span class='ocrx_word' id='word_1_339' title='bbox 1296 2180 1389 2215; x_wconf 79' lang='lat' dir='ltr'>tuae.</span> <span class='ocrx_word' id='word_1_340' title='bbox 1452 2172 1583 2214; x_wconf 71' lang='lat' dir='ltr'>De7-3</span> 
     </span>
    </p>
   </div>
   <div class='ocr_carea' id='block_1_11' title="bbox 820 2302 1524 2343">
    <p class='ocr_par' dir='ltr' id='par_1_14' title="bbox 820 2302 1524 2343">
     <span class='ocr_line' id='line_1_39' title="bbox 820 2302 1524 2343; baseline -0.001 -9"><span class='ocrx_word' id='word_1_341' title='bbox 820 2303 904 2334; x_wconf 83' lang='lat' dir='ltr'>nihil</span> <span class='ocrx_word' id='word_1_342' title='bbox 926 2303 1017 2335; x_wconf 87' lang='lat' dir='ltr'>aliud</span> <span class='ocrx_word' id='word_1_343' title='bbox 1031 2308 1081 2335; x_wconf 84' lang='lat' dir='ltr'>est</span> <span class='ocrx_word' id='word_1_344' title='bbox 1096 2303 1134 2334; x_wconf 86' lang='lat' dir='ltr'>de</span> <span class='ocrx_word' id='word_1_345' title='bbox 1149 2304 1296 2341; x_wconf 87' lang='lat' dir='ltr'>Plancio,</span> <span class='ocrx_word' id='word_1_346' title='bbox 1311 2302 1396 2343; x_wconf 86' lang='lat' dir='ltr'>quod</span> <span class='ocrx_word' id='word_1_347' title='bbox 1411 2310 1524 2343; x_wconf 70' lang='lat' dir='ltr'>sapere</span> 
     </span>
    </p>
   </div>
   <div class='ocr_carea' id='block_1_12' title="bbox 121 2303 1523 2385">
    <p class='ocr_par' dir='ltr' id='par_1_15' title="bbox 121 2303 1523 2385">
     <span class='ocr_line' id='line_1_40' title="bbox 121 2303 778 2344; baseline 0 -9"><span class='ocrx_word' id='word_1_348' title='bbox 121 2305 162 2338; x_wconf 81' lang='lat'>47</span> <span class='ocrx_word' id='word_1_349' title='bbox 179 2307 315 2343; x_wconf 77' lang='lat' dir='ltr'>propter</span> <span class='ocrx_word' id='word_1_350' title='bbox 327 2304 375 2334; x_wconf 77' lang='lat' dir='ltr'>rei</span> <span class='ocrx_word' id='word_1_351' title='bbox 390 2304 668 2344; x_wconf 81' lang='lat' dir='ltr'>magnitudinem]</span> <span class='ocrx_word' id='word_1_352' title='bbox 689 2303 778 2335; x_wconf 87' lang='lat' dir='ltr'>Male</span> 
     </span>
     <span class='ocr_line' id='line_1_41' title="bbox 819 2345 1523 2385; baseline -0.001 -9"><span class='ocrx_word' id='word_1_353' title='bbox 819 2346 1039 2377; x_wconf 86' lang='lat' dir='ltr'>eruditionem</span> <span class='ocrx_word' id='word_1_354' title='bbox 1061 2345 1220 2378; x_wconf 84' lang='lat' dir='ltr'>videatur.</span> <span class='ocrx_word' id='word_1_355' title='bbox 1264 2346 1523 2385; x_wconf 81' lang='lat' dir='ltr'>Intelligendum</span> 
     </span>
    </p>
   </div>
   <div class='ocr_carea' id='block_1_13' title="bbox 75 2345 778 2395">
    <p class='ocr_par' dir='ltr' id='par_1_16' title="bbox 75 2345 778 2395">
     <span class='ocr_line' id='line_1_42' title="bbox 75 2345 778 2395; baseline 0.001 -19"><span class='ocrx_word' id='word_1_356' title='bbox 75 2346 116 2376; x_wconf 68' lang='lat' dir='ltr'>in</span> <span class='ocrx_word' id='word_1_357' title='bbox 137 2345 208 2376; x_wconf 84' lang='lat' dir='ltr'>edd.</span> <span class='ocrx_word' id='word_1_358' title='bbox 225 2351 303 2377; x_wconf 86' lang='lat' dir='ltr'>ante</span> <span class='ocrx_word' id='word_1_359' title='bbox 327 2346 492 2376; x_wconf 85' lang='lat' dir='ltr'>Graevium</span> <span class='ocrx_word' id='word_1_360' title='bbox 511 2346 592 2395; x_wconf 54' lang='lat' dir='ltr'>ejus</span> <span class='ocrx_word' id='word_1_361' title='bbox 618 2356 695 2377; x_wconf 90' lang='lat' dir='ltr'>nam</span> <span class='ocrx_word' id='word_1_362' title='bbox 711 2356 778 2377; x_wconf 87' lang='lat' dir='ltr'>non</span> 
     </span>
    </p>
   </div>
   <div class='ocr_carea' id='block_1_14' title="bbox 81 2388 782 2893">
    <p class='ocr_par' dir='ltr' id='par_1_17' title="bbox 81 2388 778 2596">
     <span class='ocr_line' id='line_1_43' title="bbox 81 2388 778 2428; baseline 0.001 -10"><span class='ocrx_word' id='word_1_363' title='bbox 81 2393 132 2419; x_wconf 82' lang='lat' dir='ltr'>est</span> <span class='ocrx_word' id='word_1_364' title='bbox 151 2388 245 2418; x_wconf 89' lang='lat' dir='ltr'>nimis</span> <span class='ocrx_word' id='word_1_365' title='bbox 261 2398 382 2428; x_wconf 84' lang='lat' dir='ltr'>magna</span> <span class='ocrx_word' id='word_1_366' title='bbox 396 2388 453 2419; x_wconf 85' lang='lat' dir='ltr'>illa</span> <span class='ocrx_word' id='word_1_367' title='bbox 474 2398 505 2418; x_wconf 93' lang='lat' dir='ltr'>o</span> <span class='ocrx_word' id='word_1_368' title='bbox 497 2390 590 2420; x_wconf 86' lang='lat' dir='ltr'>atio.</span> <span class='ocrx_word' id='word_1_369' title='bbox 607 2390 655 2419; x_wconf 82' lang='lat' dir='ltr'>rei</span> <span class='ocrx_word' id='word_1_370' title='bbox 678 2400 711 2419; x_wconf 82' lang='grc'>65</span> <span class='ocrx_word' id='word_1_371' title='bbox 698 2393 727 2419; x_wconf 88' lang='lat' dir='ltr'>t</span> <span class='ocrx_word' id='word_1_372' title='bbox 742 2389 778 2419; x_wconf 89' lang='lat' dir='ltr'>in</span> 
     </span>
     <span class='ocr_line' id='line_1_44' title="bbox 83 2429 778 2472; baseline 0.001 -12"><span class='ocrx_word' id='word_1_373' title='bbox 83 2429 147 2461; x_wconf 85' lang='lat' dir='ltr'>Ms.</span> <span class='ocrx_word' id='word_1_374' title='bbox 177 2430 244 2461; x_wconf 81' lang='lat' dir='ltr'>Erf.</span> <span class='ocrx_word' id='word_1_375' title='bbox 275 2430 412 2471; x_wconf 84' lang='lat' dir='ltr'>Propter</span> <span class='ocrx_word' id='word_1_376' title='bbox 440 2432 485 2461; x_wconf 88' lang='lat' dir='ltr'>rei</span> <span class='ocrx_word' id='word_1_377' title='bbox 515 2431 778 2472; x_wconf 75' lang='lat' dir='ltr'>magnitudinem</span> 
     </span>
     <span class='ocr_line' id='line_1_45' title="bbox 83 2471 778 2510; baseline 0.003 -8"><span class='ocrx_word' id='word_1_378' title='bbox 83 2471 168 2503; x_wconf 85' lang='lat' dir='ltr'>lecta</span> <span class='ocrx_word' id='word_1_379' title='bbox 181 2476 231 2502; x_wconf 87' lang='lat' dir='ltr'>est</span> <span class='ocrx_word' id='word_1_380' title='bbox 254 2483 273 2503; x_wconf 86' lang='lat' dir='ltr'>a</span> <span class='ocrx_word' id='word_1_381' title='bbox 289 2473 458 2510; x_wconf 87' lang='lat' dir='ltr'>Cicerone,</span> <span class='ocrx_word' id='word_1_382' title='bbox 473 2478 511 2503; x_wconf 86' lang='lat' dir='ltr'>ut</span> <span class='ocrx_word' id='word_1_383' title='bbox 536 2478 686 2504; x_wconf 79' lang='lat' dir='ltr'>accurate</span> <span class='ocrx_word' id='word_1_384' title='bbox 707 2484 778 2504; x_wconf 89' lang='lat' dir='ltr'>om-</span> 
     </span>
     <span class='ocr_line' id='line_1_46' title="bbox 84 2514 778 2555; baseline 0.003 -11"><span class='ocrx_word' id='word_1_385' title='bbox 84 2515 139 2545; x_wconf 80' lang='lat' dir='ltr'>nia</span> <span class='ocrx_word' id='word_1_386' title='bbox 159 2514 356 2552; x_wconf 86' lang='lat' dir='ltr'>dicerentur,</span> <span class='ocrx_word' id='word_1_387' title='bbox 382 2525 442 2546; x_wconf 87' lang='lat' dir='ltr'>nec</span> <span class='ocrx_word' id='word_1_388' title='bbox 462 2516 636 2555; x_wconf 81' lang='lat' dir='ltr'>quicquam</span> <span class='ocrx_word' id='word_1_389' title='bbox 668 2516 778 2546; x_wconf 85' lang='lat' dir='ltr'>minus</span> 
     </span>
     <span class='ocr_line' id='line_1_47' title="bbox 83 2555 779 2596; baseline 0.003 -10"><span class='ocrx_word' id='word_1_390' title='bbox 83 2555 255 2594; x_wconf 83' lang='lat' dir='ltr'>diceretur,</span> <span class='ocrx_word' id='word_1_391' title='bbox 269 2567 367 2596; x_wconf 89' lang='lat' dir='ltr'>quam</span> <span class='ocrx_word' id='word_1_392' title='bbox 376 2564 472 2594; x_wconf 87' lang='lat' dir='ltr'>esset,</span> <span class='ocrx_word' id='word_1_393' title='bbox 489 2565 546 2588; x_wconf 86' lang='lat' dir='ltr'>aut</span> <span class='ocrx_word' id='word_1_394' title='bbox 559 2559 622 2589; x_wconf 86' lang='lat' dir='ltr'>dici</span> <span class='ocrx_word' id='word_1_395' title='bbox 635 2558 779 2589; x_wconf 83' lang='lat' dir='ltr'>deberet.</span> 
     </span>
    </p>

    <p class='ocr_par' dir='ltr' id='par_1_18' title="bbox 82 2599 781 2805">
     <span class='ocr_line' id='line_1_48' title="bbox 123 2599 781 2640; baseline 0.002 -11"><span class='ocrx_word' id='word_1_396' title='bbox 123 2601 164 2630; x_wconf 81' lang='lat'>48</span> <span class='ocrx_word' id='word_1_397' title='bbox 185 2599 642 2640; x_wconf 75' lang='lat' dir='ltr'>dedebam—adstringebam]</span> <span class='ocrx_word' id='word_1_398' title='bbox 668 2601 720 2630; x_wconf 80' lang='lat' dir='ltr'>Sic</span> <span class='ocrx_word' id='word_1_399' title='bbox 741 2611 781 2630; x_wconf 84' lang='lat' dir='ltr'>ex</span> 
     </span>
     <span class='ocr_line' id='line_1_49' title="bbox 83 2637 780 2681; baseline 0.003 -11"><span class='ocrx_word' id='word_1_400' title='bbox 83 2637 154 2672; x_wconf 78' lang='lat' dir='ltr'>Erf.</span> <span class='ocrx_word' id='word_1_401' title='bbox 169 2641 315 2671; x_wconf 84' lang='lat' dir='ltr'>Graevius</span> <span class='ocrx_word' id='word_1_402' title='bbox 331 2650 438 2673; x_wconf 83' lang='lat' dir='ltr'>recte:</span> <span class='ocrx_word' id='word_1_403' title='bbox 462 2643 548 2681; x_wconf 88' lang='lat' dir='ltr'>quod</span> <span class='ocrx_word' id='word_1_404' title='bbox 562 2648 596 2673; x_wconf 83' lang='lat' dir='ltr'>et</span> <span class='ocrx_word' id='word_1_405' title='bbox 607 2643 676 2672; x_wconf 84' lang='lat' dir='ltr'>sine</span> <span class='ocrx_word' id='word_1_406' title='bbox 690 2642 780 2672; x_wconf 81' lang='lat' dir='ltr'>libris</span> 
     </span>
     <span class='ocr_line' id='line_1_50' title="bbox 83 2682 781 2724; baseline 0.003 -12"><span class='ocrx_word' id='word_1_407' title='bbox 83 2682 322 2714; x_wconf 81' lang='lat' dir='ltr'>rescribendum</span> <span class='ocrx_word' id='word_1_408' title='bbox 342 2690 424 2716; x_wconf 89' lang='lat' dir='ltr'>erat.</span> <span class='ocrx_word' id='word_1_409' title='bbox 442 2694 520 2715; x_wconf 83' lang='lat' dir='ltr'>nam</span> <span class='ocrx_word' id='word_1_410' title='bbox 545 2685 576 2714; x_wconf 83' lang='lat' dir='ltr'>id</span> <span class='ocrx_word' id='word_1_411' title='bbox 591 2691 781 2724; x_wconf 85' lang='lat' dir='ltr'>temporum</span> 
     </span>
     <span class='ocr_line' id='line_1_51' title="bbox 82 2723 781 2766; baseline 0.004 -12"><span class='ocrx_word' id='word_1_412' title='bbox 82 2727 116 2754; x_wconf 83' lang='lat' dir='ltr'>et</span> <span class='ocrx_word' id='word_1_413' title='bbox 140 2723 185 2755; x_wconf 86' lang='lat' dir='ltr'>rei</span> <span class='ocrx_word' id='word_1_414' title='bbox 211 2726 295 2756; x_wconf 81' lang='lat' dir='ltr'>ratio</span> <span class='ocrx_word' id='word_1_415' title='bbox 319 2727 514 2766; x_wconf 86' lang='lat' dir='ltr'>requirebat.</span> <span class='ocrx_word' id='word_1_416' title='bbox 544 2726 600 2758; x_wconf 84' lang='lat' dir='ltr'>alii</span> <span class='ocrx_word' id='word_1_417' title='bbox 622 2727 781 2758; x_wconf 41' lang='lat' dir='ltr'>dedam„-</span> 
     </span>
     <span class='ocr_line' id='line_1_52' title="bbox 82 2766 301 2805; baseline 0.005 -8"><span class='ocrx_word' id='word_1_418' title='bbox 82 2766 301 2805; x_wconf 77' lang='lat' dir='ltr'>adstringam.</span> 
     </span>
    </p>

    <p class='ocr_par' dir='ltr' id='par_1_19' title="bbox 83 2809 782 2893">
     <span class='ocr_line' id='line_1_53' title="bbox 123 2809 782 2850; baseline 0.006 -12"><span class='ocrx_word' id='word_1_419' title='bbox 123 2812 164 2842; x_wconf 79' lang='lat'>49</span> <span class='ocrx_word' id='word_1_420' title='bbox 187 2809 273 2839; x_wconf 79' lang='lat' dir='ltr'>Nolo</span> <span class='ocrx_word' id='word_1_421' title='bbox 297 2809 418 2850; x_wconf 77' lang='lat' dir='ltr'>cetera]</span> <span class='ocrx_word' id='word_1_422' title='bbox 452 2810 529 2841; x_wconf 86' lang='lat' dir='ltr'>Non</span> <span class='ocrx_word' id='word_1_423' title='bbox 554 2810 593 2841; x_wconf 88' lang='lat' dir='ltr'>de</span> <span class='ocrx_word' id='word_1_424' title='bbox 623 2811 680 2842; x_wconf 86' lang='lat' dir='ltr'>illa</span> <span class='ocrx_word' id='word_1_425' title='bbox 709 2821 782 2842; x_wconf 86' lang='lat' dir='ltr'>ora-</span> 
     </span>
     <span class='ocr_line' id='line_1_54' title="bbox 83 2848 781 2893; baseline 0.007 -14"><span class='ocrx_word' id='word_1_426' title='bbox 83 2848 173 2881; x_wconf 73' lang='lat' dir='ltr'>tione</span> <span class='ocrx_word' id='word_1_427' title='bbox 196 2849 258 2882; x_wconf 83' lang='lat' dir='ltr'>hoe</span> <span class='ocrx_word' id='word_1_428' title='bbox 284 2851 534 2892; x_wconf 77' lang='lat' dir='ltr'>intelligendum</span> <span class='ocrx_word' id='word_1_429' title='bbox 558 2858 625 2884; x_wconf 79' lang='lat' dir='ltr'>est:</span> <span class='ocrx_word' id='word_1_430' title='bbox 660 2854 692 2884; x_wconf 87' lang='lat' dir='ltr'>in</span> <span class='ocrx_word' id='word_1_431' title='bbox 717 2864 781 2893; x_wconf 80' lang='lat' dir='ltr'>qua</span> 
     </span>
    </p>
   </div>
   <div class='ocr_carea' id='block_1_15' title="bbox 820 2388 1527 2892">
    <p class='ocr_par' dir='ltr' id='par_1_20' title="bbox 820 2388 1526 2640">
     <span class='ocr_line' id='line_1_55' title="bbox 820 2388 1525 2428; baseline -0.003 -9"><span class='ocrx_word' id='word_1_432' title='bbox 820 2393 871 2419; x_wconf 84' lang='lat' dir='ltr'>est</span> <span class='ocrx_word' id='word_1_433' title='bbox 885 2389 989 2428; x_wconf 83' lang='lat' dir='ltr'>igitur</span> <span class='ocrx_word' id='word_1_434' title='bbox 1010 2389 1049 2420; x_wconf 91' lang='lat' dir='ltr'>de</span> <span class='ocrx_word' id='word_1_435' title='bbox 1071 2389 1168 2426; x_wconf 83' lang='lat' dir='ltr'>libro,</span> <span class='ocrx_word' id='word_1_436' title='bbox 1182 2390 1216 2419; x_wconf 91' lang='lat' dir='ltr'>in</span> <span class='ocrx_word' id='word_1_437' title='bbox 1239 2399 1302 2428; x_wconf 90' lang='lat' dir='ltr'>quo</span> <span class='ocrx_word' id='word_1_438' title='bbox 1326 2388 1450 2418; x_wconf 85' lang='lat' dir='ltr'>Plancii</span> <span class='ocrx_word' id='word_1_439' title='bbox 1470 2388 1525 2417; x_wconf 85' lang='lat' dir='ltr'>be-</span> 
     </span>
     <span class='ocr_line' id='line_1_56' title="bbox 822 2429 1524 2468; baseline -0.001 -7"><span class='ocrx_word' id='word_1_440' title='bbox 822 2432 977 2461; x_wconf 82' lang='lat' dir='ltr'>neficium</span> <span class='ocrx_word' id='word_1_441' title='bbox 1013 2431 1170 2462; x_wconf 84' lang='lat' dir='ltr'>eruditius</span> <span class='ocrx_word' id='word_1_442' title='bbox 1201 2434 1387 2468; x_wconf 84' lang='lat' dir='ltr'>ornaverat,</span> <span class='ocrx_word' id='word_1_443' title='bbox 1417 2434 1456 2460; x_wconf 90' lang='lat' dir='ltr'>ut</span> <span class='ocrx_word' id='word_1_444' title='bbox 1485 2429 1524 2461; x_wconf 78' lang='lat' dir='ltr'>de</span> 
     </span>
     <span class='ocr_line' id='line_1_57' title="bbox 823 2472 1524 2512; baseline -0.001 -8"><span class='ocrx_word' id='word_1_445' title='bbox 823 2473 1005 2505; x_wconf 82' lang='lat' dir='ltr'>Consulatu</span> <span class='ocrx_word' id='word_1_446' title='bbox 1036 2483 1107 2510; x_wconf 89' lang='lat' dir='ltr'>suo,</span> <span class='ocrx_word' id='word_1_447' title='bbox 1140 2474 1195 2512; x_wconf 84' lang='lat' dir='ltr'>qui</span> <span class='ocrx_word' id='word_1_448' title='bbox 1232 2472 1380 2503; x_wconf 85' lang='lat' dir='ltr'>nondum</span> <span class='ocrx_word' id='word_1_449' title='bbox 1416 2472 1524 2503; x_wconf 76' lang='lat' dir='ltr'>editus</span> 
     </span>
     <span class='ocr_line' id='line_1_58' title="bbox 821 2514 1526 2555; baseline -0.004 -9"><span class='ocrx_word' id='word_1_450' title='bbox 821 2520 905 2546; x_wconf 84' lang='lat' dir='ltr'>erat.</span> <span class='ocrx_word' id='word_1_451' title='bbox 953 2515 1042 2546; x_wconf 90' lang='lat' dir='ltr'>Hinc</span> <span class='ocrx_word' id='word_1_452' title='bbox 1057 2515 1138 2546; x_wconf 86' lang='lat' dir='ltr'>illud</span> <span class='ocrx_word' id='word_1_453' title='bbox 1151 2515 1312 2555; x_wconf 83' lang='lat' dir='ltr'>intellige,</span> <span class='ocrx_word' id='word_1_454' title='bbox 1325 2525 1366 2544; x_wconf 83' lang='lat' dir='ltr'>ne</span> <span class='ocrx_word' id='word_1_455' title='bbox 1374 2514 1526 2554; x_wconf 71' lang='lat' dir='ltr'>prqfern</span> 
     </span>
     <span class='ocr_line' id='line_1_59' title="bbox 821 2557 1523 2597; baseline -0.003 -9"><span class='ocrx_word' id='word_1_456' title='bbox 821 2559 936 2588; x_wconf 61' lang='lat' dir='ltr'>‘ridear</span> <span class='ocrx_word' id='word_1_457' title='bbox 950 2558 996 2588; x_wconf 84' lang='lat' dir='ltr'>ad</span> <span class='ocrx_word' id='word_1_458' title='bbox 1009 2562 1154 2597; x_wconf 71' lang='lat' dir='ltr'>tempus.-</span> <span class='ocrx_word' id='word_1_459' title='bbox 1187 2558 1207 2587; x_wconf 89' lang='lat' dir='ltr'>i.</span> <span class='ocrx_word' id='word_1_460' title='bbox 1232 2568 1260 2588; x_wconf 88' lang='lat' dir='ltr'>e.</span> <span class='ocrx_word' id='word_1_461' title='bbox 1284 2567 1324 2587; x_wconf 89' lang='lat' dir='ltr'>ne</span> <span class='ocrx_word' id='word_1_462' title='bbox 1339 2557 1449 2587; x_wconf 78' lang='lat' dir='ltr'>videar</span> <span class='ocrx_word' id='word_1_463' title='bbox 1462 2557 1523 2586; x_wconf 81' lang='lat' dir='ltr'>fin-</span> 
     </span>
     <span class='ocr_line' id='line_1_60' title="bbox 822 2599 1497 2640; baseline -0.001 -9.999"><span class='ocrx_word' id='word_1_464' title='bbox 822 2610 898 2640; x_wconf 85' lang='lat' dir='ltr'>gere</span> <span class='ocrx_word' id='word_1_465' title='bbox 913 2600 1010 2638; x_wconf 81' lang='lat' dir='ltr'>hujus</span> <span class='ocrx_word' id='word_1_466' title='bbox 1025 2601 1183 2640; x_wconf 84' lang='lat' dir='ltr'>temporis</span> <span class='ocrx_word' id='word_1_467' title='bbox 1198 2609 1312 2630; x_wconf 81' lang='lat' dir='ltr'>caussa</span> <span class='ocrx_word' id='word_1_468' title='bbox 1327 2604 1360 2628; x_wconf 82' lang='lat' dir='ltr'>et</span> <span class='ocrx_word' id='word_1_469' title='bbox 1376 2599 1497 2635; x_wconf 77' lang='lat' dir='ltr'>iudicii.</span> 
     </span>
    </p>

    <p class='ocr_par' dir='ltr' id='par_1_21' title="bbox 824 2640 1525 2757">
     <span class='ocr_line' id='line_1_61' title="bbox 867 2640 1523 2682; baseline -0.005 -9"><span class='ocrx_word' id='word_1_470' title='bbox 867 2646 907 2673; x_wconf 91' lang='lat'>50</span> <span class='ocrx_word' id='word_1_471' title='bbox 935 2644 1154 2682; x_wconf 70' lang='lat' dir='ltr'>proetermitto</span> <span class='ocrx_word' id='word_1_472' title='bbox 1188 2642 1263 2681; x_wconf 78' lang='lat' dir='ltr'>illa]</span> <span class='ocrx_word' id='word_1_473' title='bbox 1301 2640 1415 2673; x_wconf 83' lang='lat' dir='ltr'>Delevi</span> <span class='ocrx_word' id='word_1_474' title='bbox 1449 2641 1523 2676; x_wconf 74' lang='lat' dir='ltr'>illa,</span> 
     </span>
     <span class='ocr_line' id='line_1_62' title="bbox 824 2684 1525 2723; baseline -0.004 -9"><span class='ocrx_word' id='word_1_475' title='bbox 824 2684 911 2723; x_wconf 83' lang='lat' dir='ltr'>quod</span> <span class='ocrx_word' id='word_1_476' title='bbox 925 2694 992 2715; x_wconf 88' lang='lat' dir='ltr'>non</span> <span class='ocrx_word' id='word_1_477' title='bbox 1005 2689 1054 2715; x_wconf 83' lang='lat' dir='ltr'>cst</span> <span class='ocrx_word' id='word_1_478' title='bbox 1069 2685 1103 2714; x_wconf 89' lang='lat' dir='ltr'>in</span> <span class='ocrx_word' id='word_1_479' title='bbox 1114 2684 1194 2715; x_wconf 86' lang='lat' dir='ltr'>Mss.</span> <span class='ocrx_word' id='word_1_480' title='bbox 1210 2690 1243 2714; x_wconf 90' lang='lat' dir='ltr'>et</span> <span class='ocrx_word' id='word_1_481' title='bbox 1257 2684 1329 2714; x_wconf 82' lang='lat' dir='ltr'>edd.</span> <span class='ocrx_word' id='word_1_482' title='bbox 1344 2693 1392 2723; x_wconf 88' lang='lat' dir='ltr'>pr.</span> <span class='ocrx_word' id='word_1_483' title='bbox 1407 2688 1440 2712; x_wconf 83' lang='lat' dir='ltr'>et</span> <span class='ocrx_word' id='word_1_484' title='bbox 1456 2692 1525 2712; x_wconf 77' lang='lat' dir='ltr'>me·</span> 
     </span>
     <span class='ocr_line' id='line_1_63' title="bbox 824 2727 1006 2757; baseline 0 0"><span class='ocrx_word' id='word_1_485' title='bbox 824 2727 887 2757; x_wconf 89' lang='lat' dir='ltr'>lius</span> <span class='ocrx_word' id='word_1_486' title='bbox 903 2727 1006 2757; x_wconf 83' lang='lat' dir='ltr'>abest.</span> 
     </span>
    </p>

    <p class='ocr_par' dir='ltr' id='par_1_22' title="bbox 824 2766 1527 2892">
     <span class='ocr_line' id='line_1_64' title="bbox 866 2766 1527 2809; baseline -0.009 -10"><span class='ocrx_word' id='word_1_487' title='bbox 866 2772 902 2800; x_wconf 80' lang='lat'>51</span> <span class='ocrx_word' id='word_1_488' title='bbox 929 2768 1118 2809; x_wconf 76' lang='lat' dir='ltr'>absolzttoej.</span> <span class='ocrx_word' id='word_1_489' title='bbox 1133 2778 1158 2798; x_wconf 84' lang='lat' dir='ltr'>s.</span> <span class='ocrx_word' id='word_1_490' title='bbox 1169 2777 1281 2808; x_wconf 82' lang='lat' dir='ltr'>preces</span> <span class='ocrx_word' id='word_1_491' title='bbox 1294 2766 1371 2805; x_wconf 64' lang='grc' dir='ltr'>ἱνα]</span> <span class='ocrx_word' id='word_1_492' title='bbox 1398 2766 1434 2796; x_wconf 93' lang='grc' dir='ltr'>Ρ.</span> <span class='ocrx_word' id='word_1_493' title='bbox 1453 2766 1527 2798; x_wconf 77' lang='lat' dir='ltr'>Ma.</span> 
     </span>
     <span class='ocr_line' id='line_1_65' title="bbox 825 2809 1527 2851; baseline -0.001 -10"><span class='ocrx_word' id='word_1_494' title='bbox 825 2811 939 2841; x_wconf 76' lang='lat' dir='ltr'>nutius</span> <span class='ocrx_word' id='word_1_495' title='bbox 964 2811 1134 2851; x_wconf 79' lang='lat' dir='ltr'>eleganter</span> <span class='ocrx_word' id='word_1_496' title='bbox 1148 2811 1289 2840; x_wconf 66' lang='lat' dir='ltr'>correxit</span> <span class='ocrx_word' id='word_1_497' title='bbox 1313 2809 1462 2839; x_wconf 77' lang='lat' dir='ltr'>obsoletoe.</span> <span class='ocrx_word' id='word_1_498' title='bbox 1479 2809 1527 2840; x_wconf 86' lang='lat' dir='ltr'>id-</span> 
     </span>
     <span class='ocr_line' id='line_1_66' title="bbox 824 2851 1527 2892; baseline -0.001 -9"><span class='ocrx_word' id='word_1_499' title='bbox 824 2863 886 2892; x_wconf 82' lang='lat' dir='ltr'>que</span> <span class='ocrx_word' id='word_1_500' title='bbox 911 2853 945 2885; x_wconf 83' lang='lat' dir='ltr'>in</span> <span class='ocrx_word' id='word_1_501' title='bbox 972 2858 1102 2885; x_wconf 72' lang='lat' dir='ltr'>textum</span> <span class='ocrx_word' id='word_1_502' title='bbox 1131 2851 1256 2882; x_wconf 62' lang='lat' dir='ltr'>intulit⁴</span> <span class='ocrx_word' id='word_1_503' title='bbox 1311 2851 1464 2883; x_wconf 77' lang='lat' dir='ltr'>Placebat</span> <span class='ocrx_word' id='word_1_504' title='bbox 1492 2856 1527 2882; x_wconf 82' lang='lat' dir='ltr'>et</span> 
     </span>
    </p>
   </div>
  </div>
 </body>
</html>
