1769 3174
591 100 708 138 PRO
735 99 791 138 M.
821 100 1029 138 COELIO.

1428 103 1525 137 1049

92 211 160 245 tus
182 214 327 259 ageret
351 205 602 245 tristissimis
626 203 782 254 verbis,
804 216 909 244 voce
931 202 1145 243 maxima:
1179 203 1347 243 tametsi
1371 203 1527 258 proba-

92 261 188 302 bam
220 276 312 325 ejus
339 261 642 326 eloquentiam,
666 271 808 301 tamen
841 275 925 300 non
959 259 1329 314 pertimescebam
1362 260 1528 315 aliquot

90 318 203 358 enim
230 319 270 358 in
294 320 432 360 causis
454 333 548 359 eum
575 318 762 358 videram
785 317 943 357 trustra
964 316 1222 371 litigantem.
1256 316 1333 356 tibi
1366 327 1525 368 autem,

95 374 244 426 Balbe,
266 376 553 431 ‘wrespondeo
575 375 756 431 primum
790 373 997 430 precario,
1019 374 1052 413 si
1086 372 1199 423 licet,
1226 372 1259 411 si
1284 372 1345 412 fas
1367 383 1431 413 est
1452 374 1525 414 de-

92 430 207 472 fendi
231 446 255 472 a
276 447 344 472 me
362 447 474 482 eum,
496 433 569 497 qui
592 431 752 472 nullum
776 431 1026 472 convivium
1056 429 1257 479 renuerit,
1280 430 1351 484 qui
1387 444 1524 485 ungu-

91 489 180 529 enti
213 490 425 540 sumserit,
446 491 519 545 qui
551 489 677 530 Baias
711 488 876 529 viderit.

92 545 135 586 in
162 545 240 586 hac
264 547 455 597 civitate,
476 558 519 587 et
544 546 703 596 audivi,
727 560 812 587 non
844 545 973 586 modo
996 559 1069 609 q.u¹
1102 544 1363 599 primoribus
1396 543 1523 584 labris
1537 559 1588 593 28

91 611 334 666 gustassent
369 618 502 659 genus
536 604 618 644 hoc
652 604 766 654 vitae,
789 611 831 643 et
852 602 1071 652 extremis,
1093 610 1142 642 ut
1172 601 1344 650 dicitur,
1375 599 1525 656 digitis

91 659 350 716 attigissent,
373 661 445 701 sed
467 662 538 716 qui
563 671 698 701 totam
720 659 1050 701 adolescentiam
1075 657 1367 713 voluptatibus
1387 657 1527 698 ‹ledis-

91 726 198 768 sent,
218 718 437 758 emersisse
458 719 643 773 aliquan
634 718 702 768 lo,
724 726 767 757 et
797 731 841 757 se
871 717 922 757 ad
954 717 1121 772 frugem
1155 716 1328 765 bonam,
1352 724 1399 754 ut
1421 714 1528 755 dici-

93 782 174 825 tur,
218 775 441 838 recepisse,

484 788 718 830 grai-seque
759 774 956 815 homines
994 783 1122 828 atque
1161 771 1343 812 illustres
1382 771 1527 812 fuisse.

95 829 235 872 Datur
265 846 378 872 enim
405 846 609 873 concessu
633 831 826 872 omnium
861 831 960 872 huic
988 830 1141 884 aliquis
1174 829 1297 870 ludus
1328 829 1462 879 aetati,
1485 838 1530 869 et

93 887 186 943 ipsa
208 897 359 929 natura
382 888 605 944 profundit
635 888 934 930 adolescentiae
957 887 1240 943 cupiditates:
1273 901 1369 942 quae
1403 886 1436 926 si
1468 885 1530 926 ita

90 956 335 1000 erumpunt,
374 954 420 986 ut
466 945 621 986 nullius
665 946 797 987 vitam
838 945 1113 994 hbes-actem,
1151 943 1308 985 nullius
1349 943 1527 984 domum

92 1011 221 1043 ever-t
214 1011 312 1054 tut,
344 1001 488 1043 faciles
509 1012 552 1043 et
573 1003 812 1044 tolelabiles
835 1002 983 1043 haberi
1006 1001 1158 1043 solent.

148 1058 231 1100 Sed
269 1035 314 1100 tti
357 1060 463 1100 mihi
498 1060 695 1101 videbare
731 1075 786 1101 ex
818 1060 1039 1101 communi
1073 1057 1251 1099 infamia
1281 1057 1524 1113 juventutis
1538 1061 1589 1097 29

94 1115 279 1171 aliquam
303 1117 508 1158 invidiam
533 1116 676 1158 Coelio
702 1118 806 1158 velle
827 1117 1030 1159 conflare.

1091 1115 1244 1170 Itaque
1265 1129 1392 1156 omne
1420 1115 1526 1156 illud

91 1172 323 1225 silentium,
345 1175 458 1229 quod
481 1183 546 1215 est
567 1175 751 1216 orationi
771 1175 979 1216 tributum
1003 1184 1104 1224 tuae,
1127 1173 1209 1216 luit
1231 1173 1288 1213 ob
1309 1186 1404 1213 eam
1425 1187 1526 1214 cau-

93 1245 197 1282 sam,
219 1231 348 1286 quod,
372 1246 457 1272 uno
478 1246 550 1272 reo
573 1233 810 1288 proposito,
832 1232 885 1272 de
908 1231 1140 1272 multorum
1165 1231 1280 1270 vitiis
1303 1230 1528 1285 cogitaba-

91 1302 201 1328 Inus.

262 1288 404 1329 Facile
425 1298 489 1330 est
511 1304 710 1331 accusare
729 1289 957 1330 luxuriem.
978 1291 1017 1322 ⁴7
1033 1288 1155 1329 dies
1138 1302 1232 1342 jam
1251 1301 1318 1328 me
1340 1287 1529 1337 deficiat,

93 1345 144 1395 si,
165 1360 263 1401 quae
295 1346 378 1386 dici
411 1347 454 1387 in
476 1361 570 1387 eam
602 1347 858 1387 sententiam
890 1346 1069 1402 possint,
1091 1360 1220 1386 coner
1249 1358 1527 1400 expromere:

95 1402 148 1442 de
177 1403 444 1459 corruptelis,
466 1404 518 1445 de
551 1404 784 1455 adulteriis,
811 1404 865 1445 de
899 1403 1193 1459 protervitate,
1215 1402 1268 1442 de
1301 1402 1529 1453 sumtibus,

95 1459 304 1501 immensa
324 1461 462 1502 Oratio
483 1472 561 1502 eSt.

623 1461 683 1503 Ut
705 1461 783 1502 tlbl
807 1475 925 1502 lssum
957 1474 1186 1509 nemmem,
1209 1459 1281 1500 Sed
1305 1469 1410 1500 Vltla
1433 1474 1531 1515 pl‘O-

95 1531 241 1572 ponas,
264 1532 328 1558 res
351 1527 493 1559 tamen
516 1519 609 1583 ipsa
629 1528 673 1560 et
693 1519 868 1574 copiose
890 1528 932 1559 et
954 1518 1169 1574 graviter
1160 1517 1349 1558 accusari
1372 1526 1530 1573 potest.

95 1574 168 1615 sed
191 1583 343 1616 vestrae
374 1577 597 1632 sapientiae
628 1585 706 1626 est,
732 1576 918 1632 judices,
941 1591 1027 1616 non
1050 1574 1206 1615 abduci
1230 1575 1285 1615 ab
1307 1588 1402 1616 reo:
1437 1589 1530 1625 nec,

93 1646 201 1686 quos
231 1631 401 1673 aculeos
433 1633 588 1674 habeat
619 1635 820 1674 severitas
851 1633 990 1697 gravit
995 1647 1087 1696 asq
1075 1647 1124 1673 ie
1156 1642 1308 1680 vestra,
1331 1647 1430 1672 cum
1457 1647 1531 1673 eos

94 1700 318 1730 accusator
347 1690 531 1731 erexerit
560 1691 606 1731 in
636 1705 739 1741 rem,
770 1691 814 1732 in
848 1690 967 1741 vitia,
998 1705 1042 1730 m
1070 1703 1222 1740 mores,
1255 1689 1296 1729 in
1322 1698 1530 1753 tempo1a‚

92 1747 287 1787 emittere
308 1747 352 1788 in
375 1747 593 1789 hominem
615 1758 659 1789 et
681 1748 725 1788 in
747 1762 890 1789 rzeum
923 1762 1023 1788 cum
1054 1748 1088 1788 is
1120 1761 1205 1787 non
1237 1761 1313 1787 suo
1335 1747 1576 1798 crimine‚b.

95 1803 167 1844 sed
197 1804 430 1846 multorum
462 1805 568 1846 vitio
590 1806 646 1846 sit
676 1805 719 1846 in
737 1804 955 1861 quoddam
985 1805 1134 1846 odium
1165 1803 1374 1858 injustum
1402 1819 1530 1845 voca-

95 1869 178 1901 tus.

93 1918 254 1961 audeo:

132 2041 175 2072 46
195 2043 365 2082 resoomleo
374 2045 524 2083 primum
542 2043 706 2084 precario]
725 2044 789 2076 Re-

92 2084 226 2123 spondeo
240 2085 325 2115 edidi
341 2096 399 2126 pro
414 2088 614 2126 respondebo.
645 2087 683 2117 ld
698 2088 727 2117 G
731 2097 788 2117 1·ae-

93 2126 173 2156 vius
179 2127 214 2156 in
228 2127 292 2158 Ms.
311 2128 425 2159 Frane.
442 2129 562 2169 reperit
575 2134 609 2159 et
623 2129 788 2169 probavit.

95 2167 158 2199 Sed
179 2169 225 2199 sie
240 2169 364 2200 habent
378 2170 449 2202 edd.
469 2181 517 2212 pr.
533 2181 659 2207 omneS,
674 2172 788 2209 etiam,

95 2220 174 2250 quas
189 2211 359 2243 Graevius
352 2223 385 2243 1n
400 2214 550 2244 manibus
565 2213 719 2251 habebat,
735 2214 790 2244 W.

94 2259 129 2283 et
145 2253 234 2284 Med.
265 2255 411 2285 Primum
429 2256 618 2296 respondebo
635 2257 738 2296 reperi
754 2256 789 2285 in

93 2295 144 2326 ed.
174 2297 361 2335 Cratandri,
389 2309 487 2338 quam
516 2303 634 2328 ceterae
670 2303 792 2329 secutae

97 2342 189 2368 sunt.

137 2383 179 2414 47
195 2380 261 2411 dies
275 2391 326 2411 me
341 2381 478 2423 deficiet,
492 2383 531 2418 si,
547 2386 790 2422 quoe-possunt

100 2422 175 2462 &e.]
208 2423 369 2462 Primum,
395 2425 464 2455 sine
489 2424 587 2455 dubio
614 2424 788 2464 legendum

97 2465 248 2507 deficiat.-
276 2475 352 2496 nam
381 2468 428 2496 sic
456 2467 604 2498 latinitas
631 2467 790 2507 postulat,

96 2511 131 2538 et
157 2508 203 2538 sic
228 2508 342 2540 Cicero
366 2515 400 2539 et
427 2509 506 2539 alibi
534 2510 569 2539 in
597 2509 658 2539 hac
685 2509 792 2539 forma

97 2558 244 2590 semper:
267 2560 464 2599 quamquam
490 2555 525 2582 et
547 2551 638 2582 alicis
665 2551 725 2582 lois
752 2552 790 2581 li-

99 2591 197 2622 brarii
209 2593 472 2632 germanizantes
484 2594 688 2624 aberrarunt.
700 2594 793 2624 Verr.

100 2632 147 2670 11,
161 2636 213 2664 21.
239 2644 291 2665 me
308 2635 386 2672 dies,
402 2646 475 2672 zoz·
499 2637 606 2666 lutera
628 2636 793 2674 deficiant,

99 2676 127 2704 εἰ
138 2655 200 2706 'hoc
214 2686 302 2707 nune
315 2677 490 2717 zocg's'erart'
505 2679 612 2708 velim.
656 2678 736 2708 Nat.
750 2680 793 2709 D.

102 2716 166 2754 111,
180 2720 232 2749 32.
259 2719 325 2749 dies
349 2720 491 2760 deficiat,
514 2722 542 2750 si
563 2721 659 2750 velim
685 2730 798 2751 nume—

101 2769 192 2795 rare,
207 2761 320 2800 quibus
339 2762 425 2792 bonis
447 2763 533 2792 male
555 2763 714 2792 etenerit:
741 2763 798 2793 ubi

101 2801 233 2839 quidam
255 2804 356 2833 etiam
377 2804 502 2845 deficiet
525 2805 583 2834 &e.
627 2804 734 2843 Atque
759 2816 798 2835 ex

100 2842 133 2873 h.
151 2843 172 2874 l.
188 2849 226 2874 ut
241 2855 279 2875 ex
295 2845 408 2876 multis
424 2845 508 2885 aliis,
522 2847 623 2877 etiam
639 2845 798 2886 intelligi-

238 1861 391 1917 Itaque
422 1863 637 1904 severitati
663 1872 764 1915 tuae,
787 1872 835 1905 ut
856 1870 1043 1918 oportet
1075 1863 1135 1902 ita
1157 1861 1412 1916 respondere
1441 1876 1527 1903 non
1542 1874 1595 1908 30

293 1928 384 1960 erat
419 1920 535 1962 enim
567 1935 727 1971 meum,
765 1923 807 1952 48
821 1920 1040 1976 depreca1i
1078 1919 1353 1960 xacationem
1388 1918 1531 1961 adole-

830 2050 899 2082 tur,
925 2054 984 2086 pro
1005 2048 1140 2083 possunt
1167 2042 1341 2082 legendum
1370 2053 1438 2074 esse
1459 2053 1531 2083 pos-

831 2088 909 2117 sint.
955 2086 1071 2125 ltaque
1085 2092 1261 2134 utrumque
1276 2085 1321 2115 sic
1335 2086 1472 2116 correxi.

873 2131 914 2161 43
937 2129 1105 2168 deprecari
1127 2128 1330 2158 mentione-m
1351 2128 1531 2158 adolescen-

833 2171 900 2210 tiae]
931 2171 1059 2207 Petere,
1087 2176 1126 2200 ut
1159 2169 1281 2200 coelius
1308 2171 1358 2200 uti
1386 2170 1439 2201 vel
1466 2170 1531 2200 frui

833 2214 937 2254 possit
959 2213 1132 2244 commodo
1153 2213 1321 2243 communi
1344 2212 1532 2243 adolescen-

833 2257 902 2293 tiae,
918 2256 1010 2295 eique
1025 2255 1255 2286 condonentur
1269 2264 1320 2293 ea,
1335 2264 1408 2294 quae
1423 2255 1531 2286 adole-

834 2299 968 2329 scentiae
991 2297 1100 2328 solent
1122 2297 1313 2335 condonari,
1332 2307 1392 2328 nec
1418 2298 1452 2327 in
1469 2299 1531 2328 cri-

833 2341 963 2371 minum
978 2349 1116 2371 numero
1129 2340 1255 2376 haberi,
1270 2340 1296 2369 si
1314 2341 1349 2370 in
1363 2339 1403 2370 iis
1418 2350 1532 2379 pecca-

832 2383 915 2413 verit
929 2395 935 2412 :
959 2384 1045 2413 sicut
1066 2383 1134 2413 fere
1149 2382 1254 2413 oetatis
1267 2383 1471 2412 vacationem
1484 2382 1533 2412 di-

833 2426 881 2455 xit
903 2425 942 2456 de
964 2425 1067 2465 Legg.
1087 2427 1116 2461 1,
1139 2427 1170 2455 3.
1190 2434 1389 2463 quamquam
1413 2425 1458 2454 ibi
1482 2432 1531 2455 est

834 2468 959 2498 vacatio
986 2468 1026 2498 ab
1050 2468 1088 2497 iis
1113 2467 1290 2503 laboribus,
1316 2467 1373 2506 qui
1396 2477 1416 2497 a
1441 2476 1531 2497 sene-

835 2515 925 2540 ctute
941 2519 1008 2540 non
1021 2510 1130 2540 solent
1143 2510 1239 2548 exigi.
1277 2508 1436 2539 Similiter
1450 2508 1532 2539 Suu.

835 2552 887 2583 26.
909 2557 958 2582 est
979 2553 1108 2583 vacatio
1123 2561 1233 2582 rerum
1257 2555 1442 2589 gestamm,
1459 2561 1533 2589 quae

836 2595 934 2625 datur
948 2595 990 2624 ob
1007 2604 1056 2625 res
1073 2599 1191 2633 gestas
1230 2592 1274 2623 Et
1289 2594 1334 2623 sic
1349 2602 1444 2633 saepe.
1471 2593 1533 2623 Sed

837 2637 872 2666 in
883 2637 1036 2667 omnibus
1055 2643 1105 2666 est
1127 2636 1278 2666 liberatio
1301 2646 1320 2666 a
1340 2635 1535 2665 necessitate

838 2679 947 2718 aliqua
981 2678 1100 2709 laboris
1139 2679 1198 2708 διο.
1238 2686 1412 2716 nusquam,
1449 2677 1535 2716 quod

841 2722 955 2757 sdam,
971 2722 1028 2757 sic,
1045 2727 1083 2750 ut
1105 2720 1168 2750 hoe
1186 2720 1270 2750 loeo.
1315 2718 1537 2757 Intelligenda

841 2768 952 2793 autem
968 2770 1019 2792 est
1032 2765 1130 2802 eulpa
1141 2774 1150 2791 .·
1172 2763 1249 2800 quia
1264 2761 1401 2791 dicimus
1415 2771 1536 2790 vacare

841 2806 957 2844 culpm
982 2805 1082 2835 etiam
1106 2804 1169 2834 dici
1194 2808 1305 2844 potest
1326 2804 1454 2833 vacatio
1468 2804 1538 2832 cul-

835 2856 906 2886 poe:
927 2856 1001 2885 quae
1024 2846 1164 2886 intelligi
1190 2849 1300 2886 potest
1323 2846 1424 2876 etiam
1451 2850 1537 2882 tum,

937 486 1149 551 Equidem
1185 485 1340 527 multos
1371 496 1414 527 et
1438 487 1522 527 vidi
1544 487 1606 534 1‘2
