1785 3185
329 102 427 142 1276
923 101 1149 140 ORATIO

323 202 498 259 quidem
522 202 744 255 immunia,
769 213 816 246 ut
846 220 921 262 pro
949 215 1068 247 tanta
1098 206 1293 248 mercede
1318 205 1424 247 nibil
1452 219 1596 263 sapere
1618 208 1753 251 disce-

323 275 403 301 res.
466 260 580 301 Num
604 262 733 302 etiam
758 261 854 313 hoc,
878 263 1006 303 homo
1030 263 1326 313 audacissime,
1351 278 1404 303 ex
1431 264 1610 306 Caesaris
1633 282 1751 307 com-

319 318 571 359 mentariis?
604 318 686 359 Sed
717 319 857 360 dicam
887 320 969 360 alio
998 319 1094 361 loco
1116 330 1159 360 et
1181 321 1233 361 de
1268 320 1479 360 Leontino
1510 335 1612 377 agro
1634 334 1677 364 et
1698 325 1751 364 de

322 375 575 430 Campano:
609 375 819 430 quos,iste
850 390 975 431 agros
1006 387 1173 431 ereptos
1207 377 1468 432 reipublieae,
1493 379 1746 433 turpissimis

321 433 635 488 possessoribus
660 432 915 486 inquinavit.
974 433 1074 475 Jam
1104 434 1233 483 enim,
1262 434 1463 489 quoniam
1492 436 1742 477 criminibus

321 489 413 544 ejus
437 489 537 530 satis
560 489 774 545 respondi,
793 490 845 530 de
865 489 957 544 ipso
980 490 1253 531 emendatore
1275 501 1317 531 et
1339 501 1577 532 correctore
1601 504 1745 534 nostro

320 546 517 601 quaedam
554 546 733 587 dicenda
769 554 880 585 sunt.
920 560 997 586 nec
1030 546 1144 587 enim
1176 547 1321 587 omnia
1352 547 1582 598 effundam,
1618 561 1676 599 ut,
1712 550 1745 590 si

170 616 210 649 γ.
237 608 305 642 169.
321 604 476 659 saepius
510 602 813 643 decertandum
847 603 915 652 sit,
955 613 1002 642 ut
1043 603 1136 653 erit,
1181 618 1346 658 semper
1383 619 1516 645 novus
1552 607 1741 648 veniam:

269 661 447 715 ³·quam
473 659 720 700 facultatem
751 658 855 700 mihi
886 659 1115 700 multitudo
1151 659 1272 700 istius
1309 660 1522 711 vitiorum,
1547 674 1743 718 peecato-

320 731 498 772 rumque
520 716 711 771 largitur.

237 765 304 813 18
377 773 507 814 Visne
531 773 661 827 igitur
681 785 721 812 te
747 771 1023 828 inspiciamus
1046 788 1070 813 a
1093 776 1250 828 puero?
1283 773 1343 814 sic
1372 774 1539 830 opinor.
1573 791 1596 816 a
1627 777 1742 832 prin-

253 838 304 870 44
319 830 433 886 cipio
476 830 705 870 ordiamur.
765 828 957 870 Tenesne
996 831 1213 880 memoria,
1251 840 1551 886 praetextatum
1590 844 1631 873 te
1669 834 1741 873 de-

317 888 511 928 coxisse?
539 889 575 920 91
601 885 753 936 Patris,
778 886 957 940 inquies,
980 886 1062 927 ista
1083 888 1208 942 eulpa
1230 898 1307 928 est.
1326 887 1558 929 Concedo.
1581 890 1737 931 etenim

315 954 380 984 est
403 943 573 999 pietatis
596 942 721 998 plena
742 942 948 983 defensio.
1001 943 1108 984 Illud
1131 954 1268 984 tamen
1296 945 1484 986 audacia:
1505 956 1603 995 tuae,
1625 949 1738 1000 quod

316 1001 460 1041 sedisti
494 1000 535 1040 in
565 1000 889 1054 quatuordeeim
918 1000 1155 1050 ordinibus,
1187 1016 1284 1041 cum
1315 1011 1425 1042 esset
1456 1002 1548 1058 lege
1585 1003 1739 1044 Roscia

312 1057 613 1099 decoctoribus
636 1065 774 1097 certus
795 1056 910 1096 loeus
933 1057 1206 1107 constitutus,
1229 1058 1422 1111 quamvis
1442 1060 1536 1113 quis
1556 1059 1737 1101 fortunae

313 1114 434 1165 vitio,
458 1128 543 1154 non
567 1128 642 1154 suo
665 1114 922 1154 decoxisset.
958 1116 998 1148 9‘2
1016 1114 1213 1154 Sumsisti
1239 1115 1398 1155 virilem
1425 1126 1584 1171 togam,
1607 1132 1734 1171 quam

311 1172 456 1212 statim
475 1169 723 1211 muliebrem
745 1170 894 1211 stolam
917 1170 1151 1211 reddidisti.
1177 1171 1312 1226 primo
1335 1172 1504 1226 vulgare
1523 1186 1732 1215 scortum:

308 1237 426 1269 certa
449 1226 601 1282 flagitii
621 1241 796 1276 merces,
819 1241 896 1267 nec
918 1242 967 1267 ea
989 1242 1142 1282 parva:
1185 1228 1255 1268 sed
1285 1229 1372 1269 cito
1397 1230 1528 1269 (jurio
1552 1231 1733 1271 interve-

310 1284 389 1335 nit,
417 1285 490 1339 qui
523 1294 562 1324 te
583 1299 608 1324 a
630 1284 869 1325 meretricio
892 1294 1059 1338 quaestu
1081 1284 1287 1327 abduxit:
1321 1297 1376 1334 et,
1400 1296 1614 1340 tamquam
1647 1298 1733 1328 sto-

246 1346 297 1380 45
312 1341 393 1382 lam
415 1340 614 1391 dedisset,
639 1341 678 1381 in
703 1341 977 1381 matrimonio
997 1341 1137 1381 stabili
1158 1351 1199 1382 et
1221 1353 1337 1382 certo
1360 1343 1531 1383 locavit.
1595 1344 1733 1385 Nemo

310 1413 514 1454 umquam
550 1412 653 1453 puer
685 1408 823 1438 emtus
854 1397 1041 1439 libidinis
1076 1413 1217 1447 causa,
1253 1408 1338 1439 tam
1378 1399 1460 1440 fuit
1493 1400 1535 1439 in
1568 1400 1729 1441 domini

308 1464 536 1510 potestate,
573 1469 699 1509 quam
744 1464 788 1495 tu
830 1455 870 1495 in
911 1454 1127 1496 Curionis.
1188 1456 1370 1501 Quoties
1405 1466 1445 1496 te
1483 1466 1602 1512 pater
1638 1458 1730 1512 ejus

303 1513 434 1552 domo
465 1525 540 1552 sua
569 1513 725 1566 ejecit?
755 1511 922 1566 quoties
952 1513 1150 1552 custodes
1183 1514 1340 1568 posuit,
1364 1528 1416 1553 ne
1447 1512 1574 1554 limen
1599 1515 1728 1555 intra-

304 1571 395 1610 res?
443 1573 483 1604 93
499 1584 597 1609 cum
629 1579 674 1609 tu
702 1579 858 1618 tamen,
891 1578 1018 1609 nocte
1047 1569 1177 1619 socia,
1203 1569 1400 1610 hortante
1430 1570 1624 1622 libidine,
1655 1586 1728 1612 co-

302 1635 432 1681 gente
449 1626 655 1676 mercede,
679 1640 751 1681 per
774 1625 937 1680 tegulas
955 1626 1238 1667 demitterere.
1270 1642 1365 1681 quae
1390 1628 1555 1683 flagitia
1576 1629 1726 1669 domus

302 1682 374 1723 illa
395 1683 555 1723 diutius
579 1681 686 1722 ferre
716 1697 800 1722 non
831 1682 983 1738 potuit.
1045 1683 1207 1732 Scisne‚
1238 1697 1305 1724 me
1326 1684 1436 1724 9⁴do
1465 1685 1588 1725 rebus
1620 1686 1724 1725 mibi

300 1739 535 1780 notissimis
554 1739 717 1781 dicere?
744 1739 984 1780 Recordare
1002 1749 1169 1795 tempus
1192 1740 1309 1790 illud,
1327 1755 1424 1781 cum
1450 1751 1567 1796 pater
1591 1740 1724 1782 Curio

299 1810 488 1838 moerens
512 1795 687 1850 jacebat
716 1797 757 1836 in
785 1796 921 1838 lecto:
954 1796 1065 1836 filius
1091 1811 1134 1837 se
1157 1797 1208 1837 ad
1244 1798 1371 1852 pedes
1397 1812 1513 1838 meos
1540 1809 1724 1854 proster-

296 1867 417 1904 nens,
438 1853 676 1902 lacrimans,
699 1862 741 1893 te
763 1853 867 1893 mihi
887 1853 1241 1905 commendabat3
1264 1855 1430 1905 orabat,
1449 1864 1493 1894 ut
1511 1864 1552 1895 te
1574 1867 1724 1896 contra

296 1925 419 1951 suum
437 1919 616 1965 patrem,
637 1913 676 1943 95
694 1910 727 1950 si
747 1910 988 1951 sestertium
1011 1910 1206 1965 sexagies
1230 1921 1407 1966 peteret,
1425 1911 1694 1952 defenderem
1714 1930 1722 1954 :

295 1977 462 2008 tantum
502 1967 616 2007 enim
655 1981 698 2007 se
738 1981 815 2022 pro
858 1977 897 2007 te
933 1967 1232 2008 intercessisse.
1276 1968 1366 2023 ipse
1404 1979 1544 2008 autem
1579 1984 1722 2009 amore

294 2024 444 2065 ardens
466 2023 762 2074 confirmabat,
785 2024 899 2079 quod
929 2024 1185 2064 desiderium
1218 2025 1278 2064 tui
1308 2024 1476 2065 discidii
1506 2024 1613 2066 ferre
1637 2041 1721 2067 non

229 2094 281 2127 46
295 2090 452 2138 posset,
475 2095 517 2121 se
540 2081 581 2122 in
603 2080 802 2122 exsilium
824 2095 914 2122 esse
936 2081 1109 2121 iturum.
1171 2082 1271 2127 Quo
1294 2096 1376 2137 ego
1394 2091 1585 2138 tempore
1605 2086 1724 2124 tanta

333 2218 370 2250 91
397 2216 667 2256 Patris—culpa]
688 2216 752 2256 Qui
779 2215 902 2246 ¹solvere
924 2226 982 2256 pro
1028 2215 1221 2246 Ciceronem
1237 2214 1385 2246 imitatus
1398 2221 1446 2247 est
1461 2214 1634 2255 Virgilius:
1651 2227 1724 2248 con-

290 2269 329 2289 eo
358 2258 465 2289 noluit
492 2258 715 2289 creditoribus.
766 2259 830 2289 Ms.
861 2259 903 2288 Η.
933 2260 984 2289 ἰἰι-
1015 2257 1404 2298 jugiojungamstabnt.
1448 2258 1523 2288 AEn.
1543 2257 1637 2293 1‚77.

289 2302 371 2340 quis.
1066 2303 1106 2333 93
1129 2310 1203 2329 erma.
1227 2305 1263 2330 m
1288 2301 1411 2339 tumen]
1438 2301 1489 2329 Sic
1512 2299 1584 2330 libri
1607 2301 1721 2331 melio-

331 2346 373 2377 92
419 2342 822 2373 &misisti—muliebrem
865 2344 982 2372 stolam
1026 2351 1088 2379 res,
1113 2343 1213 2372 etiam
1247 2344 1311 2371 Gu.
1342 2352 1406 2371 non
1432 2352 1507 2372 etz-m
1533 2347 1643 2372 tamen
1668 2349 1715 2374 tu.

288 2383 396 2423 ’νεάτῃ
423 2384 590 2415 Assentior
609 2385 684 2415 viris
704 2384 819 2419 doctis,
840 2386 894 2423 qui
919 2389 982 2414 sco·
1025 2383 1084 2413 Ed.
1102 2384 1207 2414 Graev.
1226 2384 1340 2414 vitiose
1354 2384 1533 2415 ‹lanium-e.
1572 2385 1653 2415 Eud.
1669 2396 1718 2426 pr.

291 2428 359 2456 lam
375 2427 524 2457 vitiosam
539 2433 668 2466 putant.
716 2427 800 2457 Nam
826 2428 851 2457 si
869 2427 981 2457 Cicero
1025 2426 1109 2455 male
1131 2426 1340 2456 ‹.'z'mitte1m·e.

290 2470 407 2498 stolam
423 2469 613 2508 scripsisset,
637 2478 701 2498 non
722 2468 894 2498 addidisset
911 2478 982 2498 mu·
1065 2471 1106 2500 94
1128 2468 1166 2498 de
1184 2469 1276 2498 rebus
1297 2468 1377 2497 mihi
1397 2466 1477 2506 noa]
1507 2467 1635 2508 Nempe
1662 2470 1716 2500 Ci-

292 2512 436 2541 Iiebrem.
473 2511 533 2541 Sed
553 2516 640 2548 tog'ae
654 2511 786 2540 verbum
804 2510 918 2540 melius
933 2515 983 2540 est
1025 2520 1097 2539 cero
1121 2509 1189 2539 ha‘e
1211 2516 1317 2544 norat,
1342 2510 1394 2548 qui
1418 2511 1541 2539 amicus
1562 2510 1716 2543 Curionis

291 2553 326 2582 in
345 2553 517 2593 principio,
532 2553 660 2582 virilem
679 2558 802 2589 togam,
827 2562 923 2591 quam
945 2553 977 2581 in
1021 2552 1191 2590 utriusque
1219 2553 1337 2588 fuerat,
1365 2558 1400 2581 ut
1428 2557 1518 2592 patet
1542 2562 1559 2582 c
1577 2562 1714 2592 sequen-

290 2595 368 2632 fine,
383 2595 439 2624 ubi
462 2595 618 2630 Faernus,
637 2599 670 2625 et
689 2595 756 2629 alii,
773 2596 872 2624 etiam
889 2594 978 2624 Grae-
1021 2593 1120 2624 tibus.

290 2637 373 2673 vius,
396 2645 540 2677 posuere.
559 2636 679 2676 'sog-as,
707 2646 772 2666 non
799 2635 898 2666 stolas
924 2646 977 2674 ge·
1062 2638 1101 2669 95
1123 2636 1150 2665 si
1180 2635 1255 2666 HS.
1285 2636 1430 2673 semtgies
1451 2636 1588 2676 peteret]
1628 2637 1712 2677 Ipse,

288 2684 390 2709 nasse
422 2680 621 2715 meretrices,
651 2685 764 2708 notum
789 2684 849 2708 est.
889 2678 976 2708 unde
1021 2678 1119 2707 Curio
1143 2677 1240 2713 filius,
1267 2684 1304 2707 ut
1330 2678 1516 2707 dissolveret
1543 2677 1595 2714 iia,
1623 2678 1710 2718 apud

288 2720 387 2757 infra,
403 2730 479 2751 cum
495 2721 742 2751 matrimonium
759 2720 881 2750 factum
897 2719 976 2750 diei-
1017 2729 1095 2758 quos
1120 2730 1177 2759 pro
1201 2720 1345 2749 Antonio
1369 2720 1608 2757 intercesserat,
1633 2731 1708 2752 cum

285 2767 344 2793 tur
367 2773 385 2793 e
411 2763 595 2793 meretricio
617 2770 756 2801 quamn,
785 2762 875 2799 dicit,
901 2767 975 2791 tan-
1017 2771 1089 2790 eam
1115 2763 1285 2801 pecuniarii
1313 2772 1330 2791 a
1352 2772 1384 2791 se
1409 2762 1588 2801 exigerent,
1609 2773 1708 2802 quam

285 2814 385 2843 quam
396 2807 512 2835 stolam
528 2805 673 2841 dedisset,
689 2814 805 2844 nempe
821 2814 878 2844 pro
897 2809 975 2841 toga
1017 2803 1180 2835 Antonius
1195 2803 1319 2835 solvere
1343 2813 1409 2835 uon
1430 2810 1548 2845 posset.
1572 2814 1604 2835 se
1617 2805 1709 2836 abest

286 2847 482 2879 meretricia.
540 2847 581 2878 ln
621 2847 828 2878 matrimonio
865 2847 975 2878 stabili
1016 2845 1054 2876 L.
1073 2845 1119 2877 H.
