1769 3174
276 96 386 138 1012.
863 93 1111 132 ORATIO
1154 131 1161 139 ,

231 212 263 242 b,
276 196 364 236 bat.
398 197 678 238 revocabatur
710 197 763 238 ab
794 198 1017 238 universis.
1084 197 1193 240 “Re-
1226 197 1366 248 dubia,
1401 211 1470 250 nec
1496 196 1699 239 dubitarit

191 258 259 292 121
276 252 404 293 vitam
434 250 587 306 (fferre,
620 269 689 295 uec
720 254 846 308 capiti
868 254 1133 310 peperceril.''
1194 253 1306 295 Haec
1338 253 1507 309 quantis
1539 256 1594 296 ab
1625 254 1698 295 illo

274 308 533 350 clamoribus
555 312 818 366 agebantur?
850 327 946 352 cum
963 312 1072 367 jam,
1095 311 1252 352 omisso
1276 321 1418 366 gestu,
1434 310 1572 352 verbis
1595 311 1699 367 1)οὲ-

274 374 347 416 tae,
369 375 412 406 et
437 366 578 408 studio
601 369 771 418 actoris,
794 377 836 408 et
866 369 1179 424 exspectationi
1212 379 1368 409 nostrae
1402 367 1699 422 plauderetur?

274 425 301 445 “
321 422 530 464 Summum
543 425 730 475 amicum,
742 439 891 466 summo
905 425 947 465 in
962 424 1140 466 bello—''
1162 425 1197 458 67
1214 429 1328 476 (nam
1348 424 1448 465 illud
1467 425 1558 480 ipse
1578 433 1698 466 actor

275 479 540 536 adjungebat
562 482 701 522 amico
724 481 881 532 animo,
903 491 946 522 et
971 476 1160 523 fortassis
1192 481 1388 522 homines
1417 489 1591 538 propter
1622 481 1698 522 ali-

276 537 390 590 quod
420 537 675 578 desiderium
708 539 1025 593 approbabant)
1056 542 1249 579 “summo
1279 538 1413 579 animo
1437 537 1699 593 praeditum.”

192 591 260 645 57
275 590 385 634 Tum
422 593 505 644 illa,
536 603 696 649 quanto
731 609 828 635 cum
862 596 1024 650 gemitu
1061 595 1208 651 populi
1244 595 1428 636 Romani
1461 595 1515 636 ab
1543 596 1696 637 eodem

273 650 414 705 paullo
438 661 534 706 post
558 651 601 691 in
623 652 771 692 eadem
794 650 939 692 fabula
959 662 1058 692 sunt
1089 655 1211 693 acta?
1242 655 1268 675 “
1291 652 1563 707 Opater!—-'’
1602 652 1696 704 Me,

270 709 391 748 68me
434 708 501 748 ille
553 708 789 758 absentem,
831 717 879 749 ut
929 719 1107 764 patrem,
1149 709 1457 765 deplorandum
1498 710 1695 765 putabat,

268 778 396 818 quem
429 764 485 811 Q.
510 763 703 816 Catulus,
725 780 851 820 quein
883 766 1005 807 multi
1037 767 1107 809 alii
1130 781 1244 822 saepe
1277 766 1319 807 in
1352 775 1499 807 senatu
1530 776 1694 822 patrem

266 822 417 875 patriae
441 822 726 863 nominarant.
788 823 964 868 Quanto
987 838 1083 865 cum
1112 824 1214 864 fletu
1246 823 1299 864 de
1331 823 1411 864 illis
1442 824 1596 864 nostris
1630 824 1694 865 in-

266 878 429 918 cendiis
469 893 518 919 ac
550 880 696 930 ruinis,
728 893 825 920 cum
859 890 1023 934 patrem
1055 880 1238 936 pulsum,
1275 882 1456 936 patriam
1490 881 1696 922 afflictam

267 933 521 990 deploraret,
544 936 718 977 domum
740 937 974 987 incensam,
995 940 1298 992 eversamque?
1332 938 1404 978 Sic
1426 938 1530 994 egit,
1553 947 1601 980 ut
1621 939 1695 979 de-

267 1001 505 1032 monstrata
530 994 708 1047 pristina
730 992 916 1044 fortuna,
939 1008 1036 1035 cum
1063 1009 1105 1035 se
1127 994 1420 1045 convertisset,
1442 999 1469 1018 “
1486 994 1588 1036 Haec
1610 1010 1693 1036 om-

270 1047 340 1088 ηἰα
364 1047 449 1089 vidi
471 1049 511 1089 in
544 1050 818 1091 czmmari:—⁷'
849 1050 996 1092 fletum
1020 1051 1148 1092 etiam
1172 1052 1356 1092 inimicis
1379 1062 1507 1108 atque
1537 1052 1695 1094 invidis

184 1106 492 1150 chxcitarct.
556 1106 686 1158 Proh,
724 1108 783 1148 dii
822 1108 1108 1149 immortales!
1138 1108 1269 1163 quid?
1311 1107 1696 1164 illa‘quemadmo-

269 1161 370 1202 dum
394 1163 506 1203 dixit
538 1163 679 1205 idem?
710 1179 805 1220 quse
838 1165 944 1205 mihi
967 1166 1139 1220 quidem
1175 1166 1236 1206 ita
1264 1175 1307 1206 et
1337 1175 1432 1206 aeta
1461 1176 1504 1207 et
1537 1166 1696 1222 scripta

269 1219 466 1260 videntur
487 1235 591 1271 esse,
615 1230 662 1262 ut
685 1222 750 1262 vel
775 1238 799 1262 a
822 1221 992 1273 Catulo,
1016 1222 1049 1262 si
1075 1222 1312 1273 revixisset,
1338 1223 1539 1278 praeclare
1571 1238 1695 1279 posse

265 1275 349 1316 dici
387 1277 644 1319 viderentur,
679 1278 713 1319 is
745 1279 860 1319 enim
896 1279 1027 1320 libere
1057 1279 1378 1335 reprehendere,
1416 1290 1460 1321 et
1495 1295 1695 1322 accusare

263 1333 412 1387 populi
447 1348 767 1390 nonnumquam
791 1337 1074 1377 temeritatem
1110 1336 1287 1387 solebat,
1319 1348 1391 1378 aut
1413 1351 1594 1379 errorem
1631 1352 1695 1378 se-

261 1403 411 1432 natus:
445 1395 471 1413 “
490 1390 527 1432 O
549 1392 773 1448 ingratg‘lz'ci
796 1392 962 1449 Argivi,
992 1394 1131 1434 inanes
1155 1392 1295 1445 Graii,
1317 1395 1559 1435 immemores
1579 1394 1695 1436 bene-

245 1445 395 1500 Jicz'i.¹''
434 1447 534 1489 Non
562 1458 653 1490 erat
675 1449 777 1490 illud
800 1451 971 1505 quidem
996 1465 1157 1492 verum.
1180 1466 1265 1492 non
1288 1452 1400 1492 cuim
1425 1452 1599 1508 ingrati,
1622 1453 1694 1493 sed

268 1503 424 1555 miseri,
447 1506 602 1560 quibus
635 1506 808 1548 reddere
841 1507 1034 1558 salutem,
1066 1523 1090 1548 a
1118 1523 1203 1563 quo
1225 1518 1493 1564 acceperant,
1526 1522 1610 1550 non
1645 1508 1694 1549 li-

153 1570 404 1619 psa-„ocrem
438 1576 515 1603 nec
546 1578 654 1604 unus
689 1564 731 1604 in
763 1578 1021 1619 quemquam
1056 1579 1257 1619 umquam
1291 1566 1467 1621 gratior,
1490 1581 1619 1621 quam
1649 1567 1695 1608 in

222 1631 333 1658 a-mc
364 1619 565 1660 universi.
597 1620 669 1661 sed
705 1630 847 1662 tamen
883 1622 985 1663 illud
1020 1622 1190 1677 scripsit
1225 1621 1528 1664 disertissimus
1563 1623 1695 1679 po'eta

264 1689 342 1729 pro
366 1690 456 1717 inc:
490 1677 580 1733 egit
601 1676 857 1719 fortissimus
880 1688 1013 1729 actor,
1039 1694 1123 1719 non
1148 1678 1282 1719 solum
1307 1680 1510 1735 optimus,
1534 1680 1586 1720 de
1609 1695 1692 1731 me,

263 1746 362 1772 cum
385 1747 532 1773 omncs
556 1735 723 1775 ordines
755 1736 1079 1786 demonstraret,
1103 1747 1311 1787 senatum,
1334 1739 1497 1792 equites
1533 1736 1694 1781 Roma-

264 1803 355 1837 nos,
380 1790 622 1831 universum
646 1792 852 1847 populum
886 1792 1146 1842 Romanum,
1169 1805 1412 1835 accusaret:
1445 1798 1471 1816 “
1491 1793 1695 1835 Ea‘sulare

262 1845 408 1896 sinitis,
428 1846 575 1888 sivi-slis
589 1848 705 1903 pelli,
720 1848 882 1903 pulsum
898 1850 1136 1904 patimini.''
1183 1851 1293 1896 Qua:
1317 1860 1408 1891 tum
1431 1851 1692 1908 significatio

266 1901 394 1943 fuerit
423 1905 631 1955 omnium,
662 1920 757 1961 quac
791 1906 1022 1948 declaratio
1047 1907 1278 1948 voluntatis
1310 1909 1364 1948 ab
1395 1909 1593 1959 universo
1616 1923 1693 1964 po-

265 1958 366 2013 pulo
391 1959 589 2002 Romano
622 1963 664 2002 in
689 1978 812 2003 causa
848 1963 1033 2005 hominis
1066 1979 1152 2004 non
1187 1965 1417 2020 populari&
1440 1965 1692 2021 69equidem

266 2016 568 2060 audiebamus:
611 2019 858 2060 existimare
896 2020 1063 2061 facilius
1106 2032 1299 2076 possunt,
1337 2023 1409 2077 qui
1447 2022 1692 2063 adfuerunt.

183 2073 252 2121 58
269 2071 336 2123 Et,
359 2075 561 2128 quoniam
586 2090 652 2116 me
686 2076 769 2118 huc
802 2079 1001 2132 provexit
1023 2079 1175 2129 oratio,
1198 2079 1349 2120 histrio
1372 2094 1516 2121 casum
1547 2093 1692 2121 meum

180 2146 251 2179 1533
267 2130 392 2170 toties
414 2132 748 2187 collacrytnavit,
768 2149 866 2174 cum
889 2135 948 2175 ita
967 2135 1159 2176 dolenter
1180 2146 1327 2192 ageret
1344 2151 1516 2177 causam
1536 2151 1693 2188 meam,

263 2196 312 2226 ut
335 2202 418 2227 vox
441 2189 533 2243 ejus
565 2190 633 2229 illa
657 2191 873 2245 praeclara,
903 2192 1100 2248 lacrymis
1132 2193 1424 2248 impediretur.
1483 2196 1524 2227 70
1539 2193 1692 2249 Neque
1728 2206 1769 2242 si

263 2243 421 2298 poetae,
443 2261 624 2299 quorum
647 2261 728 2302 ego
752 2263 917 2304 semper
938 2250 1112 2304 ingenia
1133 2249 1279 2300 dilexi,
1297 2251 1480 2308 tempori
1503 2265 1600 2291 meo
1618 2251 1692 2291 de·
1768 2257 1769 2260 ’

261 2300 460 2343 fuerunt:
493 2317 625 2358 enque
659 2306 840 2360 populus
876 2306 1097 2347 Romanus
1130 2322 1217 2348 non
1249 2308 1387 2349 solum
1420 2308 1584 2364 plausu,
1617 2307 1690 2350 sed

297 2445 952 2489 67nainill1nli.mmljnngebat]Nem·
994 2454 1028 2480 at
1057 2461 1118 2490 ego
1147 2457 1227 2491 puto
1263 2457 1375 2484 tamen
1401 2454 1607 2485 scribendum
1633 2463 1691 2485 nos

255 2498 307 2527 pe,
336 2489 423 2527 quod
457 2491 626 2528 sequitur:
662 2500 788 2521 summo
824 2493 952 2531 ingenio
993 2494 1142 2531 quidem.-
1167 2504 1241 2524 nam
1256 2497 1460 2527 concinnitas
1476 2496 1692 2528 Ciceroniana

250 2530 425 2568 proeditum
438 2542 447 2559 :
469 2531 554 2570 quod
571 2542 636 2562 non
652 2539 722 2563 erat
737 2544 756 2563 a
772 2538 881 2574 pocta,
896 2545 951 2565 cu-
994 2535 1040 2564 ita
1061 2536 1224 2574 postulat:
1248 2548 1304 2568 nos
1324 2539 1551 2580 quidem—qui
1574 2537 1690 2578 adfice-
1764 2538 1767 2569 l

249 2573 306 2610 ‚ius
323 2571 465 2602 fabulam
482 2573 609 2613 agebat.
993 2582 1084 2607 runt.
1764 2579 1766 2582 ’

298 2614 336 2644 68
362 2615 686 2655 nze—deplorandum
704 2617 861 2656 putarat]
887 2618 952 2647 hn-
1036 2622 1078 2652 70
1103 2619 1216 2658 Neque
1236 2625 1404 2660 ]›oi³ta²——t.
1429 2634 1472 2654 m.
1497 2622 1688 2663 defuerunt]

256 2665 310 2685 mo
336 2656 488 2694 putabat,
514 2663 552 2687 ut
576 2662 625 2688 est
653 2659 685 2688 in
713 2659 762 2688 ed.
788 2659 951 2699 Henagii.
997 2661 1069 2691 Hoc
1099 2670 1163 2691 non
1195 2662 1233 2692 dc
1261 2665 1339 2694 vivis
1366 2666 1472 2704 potitis
1501 2665 1691 2704 intelligen-

258 2697 407 2728 Futurae
430 2704 478 2728 est
499 2711 537 2729 ex
561 2700 611 2730 ed.
629 2700 714 2730 vict.
759 2701 885 2732 vitium
901 2713 952 2732 or·
995 2703 1093 2733 dum:
1116 2704 1171 2733 sed
1187 2707 1327 2736 oratorie
1350 2707 1389 2738 de
1412 2708 1551 2738 mortuis
1565 2707 1689 2738 dudum

254 2745 327 2769 tum
341 2750 358 2769 e
371 2748 524 2779 sequente
538 2744 760 2773 nominarant.
995 2745 1087 2775 dixit.
1133 2745 1218 2777 Nam
1232 2748 1347 2778 Accius
1362 2749 1490 2788 quidem
1506 2757 1583 2780 ante
1599 2749 1692 2782 Cice-

297 2782 337 2815 69
359 2783 504 2821 equidem
525 2785 750 2824 audiebamus]
778 2785 866 2824 Quid
892 2795 950 2825 pro
995 2789 1082 2817 ronis
1106 2793 1237 2819 aetatem
1253 2790 1329 2829 suit,
1345 2794 1438 2833 cujus
1453 2792 1518 2824 fuit
1531 2791 1688 2832 tragoedia

254 2822 315 2853 hae
340 2823 480 2855 lectione
505 2825 567 2856 dici
595 2827 709 2868 possit,
732 2838 761 2857 v.
783 2828 817 2858 iu
841 2827 949 2859 (slave.
994 2830 1090 2861 Bruti
1106 2831 1249 2863 nomine.
