1785 3185
603 103 677 143 IN
721 103 1048 144 EXILIUM.
1446 105 1547 143 1459

97 212 167 254 tis.
230 211 303 253 Sic
322 210 436 252 enim
460 209 514 250 ab
537 208 665 250 initio
688 207 749 249 fui
771 209 1001 259 animatus,
1023 215 1073 249 ut
1093 222 1179 249 non
1201 206 1342 264 magis
1363 220 1433 248 me
1453 221 1552 249 mea

96 283 227 311 causa
258 278 454 326 putarem
489 280 580 307 esse
610 274 777 317 natum,
810 280 939 321 quam
974 265 1226 321 reipublicae
1258 272 1549 321 procreatum.

99 326 184 368 Sed
214 326 318 368 illud
348 337 520 380 queror,
555 323 692 380 (quod
725 337 810 364 non
826 323 921 379 jam
952 323 1004 363 ad
1039 322 1164 363 unius
1196 322 1447 378 perniciem,
1475 321 1546 362 sed
1561 337 1608 373 ql

98 384 151 425 ad
177 384 474 425 universorum
506 381 733 422 instruitur
764 380 1091 430 calamitatem,)
1122 379 1344 434 conqueri,
1367 379 1551 420 commi-

99 441 244 493 serari,
265 440 423 491 dicere,
445 452 704 495 expurgare,
728 438 1018 493 suspicionem
1041 437 1276 486 dimovere,
1299 435 1461 477 crimen
1485 436 1550 477 di-

100 498 215 540 luere
245 512 332 539 non
364 497 518 538 licere:
569 509 644 537 ore
674 509 882 551 oppresso
912 494 1103 535 cervices
1138 507 1229 533 esse
1267 492 1549 549 praebendas:

99 570 197 612 quae
222 563 366 596 tamen
398 553 546 595 omnia
572 553 665 609 jam
689 567 773 594 non
798 562 898 593 sunt
920 561 1007 592 tam
1039 550 1304 600 calamitosa,
1326 549 1443 605 quod
1468 549 1550 590 mi·

99 613 144 654 hi
176 622 276 653 sunt
309 611 548 663 subeunda,
570 625 700 665 quam
734 609 988 665 perniciosa,
1011 608 1126 663 quod
1159 608 1204 648 in
1236 606 1548 663 rempublicam

102 680 201 710 sunt
233 669 494 711 introducta.
556 668 854 714 Quamobrem
893 675 1103 707 statutum
1133 673 1212 715 est,
1243 674 1372 719 atque
1403 664 1596 724 decre-9

102 737 210 778 tum,
235 727 275 768 in
302 726 367 767 his
400 726 669 782 temporibus
701 724 890 766 civitatis
922 724 1068 765 omnia
1097 722 1281 779 perpeti,
1304 736 1402 776 quae
1435 720 1551 762 volet

103 783 222 825 furor
238 783 510 826 libidinosus.
572 782 674 823 Vim
698 781 848 822 volunt
869 780 1045 822 afferre?
1076 788 1237 836 praesto
1254 793 1363 820 sum.
1394 778 1552 833 ejicere

108 841 287 884 volunt?
328 855 438 882 exeo
470 840 636 881 indicta
666 853 809 880 causa.
857 838 1010 880 nolunt
1041 837 1216 879 audire?
1258 850 1431 878 causam
1464 850 1552 877 non

104 898 219 940 dico.
261 898 377 940 aliud
411 897 639 954 quippiam
674 899 913 938 conantur?
952 904 1099 952 agant,
1147 893 1256 935 nihil
1290 893 1402 944 duri,
1443 892 1554 934 nihil

105 956 250 997 acerbi
281 955 390 996 mihi
412 954 508 1006 erit,
529 954 647 1010 quod
678 953 989 1010 rempublicam
1021 952 1248 994 tutabitur.
1310 950 1412 992 Non
1435 950 1552 992 enim

105 1012 189 1054 illis
211 1013 353 1054 victus
384 1012 507 1063 cedo,
531 1011 604 1052 sed
636 1011 927 1052 incolumibus
949 1010 1074 1052 vobis
1094 1024 1164 1050 me
1185 1008 1402 1050 condono.
1464 1007 1552 1049 Ne·
1564 1021 1614 1056 22

106 1085 190 1126 que
210 1070 327 1112 enim
354 1084 472 1111 mors
503 1069 745 1118 miseranda
775 1077 853 1118 est,
876 1082 972 1124 quae
1004 1069 1062 1109 ob
1093 1066 1405 1123 rempublicam
1435 1066 1555 1121 capi-

107 1136 196 1170 tur:
215 1141 355 1183 neque
368 1127 568 1168 exsilium
591 1136 730 1182 turpe,
747 1125 862 1181 quod
877 1125 1037 1166 virtute
1051 1125 1308 1180 suscipitur:
1331 1136 1432 1164 cum
1446 1137 1558 1180 prae-

107 1185 253 1226 sertim
285 1184 537 1226 nonnullam
569 1183 636 1225 hae
668 1197 815 1240 poenae
839 1183 1028 1224 habeant
1049 1182 1093 1223 in
1125 1195 1169 1222 se
1199 1180 1558 1223 consolationem.

109 1243 223 1284 Nam
249 1242 381 1283 vitam
413 1242 447 1282 si
479 1242 684 1297 eripiunt,
707 1255 792 1282 non
825 1240 1018 1281 adiment
1038 1239 1221 1296 gloriam
1252 1237 1558 1280 immortalem.

107 1300 141 1341 si
165 1299 320 1341 exsilio
344 1299 591 1340 multabunt
612 1312 785 1354 corpuS,
808 1312 894 1339 non
917 1297 1110 1339 animum
1132 1312 1157 1338 a
1178 1295 1401 1352 republica
1418 1309 1560 1337 remo-

109 1358 288 1398 vebunt.
350 1356 480 1406 Nam,
502 1356 766 1411 ubicumque
795 1369 882 1407 ero,
905 1354 988 1395 hoc
1018 1354 1240 1410 cogitabo,
1264 1353 1359 1394 haec
1390 1367 1560 1409 semper

109 1429 214 1456 eura
234 1428 330 1455 mea
359 1414 466 1455 erit:
498 1427 652 1468 meque
674 1413 798 1454 vobis
820 1422 1030 1468 ereptum,
1049 1426 1136 1453 non
1159 1421 1187 1452 a·
1213 1411 1336 1452 vobis
1359 1410 1559 1466 repudia-

110 1481 203 1514 tum
237 1471 514 1513 existimabo.
576 1469 686 1511 Illud
720 1471 776 1512 ab
808 1470 1018 1511 universis
1052 1468 1238 1525 postulo,
1272 1478 1474 1524 petoque,
1507 1468 1620 1525 si,23

110 1529 215 1571 dum.
236 1529 281 1570 in
303 1529 482 1570 civitate
510 1541 684 1569 manere
704 1527 872 1569 licitum
902 1535 981 1578 est,
1003 1526 1166 1568 nemini
1196 1526 1358 1582 injuste
1389 1524 1559 1582 pericu-

110 1587 201 1628 lum
222 1586 381 1638 creavi,
404 1585 567 1628 nemini
596 1585 817 1627 innocenti
840 1584 902 1626 fui
924 1583 1176 1635 calamitati,
1199 1585 1231 1624 si
1256 1582 1460 1625 omnibus
1483 1596 1560 1624 au-

111 1644 218 1686 xilio
241 1644 531 1699 praesidioque
561 1657 653 1684 esse
675 1643 897 1694 consuevi,
919 1642 1214 1698 plurimosque
1235 1642 1279 1682 in
1301 1641 1383 1682 hac
1404 1640 1560 1682 civita-

111 1710 155 1743 te
178 1715 273 1743 sum
293 1710 483 1742 tutatus:
515 1701 580 1741 uti
604 1715 678 1741 vos
700 1700 857 1741 liberos
879 1714 997 1741 meos
1018 1699 1064 1739 in
1097 1707 1281 1739 vestram
1303 1698 1433 1739 fidem
1453 1697 1563 1739 reci-

112 1759 258 1816 piatiS,
287 1772 448 1814 eosque
476 1757 733 1808 defendatis,
764 1772 872 1798 neve
903 1756 1102 1798 inimicos
1124 1770 1242 1797 ineos
1275 1756 1320 1797 in
1351 1753 1564 1796 familiam

57 1825 59 1827 ’
112 1826 304 1857 nostram
336 1815 508 1873 longius
533 1815 733 1872 progredi
757 1815 1009 1871 patiamini:
1043 1814 1208 1868 utique,
1231 1814 1321 1854 sive
1342 1812 1445 1854 hinc
1467 1811 1563 1858 abi-

113 1888 202 1925 ero,
225 1873 315 1914 sive
336 1887 410 1915 ero
440 1873 512 1915 hic
535 1887 780 1929 oppressus,
803 1887 853 1913 ea
882 1880 1055 1913 maneat
1075 1871 1240 1927 opinio,
1262 1880 1306 1911 et
1336 1869 1561 1911 existima-

114 1932 191 1982 tio,
213 1945 312 1986 quae
335 1931 494 1972 virtute
513 1940 651 1986 parta,
674 1944 762 1971 non
783 1944 880 1985 quae
903 1928 1159 1971 infelicitate
1181 1928 1300 1969 illata
1320 1938 1399 1969 est.
1429 1927 1560 1968 Nunc
1579 1943 1646 1992 10

111 2002 195 2044 ego
218 1997 275 2039 te,
293 1987 467 2045 Jupiter
485 1987 666 2043 Optime
689 1986 904 2038 Maxime,
925 1986 1050 2042 cujus
1080 1997 1186 2027 nutu
1212 2000 1262 2027 ac
1283 1985 1449 2026 ditione
1471 1984 1624 2050 ⁵⁰¹³24

112 2056 322 2086 terrarum
354 2046 665 2102 gubernantur,
696 2052 824 2098 teque
854 2045 1070 2100 particeps
1100 2043 1325 2094 connubii,
1349 2042 1467 2084 socia
1495 2055 1571 2100 re.

114 2103 204 2154 oni,
239 2103 388 2158 regina
416 2102 550 2154 Juno,
578 2112 707 2158 teque
736 2100 949 2153 Tritonia,
971 2101 1237 2157 armipotens
1268 2099 1565 2157 Gorgophora

113 2136 258 2202 {Jallas
291 2159 508 2211 Minerva,
531 2159 749 2214 ceterique
779 2159 855 2210 dii,
877 2159 1056 2214 deaeque
1086 2158 1366 2209 immortales,
1387 2157 1462 2213 qui
1487 2171 1566 2198 ex-

117 2216 288 2259 cellenti
321 2217 488 2258 tumulo
519 2216 708 2258 civitatis
741 2216 884 2257 sedem
922 2215 1130 2273 Capitolii
1162 2217 1206 2256 in
1238 2230 1343 2256 saxo
1376 2213 1566 2256 incolitis

112 2275 414 2325 constitutam,
437 2284 485 2316 ut
507 2289 593 2315 uon
618 2273 757 2315 solum
784 2283 986 2315 cunctam
1009 2273 1181 2324 intueri,
1204 2273 1279 2314 sed
1299 2273 1431 2314 etiam
1454 2272 1565 2314 tueri

116 2332 292 2388 possitis
324 2332 573 2374 civitatem:
608 2347 632 2372 a
654 2345 838 2387 quorum
860 2345 943 2387 ego
965 2330 1184 2387 quondam
1207 2329 1414 2371 altaribus
1436 2329 1568 2386 impi-

116 2404 185 2430 am
208 2403 383 2430 manum
405 2389 566 2431 civium
589 2389 751 2430 removi
769 2405 777 2431 :
801 2403 825 2429 a
846 2403 1030 2444 quorum
1052 2388 1224 2444 templis
1243 2402 1342 2429 meo
1359 2386 1569 2444 periculo,

116 2446 335 2488 funestam
353 2445 494 2488 facem
516 2446 669 2503 repuli,
687 2460 741 2487 ne
758 2445 1092 2487 illustrissimum
1111 2445 1228 2487 orbis
1248 2454 1459 2487 terrarum
1475 2458 1570 2486 mo-

117 2513 376 2545 numentum
407 2519 507 2546 cum
532 2504 728 2561 principe
757 2504 951 2550 omnium
985 2514 1192 2545 terrarum
1215 2503 1433 2545 occideret
1460 2501 1570 2544 civi-

118 2570 233 2603 tate:
265 2570 409 2617 teque,
429 2561 605 2618 Jupiter
628 2562 789 2612 Stator,
811 2575 938 2617 quem
962 2576 1061 2603 vere
1081 2560 1211 2617 hujus
1236 2560 1409 2616 imperii
1431 2568 1569 2601 stato-

119 2633 209 2660 rem
240 2619 426 2674 majores
449 2620 583 2661 nostri
614 2619 972 2662 nominaverunt:
1004 2619 1129 2674 cujus
1159 2619 1204 2659 in
1236 2617 1399 2674 templo
1432 2616 1569 2658 hosti-

118 2675 202 2717 lem
233 2676 445 2732 impetutn
479 2676 680 2719 Catilinae
711 2677 849 2733 repuli
879 2691 905 2717 a
934 2677 1092 2719 muris:
1143 2675 1269 2732 cujus
1301 2674 1512 2730 templum
1543 2687 1572 2714 a

118 2732 310 2774 Romulo
342 2734 469 2774 victis
500 2735 674 2776 Sabinis
705 2734 750 2775 in
784 2732 940 2775 Palatii
971 2733 1123 2775 radice·
1145 2747 1247 2775 cum
1278 2731 1476 2774 Victoria
1504 2738 1568 2772 est

118 2789 407 2834 collocatum:
441 2806 518 2833 oro
548 2801 680 2848 atque
709 2792 906 2843 obsecro,
936 2790 1046 2832 ferte
1077 2805 1206 2848 opem
1237 2790 1397 2847 pari-ter
1427 2788 1571 2843 reipu-

120 2847 262 2899 blicae‚
283 2856 542 2905 cunctaeque
562 2849 748 2902 civitati,
764 2849 958 2904 meisque
981 2848 1194 2891 fortunis:
1225 2847 1413 2890 resistite
1433 2845 1571 2888 tribu·
