1785 3185
466 105 808 144 PHILIPPICA
835 105 1079 143 OCTAVA.
1390 107 1487 142 1369

53 209 177 252 blicae
200 222 284 249 non
307 207 477 249 differre
509 209 679 249 vestitu.
742 205 842 247 Non
865 207 977 248 enim
1011 208 1071 247 ita
1093 207 1280 261 gerimus
1303 222 1379 248 nos
1402 207 1487 248 hoc

52 265 162 307 bello
193 265 355 306 consul·
357 279 449 315 ires,
471 273 518 304 ut
541 278 665 319 aequo
688 263 832 303 animo
865 263 1047 327 populus
1074 263 1296 304 Romanus
1320 265 1486 305 visuius

49 324 105 364 sit
125 322 258 362 nostii
282 321 456 362 honoris
487 321 696 376 i11S10·:n1a
736 333 834 360 cum
867 321 1028 384 partim
1054 334 1077 359 e
1107 320 1232 360 nobis
1261 321 1322 361 ita
1344 322 1485 362 timidi

50 380 148 429 sint,
176 389 222 419 ut
243 380 280 411 57
296 392 465 418 omnem
493 377 639 433 populi
674 376 860 417 Romam
893 375 1201 418 beneficimum
1233 379 1485 418 immoriam

49 435 309 491 abjecerint:
342 435 498 491 partim
522 434 583 475 ita
611 449 636 475 a
666 433 886 490 republica
915 433 1066 483 aversi,
1088 442 1136 473 ut
1167 433 1268 474 huic
1296 448 1339 473 se
1370 434 1484 476 hosti

47 492 189 534 savoie
210 506 303 556 pra}
321 506 364 532 se
387 491 549 533 ferant:
583 491 746 547 legatos
771 501 939 532 nostros
966 491 1020 531 ab
1043 490 1237 533 Antonio
1260 490 1485 545 despectos

48 564 153 600 esse,
171 558 214 589 et
236 548 378 590 irrisos
411 549 535 590 facile
566 549 810 604 pitiantur:
853 547 1042 605 legatum
1075 547 1255 588 Antonii
1289 547 1486 588 subleva-

47 616 137 648 tum
159 606 304 646 velint.
336 608 375 636 58
391 605 504 648 hunc
526 607 639 647 enim
663 606 800 646 reditu
825 605 878 646 ad
893 582 1145 646 Antonium
1169 603 1387 668 prohiberi
1410 618 1485 645 ne-

47 663 210 720 gabant
239 671 452 718 oportere,
473 673 516 704 et
547 663 590 703 in
612 663 762 704 eodem
785 662 1042 719 excipiendo
1065 661 1321 704 sententiam
1344 676 1484 702 meam

46 720 334 776 corrigebant.
373 721 529 776 quibus
561 734 706 776 geram
739 733 916 761 morem.
978 719 1144 761 Redeat
1175 718 1229 760 ad
1252 719 1485 775 imperato-

45 791 134 818 rem
157 791 279 818 suum
304 777 472 829 Varius,
495 753 587 818 sedO
589 791 637 818 ea
659 776 768 832 lege,
788 790 840 817 ne
862 791 1064 831 umquam
1088 777 1275 818 Romam
1299 785 1485 817 reverta-

47 844 129 875 tur.
161 834 312 875 ceteris
334 844 492 884 autem,
515 834 548 874 si
572 848 758 875 errorem
777 848 901 874 suum
924 834 1217 889 deposuerint,
1233 841 1276 874 et
1298 848 1396 874 cum
1419 848 1485 874 re-

47 891 218 946 publica
240 891 284 931 in
315 891 498 948 gratiam
529 891 747 942 redierint,
770 891 939 932 veniam
969 904 1013 931 et
1044 891 1346 947 impunitatem
1378 891 1484 931 dan-

44 949 142 988 dam
166 958 285 1004 puto.

104 1006 224 1052 Quas
253 1006 310 1046 ob
341 1018 404 1045 res
437 1004 497 1045 ita
526 1018 704 1047 censeo:
748 1004 926 1055 Eorum,
949 1005 1021 1060 qui
1055 1020 1155 1046 cum
1187 1004 1255 1048 Μ,
1287 1004 1543 1056 Ant0ni033

49 1072 162 1111 sunt,
182 1063 256 1116 qui
278 1063 332 1103 ab
361 1063 488 1103 armis
511 1061 796 1112 discesserint,
818 1071 861 1102 et
882 1071 957 1102 aut
975 1062 1028 1103 ad
1050 1065 1090 1096 59
1106 1063 1162 1102 A.
1186 1061 1385 1112 Pansam,
1408 1071 1483 1103 aut

45 1119 96 1159 ad
121 1118 172 1160 C.
209 1118 418 1170 Hirtium,
439 1119 650 1171 consules,
672 1130 747 1160 aut
775 1119 828 1160 ad
862 1118 1091 1160 Decimum
1126 1119 1324 1170 Brutum,
1348 1120 1483 1175 impe-

46 1186 244 1227 ratorem,
283 1177 502 1218 consulem
537 1177 825 1232 designatum,
863 1186 938 1216 aut
972 1177 1023 1217 ad
1065 1175 1118 1216 C.
1155 1176 1374 1217 Caesarem
1404 1191 1484 1233 pro

47 1242 244 1288 praetore,
276 1243 375 1274 ante
407 1233 510 1275 Idus
543 1233 727 1274 Martias
758 1234 918 1289 primas
949 1233 1145 1284 adierint,
1178 1233 1228 1274 iis
1260 1233 1398 1275 fraudi
1431 1249 1484 1275 ne

45 1289 114 1340 sit,
137 1290 251 1345 quod
276 1305 373 1332 cuin
398 1291 465 1334 M.
489 1291 682 1333 Antonio
714 1291 888 1331 fuerint
919 1290 953 1331 si
977 1291 1072 1346 quis
1093 1305 1259 1355 eorum,
1279 1291 1353 1346 qui
1384 1306 1484 1332 cum

47 1346 114 1388 Μ.
146 1347 339 1388 Antonio
371 1360 484 1399 sunt,
506 1349 672 1400 fecerit,
696 1348 812 1404 quod
843 1347 1007 1390 honore
1037 1348 1272 1404 piaemiove
1301 1348 1483 1404 dignum

39 1417 133 1444 esse
169 1405 386 1455 videatur·
434 1407 496 1446 uti
537 1405 590 1447 C.
624 1405 778 1457 Pansa,
809 1403 865 1447 A.
897 1404 1084 1455 Hiitius,
1115 1405 1325 1456 consules,
1361 1406 1526 1456 alterffl.

46 1463 243 1512 ambove,
277 1462 310 1503 si
341 1463 402 1503 eis
437 1463 666 1513 videbitur,
696 1463 748 1503 de
781 1462 873 1518 ejus
906 1462 1085 1513 honore,
1117 1463 1366 1518 praemiove,
1395 1464 1482 1519 pri-

44 1533 115 1560 mo
151 1534 323 1575 quoque
359 1519 429 1560 die
464 1521 516 1562 ad
554 1530 747 1561 senatum
787 1519 987 1561 referant.
1049 1519 1094 1560 Si
1130 1534 1226 1574 quis
1263 1529 1363 1575 post
1398 1521 1482 1561 hoc

46 1576 464 1618 senatusconsultum
509 1577 561 1618 ad
605 1577 846 1618 Antonium
883 1576 1104 1632 profectus
1143 1576 1484 1633 f11e1it,pr·aete1

46 1633 94 1674 L.
117 1633 309 1685 Varium,
333 1643 528 1676 senatum
558 1634 907 1676 existimaturum
936 1647 1035 1674 eum
1065 1644 1216 1675 contra
1249 1634 1482 1692 rempubli-

45 1705 139 1731 cam
162 1691 326 1733 fecisse.

45 1830 121 1852 cum
136 1822 260 1853 Faerno
273 1834 291 1853 e
306 1822 371 1855 Ms.
386 1822 463 1855 Vat.
480 1831 649 1863 nunquam
663 1834 741 1864 per·
784 1822 934 1863 publicis,
953 1823 1159 1862 praenornina
1173 1831 1239 1852 non
1256 1823 1375 1853 omissa
1391 1832 1479 1854 sunt.

45 1865 187 1894 turbatio
196 1874 272 1904 pop.
289 1865 329 1897 R.
341 1866 476 1903 dieitur,
492 1875 618 1906 semper
631 1867 740 1907 reipu·
783 1866 835 1895 Sic
857 1870 891 1895 et
920 1870 994 1905 post
1022 1871 1083 1895 est.
1118 1865 1195 1895 Post
1228 1865 1308 1895 Idus
1337 1865 1483 1896 [Martias

46 1907 143 1936 biit-ce.
201 1907 253 1937 sie
282 1907 405 1939 habent
433 1915 466 1940 et
499 1907 602 1940 Codd.
631 1909 739 1939 Guelf.
776 1908 909 1947 primas
921 1907 1022 1938 etiam
1039 1908 1102 1938 Gu.
1119 1907 1340 1946 L.1nte11igit
1361 1907 1482 1938 Mann-

47 1948 139 1978 Leid.
782 1950 848 1980 tius
870 1949 970 1986 diem,
985 1950 1038 1988 qui
1057 1951 1180 1989 primus
1204 1949 1323 1979 Iduum
1347 1950 1480 1980 nomine

87 1992 125 2023 57
149 2001 274 2022 omnem
289 1991 378 2031 iip.]
395 1991 546 2023 Deleviz'e'
559 1999 632 2032 post
648 1992 738 2023 Grae-
782 1991 979 2031 appelletur,
1002 1992 1058 2030 qni
1081 1997 1165 2023 esset
1186 1991 1282 2022 VIII.
1308 1991 1354 2022 ld.
1379 1992 1482 2022 Mart.

44 2032 148 2069 vium,
164 2033 250 2073 quod
271 2034 368 2064 nimis
383 2034 480 2073 friget
492 2045 502 2065 z
534 2035 625 2065 abest
648 2034 738 2066 Leid.

44 2081 82 2104 ut
98 2082 169 2115 post
182 2077 268 2113 Ιηιὶε,
283 2076 370 2115 quod
381 2080 414 2106 et
429 2076 549 2107 delevit
561 2087 600 2107 ex
614 2077 665 2108 ed.
680 2078 739 2109 Fa-

43 2118 114 2147 erni
131 2118 288 2149 Graevius.
305 2127 370 2148 non
387 2118 483 2150 male.

87 2163 126 2191 53
150 2161 225 2197 huie
239 2161 324 2190 euim
339 2161 497 2202 reditum]
516 2161 575 2193 Vel
589 2162 688 2191 tironi
706 2162 740 2193 in

45 2207 189 2232 mentem
202 2203 324 2239 veniat,
336 2202 564 2241 corrigendum
578 2213 645 2234 esse
654 2206 742 2235 hunc·

44 2254 72 2273 e.
87 2245 218 2278 reditu,
216 2258 221 2264 ·
247 2251 284 2274 ut
299 2245 440 2275 correxit
460 2247 605 2277 Faernus
625 2257 642 2277 e
664 2247 740 2278 Vat.

46 2285 88 2316 In
114 2287 221 2318 eodem
244 2287 441 2327 excipiendo,
463 2289 483 2319 i.
501 2299 529 2320 e.
552 2289 738 2325 tractando,

45 2337 121 2358 cum
136 2329 276 2360 Romam
293 2329 447 2365 venisset,
463 2335 501 2362 ut
517 2329 598 2362 aiios
614 2331 739 2372 legatos

47 2371 108 2400 &a

87 2416 126 2447 59
150 2413 190 2443 A.
206 2412 439 2445 Pansam-C.
465 2414 633 2456 Hirtium]
655 2415 739 2445 Prte-

48 2455 182 2485 nomina
196 2455 301 2486 addidi
315 2467 332 2486 e
349 2457 428 2487 Mes,
443 2458 543 2487 etiam
559 2459 621 2488 (iu.
640 2458 691 2487 Sic
706 2462 739 2486 et

46 2496 203 2526 Graevius.
250 2497 287 2527 In
311 2499 432 2529 talibus
461 2499 611 2536 decretis,
637 2499 738 2530 literis

781 2033 844 2064 Sed
876 2033 907 2064 id
936 2039 985 2065 est
1016 2033 1146 2065 falsum.
1189 2034 1313 2064 Omnes
1344 2035 1479 2064 termini

781 2081 969 2115 temporum
984 2085 1074 2106 more
1089 2076 1238 2106 Romano
1253 2082 1332 2106 sunt
1347 2076 1395 2106 vel
1412 2076 1480 2107 Ka-

781 2118 898 2154 lendis,
914 2118 964 2148 vel
987 2118 1104 2154 Nonis,
1115 2119 1166 2148 vei
1183 2118 1302 2148 ldibuS.
1318 2124 1351 2149 et
1367 2118 1478 2148 ultimi

783 2161 849 2190 fere
862 2160 996 2192 termini
1013 2160 1193 2195 summus,
1206 2167 1242 2190 nt
1255 2161 1288 2190 in
1304 2161 1478 2190 solutioni-

785 2202 854 2233 bus.
878 2208 910 2234 et
935 2203 982 2233 ita
1004 2202 1069 2232 dies
1084 2202 1317 2241 intelligendus
1339 2208 1388 2234 est
1411 2203 1476 2239 hic,

784 2245 838 2282 qui
863 2244 991 2285 proprie
1008 2244 1088 2275 Idus
1104 2245 1236 2275 dieitur.
1284 2245 1373 2285 Ergo
1397 2245 1479 2275 Idus

785 2287 919 2318 tllartioe
929 2288 1049 2325 primae
1063 2293 1140 2317 sunt
1163 2287 1338 2327 proximae3
1364 2287 1477 2327 quodsi

783 2335 831 2359 est
855 2329 1003 2360 additum
1020 2339 1038 2359 a
1059 2330 1229 2365 Cicerone,
1246 2339 1322 2359 nam
1337 2330 1408 2360 edd.
1427 2339 1475 2369 pr.

782 2376 815 2401 et
834 2372 936 2403 Codd.
948 2371 1080 2409 qnidam
1095 2381 1161 2402 non
1177 2371 1312 2407 habeut,
1330 2371 1478 2402 additum

783 2421 831 2444 est
849 2413 1023 2444 calumniae
1040 2414 1249 2444 excludendae
1266 2424 1374 2450 causa,
1392 2420 1430 2444 ut
1445 2418 1479 2443 et

784 2457 887 2486 nostri
905 2457 937 2485 in
961 2455 1152 2487 definiendis
1170 2455 1279 2486 diebus
1300 2457 1479 2487 mensibus-

784 2509 844 2537 que
861 2498 997 2528 faciunt.
