1812 3147
394 115 500 153 PRO
526 113 684 152 DOMO
713 114 812 153 SUA
839 113 912 151 AD
938 113 1144 151 PONTIF.
1411 114 1486 149 865

48 232 160 268 care,
193 226 358 259 mutata
380 228 510 270 veste,
543 218 844 274 prohiberent:
877 230 929 257 ne
960 226 1051 257 tum
1073 216 1246 271 quidem
1277 217 1339 257 vis
1367 216 1485 255 erat?

52 277 66 306 ¹
93 274 212 321 Quid
237 276 368 331 igitur
389 291 471 331 ego
494 277 616 327 cessi,
639 285 711 317 aut
734 275 806 330 qui
830 275 958 314 timor
980 273 1090 315 fuit?
1122 277 1239 313 2non
1263 272 1418 321 dicam,
1442 272 1482 311 in
1498 270 1566 317 ‘22

21 372 23 377 ,
45 345 140 373 me:
164 331 232 373 fac
255 346 323 372 me
346 333 543 374 timidum
566 347 656 373 esse
679 341 852 373 natura:
885 331 987 385 quid
1011 329 1081 370 illa
1099 339 1165 370 tot
1186 329 1373 369 virorum
1399 329 1484 368 for·
1499 342 1547 374 56

45 389 307 430 t-issimorum
340 390 499 431 millia?
530 390 632 444 quid
665 388 798 430 nostri
830 389 996 442 equites
1037 386 1252 427 Romani?
1283 385 1385 440 quid
1422 399 1485 424 se.-

45 448 200 488 natus?
229 446 333 501 quid
355 446 539 501 denique
563 461 709 487 omncs
743 446 873 485 boni?
905 445 937 485 si
961 443 1077 484 nulla
1098 453 1189 484 erat
1212 442 1289 492 vis,
1312 456 1387 482 cur
1417 456 1487 481 me.

45 502 197 543 flentes
222 503 364 558 potius
387 504 601 559 prosecuti
625 511 738 552 sunt,
761 517 889 557 quam
912 510 985 542 aut
1007 502 1277 556 increpantes
1302 499 1487 539 retinue—

47 568 160 611 runt,
195 569 270 601 aut
307 560 404 600 irati
440 561 729 615 reliquerunt?
769 559 836 599 An
869 559 950 599 hoc
987 558 1209 607 timebam,
1245 557 1278 596 si
1316 569 1484 595 mecum

45 625 242 672 ageretur
275 631 393 658 more
434 617 718 672 institutoque
752 616 978 670 majorum,
1015 626 1060 655 ut
1093 628 1263 671 possem
1298 625 1485 668 praesens

47 673 283 715 sustinere?
317 674 472 715 Utrum
506 676 540 714 si
576 675 666 715 dies
698 674 816 714 dicta
847 682 971 722 esset,
1006 672 1222 726 judicium
1263 669 1369 710 mihi
1404 668 1485 709 fuit
1499 665 1546 703 57

0 742 1 746 ’
46 731 463 786 pertimescendum?
494 747 547 772 an
581 732 672 772 sine
703 730 873 786 judicio
908 729 1208 785 privilegium?
1243 727 1485 782 3judicium

0 796 2 833 ὲ
45 787 89 828 in
124 802 252 828 causa
293 796 379 829 tam
417 789 561 844 turpi?
602 788 766 829 scilicet
808 788 840 827 is
884 787 1013 827 homo
1047 801 1156 835 sum,
1193 784 1282 840 qui,
1319 784 1487 825 etiarnsi

43 859 172 886 causa
191 854 303 886 esset
336 846 498 902 ignota,
521 845 703 886 dicendo
733 859 817 885 non
851 858 1017 900 possem
1045 844 1276 899 explicare,
1308 856 1361 881 an
1393 855 1488 881 cam

0 906 1 909 ’
42 915 216 943 causam
251 903 431 958 probare
463 918 551 943 non
586 912 796 959 poteram,
819 902 942 956 cujus
966 909 1085 941 tanta
1113 899 1315 940 4bonitas
1338 907 1416 948 est,
1441 907 1489 938 ut

43 973 95 1000 ea
115 959 208 1014 ipsa
228 974 313 1000 non
338 960 465 1000 modo
489 975 547 1011 se,
573 960 645 1001 sed
667 959 797 1000 etiam
823 962 922 999 5me
956 959 1175 998 absentem
1210 971 1283 1012 per
1314 970 1357 995 se
1392 970 1488 1010 pro-

46 1015 184 1058 barit?
217 1031 269 1057 an
294 1027 481 1068 senatus,
503 1032 557 1058 an
579 1017 748 1058 ordines
774 1016 818 1066 ii,
842 1016 914 1070 qui
938 1025 1095 1057 cuncta
1116 1029 1170 1055 ex
1197 1013 1323 1054 Italia
1344 1012 1395 1052 ad
1419 1026 1488 1052 me

44 1073 328 1114 revocandam
350 1074 702 1125 convolaverunt,
734 1073 966 1130 segniores,
988 1087 1056 1113 me
1087 1081 1312 1128 praesente,
1335 1070 1386 1110 ad
1419 1083 1488 1110 me

43 1129 312 1171 retinendum
344 1141 387 1172 et
421 1131 760 1173 conservandum
799 1130 981 1171 fuissent
1019 1130 1062 1170 in
1103 1144 1153 1170 ea
1185 1143 1328 1177 causa,
1358 1141 1486 1182 quana

45 1187 244 1243 ipsejam
267 1188 480 1244 parricida
501 1189 630 1230 talem
653 1188 770 1229 dicat
792 1187 937 1239 fuisse,
960 1196 1008 1227 ut
1031 1201 1098 1227 me
1123 1186 1177 1227 ab
1199 1185 1400 1226 omnibus
1433 1184 1486 1225 ad

42 1258 182 1286 meam
217 1245 443 1301 pristinam
474 1245 733 1303 dignitatem
766 1245 1036 1300 6expetitum
1072 1253 1200 1298 atque
1235 1250 1481 1283 revocatum

45 1304 275 1357 queratur?
311 1302 380 1343 An
403 1317 504 1343 vero
528 1304 603 1345 Tin
631 1303 800 1359 judicio
823 1301 1001 1358 periculi
1032 1301 1141 1342 nihil
1172 1300 1278 1341 fuit:
1311 1298 1484 1355 privile-
1497 1300 1546 1333 58

44 1358 165 1414 gium
205 1360 434 1415 pertimui?
473 1374 540 1412 ne,
576 1361 683 1401 mihi
723 1359 925 1415 praesenti
963 1359 997 1399 si
1035 1357 1172 1399 multa
1208 1358 1484 1412 irrogaretur,

43 1429 170 1457 nemo
194 1416 487 1458 intercederet.
547 1417 653 1458 Tam
677 1417 801 1473 inops
825 1425 969 1457 autem
991 1430 1073 1472 ego
1095 1430 1211 1456 eram
1242 1415 1296 1455 ab
1318 1412 1483 1463 amicis,

43 1483 117 1513 aut
140 1481 227 1514 tam
249 1474 364 1515 nuda
384 1475 626 1530 respublica
647 1489 671 1514 a
690 1474 1043 1530 magistratibus?
1077 1472 1223 1519 Quid?
1255 1471 1289 1511 si
1316 1479 1481 1511 vocatae
1497 1479 1527 1508 Ρ·
1544 1470 1617 1499 225.

45 1530 181 1571 tribus
205 1541 360 1582 essent,
383 1532 741 1588 proscriptionem
775 1546 861 1571 non
883 1531 1024 1572 dicam
1056 1530 1098 1570 in
1130 1545 1213 1579 me,
1242 1529 1301 1569 ita
1322 1528 1375 1568 de
1409 1523 1525 1568 suaa·

43 1587 178 1628 salute
210 1589 377 1639 merito,
412 1588 484 1628 sed
518 1589 694 1630 omnino
733 1589 778 1628 in
817 1588 904 1628 ullo
938 1588 1022 1628 civi
1057 1585 1487 1643 comprobavissent?

42 1643 127 1695 An,
150 1644 182 1685 si
215 1660 296 1701 ego
319 1659 505 1701 praesens
539 1646 730 1697 fuissem,
753 1655 916 1686 veteres
950 1645 1034 1686 illae
1066 1645 1205 1700 copiae
1237 1642 1487 1698 conjurato-

42 1715 151 1752 rum,
176 1703 322 1757 tuique
347 1703 501 1758 perditi
522 1703 680 1744 milites
705 1712 834 1758 atque
855 1712 1046 1758 egentes,
1068 1711 1112 1742 et
1135 1716 1247 1743 nova
1268 1701 1330 1740 vis
1354 1699 1486 1740 scele-

41 1759 350 1800 ratissimorum
372 1760 596 1801 consulum
618 1761 787 1816 corpori
820 1775 917 1800 meo
941 1759 1256 1816 pepercissent?
1287 1756 1359 1812 qui
1384 1771 1484 1797 cum

41 1829 186 1856 eorum
211 1817 404 1858 omnium
426 1818 667 1859 crudelitati
696 1817 958 1872 8scelerique
982 1817 1218 1867 cessissem,
1249 1829 1303 1855 ne
1330 1814 1482 1855 absens

39 1872 213 1926 quidem
234 1873 351 1915 luctu
372 1889 470 1915 meo
492 1886 656 1916 mentes
681 1875 849 1916 illorum
873 1875 1027 1916 satiare
1050 1874 1188 1930 potui.
1226 1871 1344 1919 Quid
1367 1871 1481 1911 enim
1496 1858 1566 1905 23

41 1944 117 1969 vos
142 1945 250 1971 uxor
270 1946 366 1972 mea
386 1932 540 1973 misera
560 1932 766 1974 violarat?
798 1947 926 1987 quam
948 1931 1197 1982 vexavistis‚
1221 1929 1482 1987 raptavistis,
1495 1930 1545 1965 59

39 1987 157 2027 omni
193 1988 444 2030 crudelitate
477 1989 754 2031 laceravistis.
792 1989 895 2044 quid
930 2004 1025 2030 mea
1052 1988 1167 2029 filia?
1199 1987 1323 2043 cujus
1358 1986 1484 2027 fletus

40 2044 246 2099 assiduus,
271 2045 499 2101 sordesque
522 2047 739 2103 lugubres,
762 2047 886 2087 vobis
909 2056 1029 2087 erant
1051 2045 1259 2101 jucundae
1278 2062 1289 2096 ς
1321 2053 1487 2084 cetero-

39 2114 132 2142 rum
155 2102 349 2154 omnium
381 2113 559 2156 mentes,
582 2103 816 2160 oculosque
838 2104 1087 2145 flectebant.
1119 2102 1225 2158 quid
1257 2115 1413 2158 parvus
1440 2100 1488 2140 fi-

84 2227 96 2254 1
122 2225 216 2266 ‚Quid
237 2227 258 2256 i.
284 2237 310 2257 e.
335 2228 435 2267 gessi]
470 2229 559 2259 Gessz·
585 2229 740 2261 vitiosum

39 2272 100 2314 est.
146 2268 371 2308 Pantagathus
404 2276 437 2300 et
469 2271 640 2301 Manutius
670 2281 741 2301 cor-

40 2309 187 2348 rigebant
201 2312 289 2342 cessi.
305 2312 399 2342 bene.
434 2313 560 2344 ‘iubent
572 2314 742 2353 sequentia

40 2351 85 2380 sic
103 2351 176 2391 legi.

60 2435 66 2440 η
83 2396 100 2423 2
123 2404 186 2424 non
215 2395 323 2425 dicam
349 2397 384 2426 in
413 2397 478 2437 me]
510 2397 589 2427 Non
616 2397 737 2438 placet.

39 2439 138 2465 nmor
165 2441 209 2467 est
236 2439 270 2466 in
298 2448 367 2468 me.-
391 2440 462 2478 quis
489 2440 538 2470 ita
566 2440 737 2479 loquitur?

41 2478 157 2508 melius
174 2479 325 2511 abfuerit.
350 2490 428 2511 nam
448 2482 545 2522 plane
560 2492 626 2512 non
643 2493 741 2523 appa·

40 2525 104 2556 ret,
121 2530 276 2559 quorsum
292 2522 323 2552 id
347 2523 494 2554 additum
509 2525 564 2560 sit,
581 2531 640 2555 aut
654 2525 740 2555 dica-

41 2565 109 2592 tur.

81 2607 99 2634 3
117 2603 196 2644 jud.
225 2607 260 2636 in
287 2616 387 2637 causa
416 2612 485 2638 {am
512 2609 602 2648 turpi
613 2609 642 2648 Β]
673 2610 740 2638 Aut

37 2647 108 2675 {am
123 2646 310 2684 delendum,
326 2656 384 2679 aut
399 2652 487 2689 turpi
507 2651 659 2680 vitiosum
675 2656 736 2682 est.

38 2695 113 2717 nam
139 2689 220 2719 nihil
235 2697 283 2720 est
300 2691 334 2720 in
350 2693 571 2731 responsione,
589 2693 675 2731 quod
698 2693 738 2723 ad

38 2729 275 2768 turpitudinem
313 2733 522 2764 refellendam
562 2735 736 2774 pertineat.

39 2768 136 2818 Fprte
152 2779 199 2802 est
215 2784 234 2802 a
248 2774 364 2812 glossa.
379 2777 456 2805 satis
472 2782 542 2806 erat
557 2777 662 2806 dicere
676 2776 736 2816 jn-

36 2811 157 2843 du’zmn
169 2815 185 2843 ‚5’
207 2821 244 2844 ut
260 2822 331 2856 post
345 2823 478 2847 tantum
489 2820 714 2857 privilegium.

77 2857 96 2884 4
121 2856 243 2888 bonitas
271 2859 330 2897 est]
364 2859 554 2898 Legendurn
580 2865 659 2890 essct
686 2861 736 2891 vel

695 2909 771 2943 31,

784 2233 869 2259 erat.

828 2273 845 2301 5
878 2280 930 2301 me
957 2268 1135 2308 absentem]
1173 2269 1226 2299 Sic
1256 2279 1273 2299 e
1301 2267 1371 2298 Pal.
1400 2276 1489 2297 nono

784 2314 912 2353 optimo
928 2312 1029 2342 edidit
1047 2312 1219 2341 Gruterus.
1237 2311 1291 2342 alii
1307 2319 1421 2340 omnes
1434 2309 1490 2339 ad-

784 2355 869 2386 dunt
877 2365 940 2395 per
953 2364 997 2391 se,
1014 2354 1100 2394 quod
1115 2353 1260 2384 defendit
1282 2363 1319 2384 ac
1344 2352 1489 2382 restituit

785 2398 944 2428 Graevius.
961 2397 1031 2436 ipsa
1047 2407 1111 2436 per
1123 2406 1156 2425 se
1169 2396 1251 2426 bene
1271 2395 1412 2426 latinum
1428 2399 1489 2424 est.

785 2440 897 2479 itaque
911 2446 944 2470 et
960 2440 1026 2479 ipse
1043 2438 1182 2469 restitui.

827 2484 846 2513 6
869 2486 1088 2522 arspectatnm
1114 2491 1154 2510 uc
1175 2479 1221 2518 r.]
1247 2478 1489 2519 Exspectatum

783 2525 852 2555 sine
879 2525 977 2555 dnbio
1007 2525 1161 2554 vitiosum
1189 2529 1250 2551 est.
1296 2522 1444 2551 Graevius
1470 2531 1487 2550 e

785 2568 849 2597 Ms.
890 2568 940 2597 Fr.
970 2566 1060 2596 dedit
1089 2567 1278 2604 expetitum.
1334 2564 1385 2594 Sic
1413 2564 1486 2601 jam

782 2609 888 2639 Jnnta
911 2608 1069 2644 ediderat,
1095 2618 1161 2637 non
1190 2606 1286 2636 modo
1312 2605 1414 2635 Aldus
1442 2604 1485 2634 N.

783 2651 821 2681 Id
839 2651 957 2691 recepi,
973 2651 1049 2689 quia
1064 2655 1176 2680 tamen
1193 2648 1332 2687 intelligi
1351 2651 1471 2687 potest.

825 2697 843 2727 7
868 2693 1044 2735 injudicio
1062 2702 1099 2731 p.
1122 2690 1220 2731 n.f.]
1245 2691 1391 2719 Graevius
1413 2688 1489 2718 addi

781 2736 855 2765 xult
870 2737 916 2765 si.-
939 2735 1026 2774 qnod
1049 2744 1116 2764 non
1131 2739 1182 2764 est
1205 2741 1346 2762 necesse.
1364 2732 1396 2760 in
1415 2731 1490 2770 pri—

781 2779 835 2808 vil.
848 2788 881 2816 st-
898 2777 1046 2815 inu-llige
1061 2777 1126 2806 secl.

824 2824 841 2849 8
866 2819 1054 2858 scelerique]
1081 2817 1214 2848 Addidit
1235 2816 1359 2858 primus
1383 2815 1419 2845 P.
1433 2815 1491 2846 Vi·

781 2862 917 2891 ctorius.

799 2910 822 2943 :3
