1785 3185
492 91 837 131 PHILIPPICA
863 91 1108 132 QUINTA.
1425 98 1524 134 1339

93 197 248 253 Magni
283 196 465 237 honores
486 194 622 236 habiti
649 193 731 235 Cn.
756 193 981 250 Pompeio,
1003 208 1101 234 cum
1123 204 1233 237 esset
1251 195 1650 250 adolescens3p-903.

93 265 137 297 et
157 253 328 310 quidem
353 254 465 308 jure.
488 251 688 292 subvenit
717 251 832 291 enim
854 250 1126 306 reipublicae:
1160 253 1232 293 sed
1264 264 1391 295 aetate
1413 255 1520 296 mul·
1534 253 1566 276 ⁸·

94 321 139 353 to
160 310 388 360 robustior,
407 317 450 349 et
471 307 655 349 militum
676 307 829 348 ducem
852 307 1137 362 quaerentium
1160 310 1300 350 studio
1320 312 1523 365 paratior,

92 377 137 410 et
157 368 200 409 in
223 366 306 408 alio
328 379 483 422 genere
507 365 618 406 belli.
655 379 740 405 non
762 365 877 406 enim
900 365 1100 406 omnibus
1124 365 1253 406 Sullae
1276 380 1404 408 causa
1426 383 1524 424 gra·

95 435 151 466 ta.
194 423 380 465 declarat
421 421 650 464 multitudo
693 421 1045 477 proscriptorum,
1084 431 1150 463 tot
1188 423 1524 479 municipiorum

93 482 295 523 maximae
328 480 606 521 calamitates.
677 478 823 521 Caesar
859 488 1002 520 autem
1035 479 1156 520 annis
1189 479 1335 520 multis
1369 481 1587 542 minor,44

94 547 316 580 veteranos
335 538 555 593 cupientes
572 537 666 592 jam
687 536 965 592 requiescere,
983 537 1189 578 armavit:
1221 551 1315 578 eam
1337 539 1526 594 comple-

95 610 175 637 xus
206 604 271 636 est
301 609 487 645 causam,
519 609 615 649 quae
643 603 753 635 esset
775 593 953 644 senatui,
976 608 1073 649 quae
1108 593 1282 650 populo,
1305 609 1401 650 quae
1423 610 1528 636 cun-

95 662 179 694 ctae
215 651 367 703 Italiae,
384 666 480 706 quae
503 653 544 682 8⁰
557 651 637 692 diis
667 650 1000 705 hominibusque
1021 651 1278 707 gratissima.
1321 651 1378 692 Et
1399 652 1529 694 Pom-

95 709 216 765 peius
239 709 292 750 ad
317 709 364 749 L.
388 709 516 750 Sullae
541 708 780 749 maximum
811 707 1053 763 imperium,
1084 709 1377 764 victoremque
1406 724 1529 751 exer-

96 767 232 808 citum
252 767 455 808 accessit:
489 764 636 806 Caesar
664 779 708 805 se
729 764 781 805 ad
803 765 1018 805 neminem
1039 765 1265 820 adjunxit:
1298 766 1389 821 ipse
1411 768 1529 823 prin-

95 838 196 879 ceps
229 823 442 864 exercitus
472 821 656 863 faciendi
687 831 731 862 et
763 822 951 878 praesidii
987 823 1263 878 comparandi
1294 822 1391 864 fuit.
1451 823 1531 866 Ille

94 882 131 911 8¹
150 882 191 921 in
221 880 557 922 adversariorum
587 879 780 935 partibus
812 893 962 936 agrum
996 878 1215 920 Picenum
1239 880 1392 921 habuit
1422 883 1530 922 ami-

99 952 223 979 cum:
266 937 336 978 hic
373 951 427 978 ex
462 935 642 977 Antonii
678 935 842 988 amicis,
875 937 947 978 sed
983 937 1259 978 amicioribus
1297 937 1524 989 libertatis,

95 1004 246 1035 contra
277 993 516 1034 Antonium
549 991 738 1034 confecit
767 994 1021 1034 exercitum.
1080 993 1200 1035 Illius
1223 994 1378 1050 opibus
1410 995 1528 1037 Sulla

96 1051 317 1107 regnavit:
351 1050 479 1106 hujus
508 1050 708 1106 praesidio
731 1049 911 1092 Antonii
933 1050 1178 1092 dominatus
1199 1067 1427 1107 oppressus
1445 1063 1524 1095 est.

98 1108 260 1150 Demus
290 1108 423 1164 igitur
444 1108 668 1164 imperium
703 1107 886 1149 Caesari:
919 1108 1009 1148 sine
1029 1123 1115 1163 quo
1146 1123 1210 1150 res
1233 1109 1427 1151 militaris
1451 1112 1524 1152 ad·
1536 1106 1588 1142 45

95 1164 341 1216 ministrari,
366 1165 499 1206 teneri
535 1164 763 1217 exercitus,
787 1165 943 1206 bellum
966 1168 1055 1221 geri
1074 1180 1162 1206 non
1192 1175 1347 1222 potest.
1370 1167 1425 1208 sit
1447 1183 1524 1223 pro

95 1233 280 1278 praetore
298 1222 474 1277 eojure,
496 1237 582 1278 quo
605 1222 678 1277 qui
700 1222 883 1280 optimo.
913 1223 986 1277 qui
1005 1222 1156 1274 honos,
1178 1238 1438 1279 quamquam
1461 1235 1526 1267 est

95 1283 330 1336 82mag12us
353 1279 412 1320 illi
434 1280 568 1330 aetati,
591 1288 730 1320 tamen
754 1280 806 1320 ad
837 1279 1134 1320 necessitatem
1157 1294 1294 1322 rerum
1318 1282 1526 1337 gerenda-

95 1351 204 1388 rum,
231 1349 316 1377 non
348 1336 485 1378 solum
515 1337 569 1378 ad
600 1336 856 1392 dignitatem
887 1336 1014 1378 valet.
1075 1337 1227 1392 Itaque
1257 1338 1328 1378 illa
1359 1353 1525 1394 quaera-

95 1408 204 1445 muS,
226 1409 322 1449 quae
346 1394 418 1434 vix
443 1394 648 1435 hodierno
670 1394 739 1435 die
760 1408 1083 1449 consequemur.
1127 1395 1210 1436 Sed
1233 1410 1362 1451 saepe,
1384 1411 1522 1452 spero,
1541 1397 1608 1452 17

97 1451 188 1492 fore
215 1451 341 1506 hujus
374 1451 654 1493 adolescentis
682 1453 863 1493 ornandi
893 1451 1216 1508 honorandique
1249 1462 1292 1494 et
1324 1455 1448 1495 nobis
1481 1465 1524 1496 et

96 1508 256 1564 populo
280 1507 477 1549 Romano
500 1517 780 1564 potestatem:
812 1509 897 1550 hoc
915 1518 1057 1550 autem
1081 1519 1274 1565 tempore
1292 1510 1352 1551 ita
1370 1526 1523 1554 censeo

94 1565 423 1607 decernendum.
484 1566 613 1613 Quod
637 1565 688 1606 C.
712 1566 872 1618 Caesar,
893 1565 989 1607 Caii
1010 1566 1138 1618 filius,
1160 1570 1198 1598 83
1215 1568 1426 1623 pontifex,
1447 1584 1523 1625 pro
1537 1572 1588 1607 46

95 1632 293 1677 praetore‚
312 1637 479 1664 summo
501 1623 748 1679 reipublicae
772 1632 964 1679 tempore
980 1623 1137 1665 milites
1157 1635 1379 1666 veteranos
1401 1626 1453 1667 ad
1475 1627 1525 1667 li-

93 1679 304 1721 bertatem
330 1680 478 1736 populi
501 1680 688 1722 Romani
711 1680 959 1722 cohortatus
990 1682 1058 1732 sit,
1081 1696 1239 1737 eosque
1259 1684 1526 1739 conscripse-

94 1737 178 1778 rit:
214 1737 415 1793 quodque
436 1737 548 1794 legio
571 1737 734 1780 Martia
761 1747 1010 1793 quartaque,
1034 1753 1201 1780 summo
1231 1740 1389 1792 studi0‚
1411 1742 1526 1798 opti-

95 1807 253 1849 moque
282 1795 324 1834 in
357 1795 665 1851 rempublicam
696 1810 921 1847 consensu,
954 1794 1007 1836 C.
1038 1795 1209 1837 Caesare
1239 1797 1347 1838 duce
1377 1808 1422 1839 et
1451 1807 1569 1840 au-b.

98 1860 231 1903 ctore‚
253 1853 577 1907 rempublicam,
598 1852 840 1894 libertatem
874 1852 1022 1910 populi
1058 1852 1245 1894 Romani
1279 1854 1526 1907 defendant,

96 1906 388 1951 defenderint:
421 1919 465 1951 et
491 1910 607 1965 quod
641 1909 694 1951 C.
724 1909 885 1960 Caesar,
919 1924 995 1965 pro
1029 1921 1227 1966 praetore,
1251 1910 1405 1953 Galliae
1428 1928 1529 1969 pro-

97 1964 252 2006 vinciae
274 1979 373 2006 cum
399 1967 592 2008 exercitu
616 1967 807 2008 subsidio
830 1968 1047 2022 profectus
1077 1969 1160 2009 sit:
1192 1969 1372 2024 equites,
1395 1970 1528 2026 sagit-

97 2022 243 2074 tarios,
257 2022 507 2078 elephantos
530 2024 572 2065 in
592 2038 710 2065 suam
730 2024 964 2080 populique
983 2024 1171 2066 Romani
1186 2036 1443 2081 potestatem
1463 2042 1528 2068 re-

98 2079 278 2135 degerit,
299 2080 637 2135 difficillimoque
659 2081 905 2138 reipublicae
929 2091 1136 2138 tempore,
1158 2083 1282 2124 saluti
1302 2084 1527 2139 dignitati-

98 2149 180 2190 que
202 2136 350 2192 populi
386 2137 571 2179 Romani
597 2139 866 2180 subvenerit:
898 2139 955 2179 ob
977 2153 1046 2179 eas
1079 2154 1228 2180 causas
1250 2142 1414 2182 senatui
1437 2142 1527 2198 pla-

95 2207 205 2244 cere,
240 2192 292 2234 C.
327 2193 556 2246 Caesarem,
593 2195 688 2237 Caii
721 2196 871 2247 filium,
904 2196 1168 2252 pontificem,
1202 2208 1526 2254 propraetorem,

96 2260 334 2293 senatorem
368 2265 473 2303 esse,
496 2254 834 2308 sententiamque
867 2252 963 2294 loco
987 2255 1189 2309 praetorio
1211 2254 1381 2306 dicere3
1412 2256 1527 2311 ejus-

96 2321 179 2362 que
211 2309 434 2361 rationem,
464 2311 503 2340 84
521 2323 834 2366 quemcumque
866 2310 1166 2367 magistratum
1198 2322 1434 2368 appeteret,
1466 2314 1528 2355 ita

138 2456 178 2484 80
199 2454 260 2484 diis
281 2455 534 2496 hominibusque]
560 2456 658 2496 vulg.
685 2459 787 2488 omni·
871 2460 911 2488 82
933 2466 1076 2496 magnus
1092 2459 1142 2488 illi
1157 2458 1260 2498 oetati]
1280 2458 1319 2489 In
1328 2458 1404 2490 vat.
1419 2470 1526 2501 reper-

99 2495 175 2525 bus:
198 2506 271 2536 quae
293 2498 430 2528 variatio
455 2508 540 2539 saepe
562 2506 613 2530 est
639 2501 674 2530 in
697 2500 787 2531 libris
829 2504 903 2530 tum
921 2506 971 2530 est
992 2501 1054 2531 illa
1068 2505 1174 2532 oetate.
1196 2508 1374 2540 utrumque
1398 2510 1526 2534 rectum

101 2544 216 2568 notata
229 2543 263 2568 et
276 2545 433 2570 correcta.
831 2545 893 2572 est.

143 2583 179 2611 81
204 2581 240 2610 in
269 2582 518 2621 adm—agrum
547 2583 708 2614 Picenum
734 2585 792 2614 Ιια-
877 2586 916 2614 83
947 2584 1109 2625 pontifex]
1156 2585 1283 2625 Nempe
1325 2585 1364 2616 C.
1404 2585 1524 2622 Caesar,

102 2622 169 2653 buit
191 2623 349 2662 amicum]
374 2624 496 2664 Quidni
514 2626 707 2666 recipiamus
726 2627 793 2656 evi·
834 2636 931 2665 quem
967 2636 1182 2658 successorem
1216 2629 1276 2657 sibi
1307 2626 1525 2658 destinaverat

101 2664 234 2694 dentem
256 2667 492 2696 correctionem
507 2667 586 2698 Ant.
599 2668 790 2707 Augustin„
832 2668 1021 2706 Octavium,
1058 2679 1132 2699 eum
1168 2675 1296 2700 mature
1331 2669 1524 2700 Pontificem

36 2728 43 2733 .
101 2707 245 2737 amicum
259 2707 311 2737 hic
323 2708 514 2747 corrigentis
528 2719 586 2749 pro
600 2712 769 2740 inimicum
780 2725 789 2740 .-
834 2715 973 2748 crearat,
988 2717 1124 2741 auctore
1136 2711 1260 2742 Velleio
1277 2711 1323 2748 11,
1341 2714 1390 2745 59.

100 2748 185 2787 quod
199 2753 248 2779 est
270 2749 366 2789 plane
387 2751 560 2781 sententiae
575 2758 608 2782 ct
629 2752 701 2783 loco
715 2763 793 2783 con-
877 2755 919 2783 84
941 2762 1162 2792 quemcunque
1176 2763 1266 2792 mag.
1285 2755 1527 2793 appetet—lege

101 2791 250 2822 trarium.
277 2791 359 2822 Edd.
388 2801 437 2832 pr.
464 2792 588 2826 habent
613 2797 792 2835 munitam,
835 2794 1271 2836 liceret—quaestorfleisset]
1298 2795 1337 2825 ln
1360 2795 1409 2826 his
1431 2797 1526 2826 vitio-

101 2832 185 2870 quod
201 2841 267 2865 non
281 2839 329 2868 est
346 2844 404 2876 pro
419 2833 502 2868 loco.
832 2846 906 2869 sum
916 2842 966 2872 est
977 2838 1080 2880 primo
1088 2843 1228 2879 appetet.-
1242 2847 1318 2871 nam
1327 2842 1384 2871 aut
1393 2843 1527 2879 appetat
