1769 3174
261 96 338 131 916
829 92 1078 129 ORATIO

180 190 387 238 QOlestia
407 195 619 251 quandam
653 203 796 237 tamen
829 196 1101 252 dignitatem.
1164 194 1253 236 Hic
1284 209 1399 245 vero,
1422 194 1474 235 de
1496 207 1582 248 quo
1611 206 1696 250 ego

203 253 356 309 421pse
386 261 472 293 tam
495 253 630 294 multa
658 268 771 294 nunc
793 253 906 303 dico,
940 253 1045 309 proh
1068 253 1127 294 dii
1152 252 1438 293 immortales!
1471 250 1572 305 quid
1603 252 1698 292 est?

265 310 367 364 quid
401 311 538 352 valet?
569 310 671 365 quid
702 310 840 360 affert,
865 319 911 350 ut
945 319 1064 350 tanta
1094 310 1260 359 civitas,
1284 311 1323 339 85
1340 309 1372 348 si
1405 307 1530 348 cadet
1562 306 1697 362 (quod

264 367 324 408 (lii
359 381 484 408 omen
516 368 746 418 obruantl)
781 383 806 407 a
838 367 928 407 viro
960 377 1102 407 tamen
1131 366 1332 407 confecta
1369 365 1590 405 videatur?
1621 363 1696 418 qui

266 432 365 480 post
387 425 518 480 patris
539 433 738 473 mortem,
763 424 941 479 primam
965 423 1080 464 illam
1112 423 1328 464 aetatulam
1354 436 1473 462 suam
1505 420 1557 461 ad
1580 418 1700 461 scur'-
1737 416 1750 453 2⁴

264 495 407 521 rarum
427 482 707 537 locupletium
727 480 925 520 libidines
945 480 1122 521 detulit:
1156 493 1338 534 quorum
1371 477 1702 532 intemperantia

265 537 455 593 expleta,
487 539 529 578 in
564 537 812 578 domesticis
843 547 907 576 est
943 537 1238 592 germanitatis
1270 535 1428 590 stupris
1461 534 1698 575 volutatus:
1731 554 1735 566 ι

266 595 533 649 deindejam
553 596 769 644 robustus,
790 593 1025 649 provinciae
1050 607 1092 633 se
1123 607 1172 633 ac
1205 592 1263 633 rei
1285 592 1458 632 militari
1483 591 1616 640 dedit,
1637 599 1703 632 at·
1733 633 1746 647 .-

266 667 350 706 qnc
373 652 429 692 ibi
454 652 686 707 piratarum
712 649 995 691 contumelias
1029 664 1268 706 perpessus,
1290 649 1420 689 etiam
1443 647 1630 689 Cilicum
1653 646 1704 688 li-
1744 689 1750 702 K

267 708 436 749 bidines
470 709 844 761 Barbarorumque
876 707 1073 748 satiavit:
1108 717 1218 762 post,
1241 706 1434 746 exercitu
1460 704 1509 746 L.
1534 703 1702 745 Luculli
1742 701 1769 740 s·

266 765 513 815 sollicitato,
537 780 610 821 per
633 764 867 806 nefandum
891 763 1043 814 scelus,
1066 763 1181 819 fugit
1202 763 1334 813 illinc,
1359 762 1613 816 Romaeque,
1637 774 1702 801 re·
1738 775 1743 809 ζ

266 823 381 863 centi
414 822 598 863 adventu
623 837 714 872 suo,
738 836 835 862 cum
860 820 1113 876 propinquis
1145 821 1230 860 suis
1252 819 1427 870 decidit,
1450 833 1503 859 ne
1523 832 1616 859 reos
1638 817 1703 858 fa·
1734 835 1743 865 ξ,

268 888 405 919 ceret:
438 895 461 919 a
486 878 674 920 Catilina
699 878 921 934 pecuniam
949 878 1130 932 accepit,
1153 888 1201 917 ut
1231 876 1477 932 turpissime
1499 874 1704 931 praevari-

267 946 450 977 caretur.
484 936 581 977 inde
611 950 709 976 cum
734 935 921 975 Murena
953 948 996 974 se
1028 935 1069 974 in
1103 934 1287 975 Galliam
1310 933 1518 974 contulit:
1550 947 1594 972 ln
1617 946 1704 987 qua
1746 942 1766 970 ’.-

267 993 493 1048 provincia
514 1002 780 1033 mortuorum
807 1000 1063 1032 testamenta
1080 990 1350 1046 conscripsit,
1369 989 1556 1046 pupillos
1577 1003 1704 1030 neca·

270 1050 347 1100 vit,
377 1049 560 1090 nefarias
591 1064 690 1090 cum
722 1048 868 1088 multis
900 1048 1105 1089 scelerum
1140 1049 1360 1103 pactiones
1391 1047 1704 1100 societatesque
1751 1079 1763 1098 ⁴.

270 1107 493 1147 conflavit.
514 1107 626 1147 unde
648 1116 695 1146 ut
718 1106 858 1155 rediit,
873 1114 1086 1160 quaestum
1110 1104 1226 1145 illum
1247 1104 1436 1145 maxime
1449 1102 1705 1144 foecundum
1752 1111 1769 1150 ¹:ss

269 1164 544 1218 uberemque,
576 1173 875 1218 campestrem,
910 1173 1046 1202 totum
1071 1161 1123 1202 ad
1146 1176 1189 1202 se
1221 1163 1281 1202 ita
1302 1161 1482 1217 redegit,
1505 1168 1553 1200 ut
1574 1159 1706 1201 homo
1748 1154 1769 1192 3?

274 1220 492 1276 popularis
515 1221 554 1251 86
568 1219 785 1260 fraudaret
817 1218 1134 1275 improbissime
1166 1217 1388 1274 populum,
1419 1217 1619 1272 idemque
1642 1216 1707 1258 vir
1751 1220 1758 1251 ἑ

273 1277 459 1317 clemens
480 1277 685 1317 divisores
704 1277 897 1317 omnium
921 1277 1109 1317 tribuum
1129 1276 1245 1316 domi
1268 1276 1359 1330 ipse
1391 1289 1479 1316 suae.
1502 1273 1706 1315 crudelis-

205 1339 255 1372 43
270 1334 377 1374 sima
399 1344 535 1374 morte
567 1344 788 1375 mactaret.
853 1332 1016 1374 Exorta
1049 1342 1113 1372 cst
1146 1332 1231 1382 illa,
1262 1331 1526 1387 reipublicae,
1558 1331 1703 1382 sacris,

267 1390 565 1445 religionibus,
601 1391 849 1432 auctoritati
889 1400 1056 1440 vestrae,
1092 1389 1271 1444 judiciis
1307 1388 1492 1444 publicis
1534 1387 1705 1428 funesta

266 1458 507 1502 quaestura:
551 1448 594 1488 in
630 1463 715 1503 qua
754 1448 866 1488 idem
897 1447 976 1488 iste
1011 1448 1112 1496 deos
1147 1446 1441 1501 hominesque,
1479 1445 1701 1502 pudorem,

266 1504 536 1560 pudicitiam,
579 1515 750 1546 senatus
783 1504 1099 1554 auctoritatem,
1130 1503 1218 1558 jus,
1252 1502 1330 1554 fas,
1362 1503 1493 1559 leges,
1517 1502 1700 1558 judicia,

266 1561 460 1602 violavit.
522 1560 665 1617 Atque
684 1562 756 1602 hic
769 1562 806 1602 ei
827 1561 982 1616 gradus
997 1566 1042 1613 (o
1059 1560 1214 1601 nilsera
1235 1569 1444 1615 tempora,
1468 1559 1704 1614 stultasque

267 1628 433 1659 nostras
475 1618 708 1660 discordias
726 1620 754 1669 !)
801 1618 850 1659 P.
885 1617 1040 1659 Clodio
1079 1617 1235 1673 gradus
1283 1617 1335 1658 ad
1374 1616 1702 1673 rempublicam,

133 1685 166 1716 Ρ·
183 1675 388 1716 ‘254871150
411 1675 518 1731 prim
528 1691 572 1716 us
594 1686 658 1716 est
680 1676 819 1716 aditus
843 1675 894 1716 ad
917 1674 1462 1731 popularemjactationem
1479 1683 1608 1729 atque
1627 1673 1703 1714 ad-

268 1747 454 1773 scensus.
511 1733 623 1773 Nam
642 1732 710 1773 Ti.
735 1731 936 1773 Graccho
960 1732 1124 1773 invidia
1142 1731 1400 1772 Numantini
1424 1730 1615 1780 foederis,
1631 1729 1703 1771 cui

266 1789 473 1840 feriendo,
496 1799 685 1845 quaestor
706 1788 757 1830 C.
783 1789 979 1830 Mancini
1012 1788 1198 1829 consulis
1229 1803 1328 1829 cum
1350 1796 1475 1838 esset,
1497 1785 1702 1828 interfue-

266 1857 344 1896 rat,
368 1856 411 1887 et
442 1846 483 1886 in
516 1861 567 1887 eo
599 1847 763 1888 foedere
797 1846 1081 1902 improbando
1108 1854 1280 1886 senatus
1311 1845 1532 1895 severitas,
1564 1843 1703 1885 dolori

264 1913 308 1943 et
332 1904 473 1944 timori
498 1903 582 1944 fuit
601 1921 609 1945 :
644 1904 809 1958 istaque
831 1917 895 1944 res
919 1903 1051 1952 illum,
1074 1903 1229 1944 fortem
1251 1911 1294 1943 et
1315 1902 1478 1943 clarum
1500 1901 1655 1952 virum,
1677 1915 1703 1942 a

265 1961 478 2016 gravitate
510 1970 680 2016 patrum
711 1960 946 2001 desciscere
978 1960 1140 2016 co'e'git.
1202 1959 1254 2000 C.
1279 1969 1422 2000 autem
1454 1958 1704 2000 Gracchum

264 2032 379 2057 mors
404 2017 604 2069 fraterna,
631 2019 780 2074 pietas,
803 2017 939 2068 dolor,
961 2017 1218 2073 magnitudo
1250 2016 1398 2067 animi,
1421 2015 1474 2057 ad
1496 2024 1704 2071 expeten-

263 2075 338 2114 das
358 2074 583 2115 domestici
607 2075 828 2131 sanguinis
848 2089 1000 2130 poenas
1015 2073 1238 2115 excitavit.
1273 2073 1567 2123 Saturninum,
1586 2071 1702 2127 quod

264 2131 306 2171 in
340 2146 522 2172 annonae
554 2133 732 2173 caritate
763 2141 1022 2186 quaestorem
1052 2134 1090 2162 88
1106 2146 1131 2171 a
1152 2146 1227 2171 sua
1249 2129 1529 2171 frumentaria
1546 2143 1702 2186 procu-

264 2188 431 2229 ratione
472 2198 642 2230 senatus
680 2189 857 2238 amovit,
896 2189 1021 2244 eique
1055 2188 1113 2228 rei
1148 2186 1215 2228 M.
1248 2187 1456 2228 Scaurum
1490 2185 1700 2242 praefecit,

265 2244 438 2295 scimus,
454 2245 600 2286 dolore
623 2247 784 2287 factum
800 2260 891 2287 esse
906 2245 1170 2301 popularem.
1206 2244 1446 2298 Sulpicium
1464 2244 1518 2284 ab
1537 2243 1704 2299 optima

266 2316 395 2342 causa
418 2303 674 2358 profectum,
700 2302 894 2358 Caioque
915 2302 1050 2353 Julio,
1077 2301 1348 2342 consulatum
1370 2303 1409 2335 89
1420 2309 1572 2349 contra
1588 2300 1704 2356 leges

179 2351 246 2397 21
266 2361 445 2413 petenti,
478 2360 761 2410 resistentem,
794 2359 981 2415 longius,
1013 2373 1142 2414 quam
1165 2358 1315 2408 voluit,
1347 2356 1567 2414 popularis
1600 2371 1704 2398 aura

200 2423 252 2456 44
264 2416 481 2471 provexit.
537 2416 638 2457 Fuit
661 2417 703 2457 in
722 2416 788 2457 his
812 2417 1012 2457 omnibus
1036 2430 1178 2466 causa,
1202 2415 1282 2456 etsi
1306 2423 1392 2455 non
1409 2415 1545 2470 justa,
1567 2413 1703 2467 (nulla

304 2531 343 2559 85
366 2530 393 2559 si
409 2529 515 2568 cadet]
534 2530 601 2559 Scr.
618 2530 646 2559 si
661 2529 759 2559 cadat
772 2530 788 2558 ?
998 2538 1087 2564 enm,
1104 2532 1140 2558 ut
1157 2528 1362 2567 Quaestorem
1375 2528 1575 2564 Ostiensem,
1598 2527 1700 2567 perti-

304 2570 542 2611 ‘db'sruaclaret
556 2572 691 2611 improb.
704 2571 795 2610 pop]
815 2571 956 2602 Pecunia
999 2572 1109 2601 nebat.
1155 2571 1224 2600 tiri
1241 2570 1371 2609 quidam
1395 2570 1483 2600 docti
1504 2580 1567 2600 sua
1588 2568 1699 2599 delen-

259 2622 310 2649 ca,
325 2623 397 2652 ‹311ae
413 2613 533 2653 populo
555 2614 653 2644 dixidi
670 2614 819 2650 debebat,
837 2623 894 2653 per
908 2613 957 2643 di·
998 2613 1076 2642 dum
1099 2618 1320 2652 putaverunt:
1353 2622 1429 2642 nain
1451 2621 1528 2643 sane
1551 2611 1698 2651 languet.

259 2655 378 2684 visor-vs
393 2655 432 2685 ad
446 2665 479 2685 sc
494 2665 660 2686 conversa.
999 2655 1080 2684 milii
1103 2661 1215 2684 tamen
1227 2655 1464 2694 χ’νιιίιιεηεανία
1486 2654 1589 2693 magis
1612 2653 1699 2693 glos-

299 2701 337 2731 87
362 2699 393 2727 h.
404 2707 458 2737 pr.
473 2702 519 2727 esc
541 2697 878 2736 aditus—adscensus]
904 2698 954 2727 De
997 2706 1065 2727 sam
1082 2697 1180 2736 sapit.

255 2748 290 2769 rc
316 2740 483 2779 praeterita
511 2749 617 2770 sermo
646 2745 708 2771 est.
753 2742 804 2769 An
832 2739 953 2770 excidit
1039 2741 1079 2772 89
1100 2743 1215 2769 contra
1231 2740 1315 2777 leg-es
1331 2738 1470 2778 petenti]
1495 2739 1573 2768 Post
1596 2736 1696 2767 aedili-

241 2782 449 2821 βῙὶιειηεροεῐ
467 2783 660 2812 adscensus?
994 2785 1114 2816 tatem,
1143 2791 1218 2813 cum
1248 2780 1394 2812 nondum
1424 2786 1546 2822 praetor
1569 2780 1692 2811 fnisset.

287 2826 326 2855 88
343 2822 796 2865 asuastwn.procuratione]
814 2823 897 2864 Quae
911 2824 952 2856 ad
993 2823 1165 2855 Asconius.
