1785 3185
425 94 427 96 Ι
450 125 802 167 PHILIPPICA
827 123 1075 163 DECIMA.
1381 125 1476 161 1381

54 246 141 277 ram
164 231 317 283 Italiae,
339 244 547 286 suumque
567 230 605 270 ei
629 227 875 285 praesidium
899 227 1138 282 pollicetur.
1182 228 1219 258 21
1239 226 1385 277 Quod,
1407 227 1481 282 qui

52 293 106 333 ab
138 289 209 330 illo
242 289 417 330 abducit
449 287 701 335 exercitum,
722 295 766 325 et
796 293 1038 339 respectum
1068 282 1418 338 pulcherrimum,
1440 291 1484 324 et

53 346 299 405 praesidium
331 344 622 384 firmissimum
657 341 810 383 adimit
841 339 1104 396 reipublicae.
1166 338 1375 394 Equidem
1410 355 1484 382 cu·
1499 351 1547 384 10

69 405 142 455 ›i0,
165 403 259 444 haec
280 402 596 458 quamprimum
619 399 858 440 Antonium
887 396 1047 447 audire,
1070 404 1118 436 ut
1148 395 1374 452 intelligat,
1397 411 1484 438 non

74 461 114 502 ).
138 460 334 509 Brutum,
356 473 483 513 quem
506 456 615 500 vallo
645 455 942 505 circumsedet,
964 453 1037 495 sed
1069 452 1254 508 seipsum
1283 453 1484 494 obsideri.

54 517 156 559 Tria
177 525 293 558 tenet
313 516 475 571 oppida
495 524 588 556 toto
612 515 654 554 in
679 514 782 554 orbe
814 522 1016 553 terrorum
1040 526 1048 552 :
1082 510 1211 551 habet
1243 507 1532 555 inimicissi-5

55 588 169 615 mam
200 573 416 615 Galliam:
448 587 520 613 eos
549 571 694 621 etiam,
716 570 871 625 quibus
901 568 1161 617 confidebat,
1191 566 1487 618 alienissimos,

55 630 382 687 Transpadanos
404 646 412 671 :
446 629 572 670 Italia
601 628 740 669 omnis
764 626 918 667 infesta
942 635 1033 666 est:
1064 633 1224 666 exterae
1246 624 1442 665 nationes
1464 639 1490 665 a

54 688 194 744 prima
213 702 287 728 ora
320 687 504 728 Graeciae
537 700 669 740 usque
698 685 751 725 ad
774 683 1032 739 JEgyptum,
1054 681 1316 738 optimorum
1338 691 1381 722 et
1403 681 1490 722 for-

58 745 319 786 tissimorum
341 745 501 785 civium
529 741 718 798 imperiis
739 750 782 781 et
804 740 1012 796 praesidiis
1044 748 1256 779 tenentur.
1318 737 1421 779 Erat
1450 739 1489 778 ei

60 816 154 857 spes
177 816 261 842 una
282 802 325 842 in
349 800 400 842 C.
423 800 640 841 Antonio:
673 799 746 854 qui
772 798 953 838 duorum
977 796 1154 837 fratrum
1179 797 1379 837 aetatibus
1404 809 1491 836 me-

59 859 155 900 dius
185 858 449 913 interjectus,
478 856 592 897 vitiis
623 870 720 897 cum
752 865 934 910 utroque
963 855 1184 895 certabat:
1217 855 1258 884 22
1271 854 1359 908 qui,
1383 863 1493 893 tam-

59 929 189 970 quam
210 914 506 956 extruderetur
527 929 551 954 a
574 922 723 954 senatu
751 912 796 952 in
827 910 1148 961 Macedoniam,
1170 918 1213 950 et
1234 925 1320 951 non
1342 920 1493 951 contra

59 972 359 1027 prohiberetur
391 971 621 1027 proficisci,
657 971 717 1010 ita
746 969 948 1010 cucurrit.
1010 968 1121 1015 Quae
1155 977 1400 1023 tempestas,
1431 968 1552 1008 diill

62 1029 344 1071 immortales!
376 1043 472 1083 quae
495 1028 682 1078 flamma,
704 1041 799 1082 quae
824 1026 1013 1076 vastitas,
1032 1040 1127 1081 quae
1153 1027 1283 1081 pestis
1307 1025 1493 1066 Graeciae

62 1086 228 1137 fuisset,
250 1087 289 1117 23
300 1085 381 1127 nisi
404 1085 664 1126 incredibilis
687 1099 736 1125 ac
762 1084 908 1124 divina
930 1083 1063 1124 virtus
1096 1081 1275 1122 furentis
1306 1081 1495 1122 hominis

63 1152 266 1184 conatum
287 1152 416 1198 atque
437 1143 660 1184 audaciam
681 1141 1030 1197 compressisset?
1079 1139 1189 1186 Quae
1212 1139 1404 1180 celeritas
1426 1139 1499 1180 illa

66 1200 221 1242 Bruti?
251 1214 348 1255 quae
370 1203 502 1242 cura?
532 1214 629 1254 quae
654 1199 817 1240 virtus?
860 1197 952 1239 Etsi
975 1211 1028 1238 ne
1051 1196 1103 1239 C.
1122 1196 1294 1251 quidem
1316 1195 1498 1237 Antonii

66 1257 259 1298 celeritas
289 1256 604 1298 contemnenda
633 1265 723 1297 est:
755 1269 882 1311 quem
913 1254 993 1295 nisi
1021 1255 1063 1296 in
1087 1254 1154 1295 via
1175 1253 1402 1295 2⁴caducae
1424 1253 1499 1294 he-

65 1314 266 1355 reditates
287 1314 585 1364 retardassent,
609 1313 770 1354 volasse
791 1327 904 1363 eum,
925 1326 1011 1353 non
1035 1312 1114 1352 iter
1142 1310 1293 1352 fecisse
1321 1311 1498 1352 diceres.

67 1370 187 1412 Alios
209 1371 263 1413 ad
284 1372 507 1427 negotium
540 1371 759 1427 publicum
782 1371 844 1411 ire
864 1384 962 1410 cum
985 1369 1197 1425 cupimus,
1219 1368 1293 1410 vix
1316 1369 1499 1410 solemus

67 1428 319 1469 extrudere:
353 1428 467 1470 hunc
488 1431 528 1459 25
542 1429 773 1469 retinentes
795 1427 1070 1468 extrusimus.
1129 1424 1190 1466 At
1213 1425 1316 1481 quid
1338 1426 1376 1466 ei
1399 1440 1500 1467 cum

66 1485 327 1541 Apollonia?
358 1486 461 1540 quid
483 1500 580 1526 cum
606 1484 879 1540 Dyrrachio?
910 1484 1013 1539 quid
1035 1497 1133 1524 cum
1157 1482 1331 1537 lllyrico
1353 1486 1365 1526 ?
1396 1483 1501 1538 quid

69 1556 169 1583 cum
193 1542 243 1583 P.
266 1542 430 1583 Vatinii
453 1542 720 1598 imperatoris
743 1541 934 1583 exercitu
955 1544 969 1583 ?
1029 1540 1311 1590 Succedebat,
1333 1548 1381 1582 ut
1413 1542 1503 1596 ipse

67 1599 254 1650 dicebat,
283 1598 534 1651 Hortensio.
597 1599 716 1641 Certi
749 1599 854 1640 fines
889 1598 1178 1650 Macedoniae,
1207 1606 1324 1639 certa
1354 1598 1504 1639 condi-

70 1657 147 1707 tio,
171 1656 212 1687 26
227 1667 383 1708 certus,
415 1658 448 1698 si
481 1657 610 1698 modo
643 1666 734 1697 erat
765 1656 890 1707 ullus,
920 1655 1163 1697 exercitus:
1196 1669 1292 1696 cum
1330 1654 1503 1711 Illyrico

73 1727 188 1763 vero,
221 1723 266 1754 et
296 1728 395 1755 cum
427 1714 591 1755 Vatinii
626 1714 868 1770 legionibus
890 1713 992 1768 quid
1025 1722 1116 1754 erat
1144 1711 1371 1755 Antonio?
1429 1711 1503 1764 At,
1518 1717 1566 1755 1‘2

71 1785 126 1811 ne
147 1769 284 1812 Bruto
308 1771 496 1826 quidem.
526 1772 568 1812 id
599 1772 714 1812 e'nim
745 1771 924 1812 fortasse
944 1770 1158 1826 quispiam
1189 1770 1411 1826 improbus
1441 1770 1507 1811 di-

74 1828 201 1869 xerit.
262 1828 423 1869 Omnes
458 1829 664 1885 legioneS,
699 1843 847 1869 omnes
885 1829 1041 1884 copiae,
1069 1842 1165 1883 quae
1199 1828 1359 1883 ubique
1393 1837 1508 1880 sunt,

72 1885 221 1940 populi
256 1884 443 1927 Romani
477 1896 589 1927 sunt.
622 1900 760 1941 neque
792 1886 860 1927 hae
897 1885 1103 1941 legiones,
1139 1899 1236 1940 quae
1272 1884 1339 1925 M.
1369 1883 1510 1926 Anto-

73 1942 194 1982 nium
216 1942 491 1998 reliquerunt,
513 1942 694 1984 Antonii
718 1944 878 1998 potius,
899 1957 1027 1998 quam
1050 1941 1346 1997 &reipublicae
1379 1941 1511 1983 fuisse

73 1998 284 2042 dicentur.
316 1999 458 2041 Omne
479 2001 592 2041 enim
612 2001 826 2041 exercitus
845 2009 888 2041 et
907 1999 1074 2056 imperii
1090 1999 1165 2055 jus
1187 1999 1350 2040 amittit
1369 2000 1418 2051 is,
1435 2000 1509 2055 qui

115 2159 152 2186 21
177 2155 286 2197 Quod,
311 2156 380 2197 qui]
410 2156 519 2198 Quod,
539 2156 614 2187 libri
629 2161 765 2194 veteres,

72 2208 133 2240 pro
147 2208 259 2238 quare.
272 2209 303 2230 v.
318 2203 352 2229 et
367 2199 458 2231 Clav.
472 2200 505 2229 in
520 2199 554 2229 h.
569 2210 599 2229 v.

117 2243 158 2272 522
179 2241 247 2281 qui,
262 2245 419 2281 tanquam
433 2242 507 2282 &c.]
524 2242 579 2281 qui
594 2241 684 2271 abest
699 2241 764 2271 Ms.

76 2283 139 2314 Gu.
153 2289 187 2314 et
201 2287 251 2313 est
265 2283 378 2314 durior
399 2284 530 2315 iteratio
552 2284 766 2322 pronominis.

75 2325 139 2355 Sed
162 2326 262 2356 etiam
279 2327 412 2364 omisso,
428 2337 494 2358 non
512 2327 593 2358 bene
608 2326 770 2356 cohaerere

76 2368 206 2398 videtur
219 2369 336 2399 oratio.

118 2412 159 2444 23
180 2410 391 2441 nisi—virtus
401 2409 554 2450 furentis
571 2411 603 2440 72.
618 2413 771 2440 conatum

76 2452 330 2492 depressisset]
348 2453 491 2493 Quisque
504 2455 645 2493 primum
661 2452 771 2491 legens

79 2498 220 2531 attente,
235 2494 288 2525 hic
304 2505 425 2525 nomen
440 2496 498 2525 viri
515 2501 588 2536 post
604 2496 707 2525 vireas
723 2505 772 2525 re·
811 2508 813 2510 ·

78 2536 198 2575 quirat.
214 2538 363 2575 quoedam
383 2537 567 2578 intelligere
590 2538 703 2578 possis,
718 2537 774 2568 sed

79 2579 278 2610 incredibilis
304 2580 504 2616 adversatur,
530 2579 616 2619 quod
640 2585 773 2610 tantum

81 2621 122 2652 de
145 2621 268 2651 virtute
293 2621 434 2652 hominis
461 2624 540 2653 certi
567 2622 629 2652 dici
653 2627 775 2662 potest.

80 2663 196 2703 ltaque
214 2663 346 2703 quidam
369 2663 443 2694 libri
463 2663 588 2695 habent
614 2663 769 2696 emm-is,-

81 2706 167 2745 quod
176 2711 290 2736 tamen
298 2710 348 2736 est
356 2706 396 2736 ab
410 2706 656 2747 interpolatore.
670 2706 773 2736 Bruti

82 2757 150 2779 esse
164 2748 295 2778 deberet
310 2760 316 2777 :
341 2749 426 2788 quod
443 2752 478 2779 et
491 2749 671 2780 Lambinus
686 2748 775 2779 addi-

83 2789 146 2820 dit.
187 2789 251 2820 Sed
264 2790 334 2820 sine
347 2791 438 2821 libris
453 2791 500 2821 nil
513 2791 640 2822 addam.

125 2834 166 2863 24
186 2832 316 2863 caducoe
330 2833 454 2873 herem]
479 2833 606 2864 Ironice
624 2832 749 2863 dictum
765 2844 772 2862 :

83 2873 278 2907 hereditates
302 2885 362 2917 pro
382 2875 510 2907 caducis
525 2876 584 2907 sibi
599 2875 775 2915 arrogavit.

810 2156 1082 2195 Perstringuntur
1094 2156 1216 2196 rapinae
1229 2155 1373 2187 hominis
1387 2157 1421 2187 in
1437 2157 1507 2199 ipso

809 2199 867 2229 illo
882 2199 1009 2230 itinere.
1025 2199 1065 2229 cf.
1081 2210 1108 2230 c.
1126 2200 1156 2228 6.
1172 2198 1243 2228 init.

851 2243 891 2272 ‘25
913 2242 1085 2272 retinentes
1099 2239 1311 2279 extrusimus]
1337 2239 1428 2272 Dicit
1456 2251 1510 2271 esc-

811 2284 981 2319 trasimzcs,
1003 2284 1079 2323 quia
1103 2283 1150 2314 vis
1177 2282 1247 2320 illa,
1278 2293 1342 2322 qua
1370 2284 1511 2314 uteban-
1539 2289 1555 2318 ,’

811 2331 866 2356 tur
890 2327 924 2356 in
953 2326 1137 2361 retinendo,
1163 2325 1267 2356 valuit
1291 2325 1377 2366 apud
1403 2327 1509 2367 ipsum

813 2367 853 2398 ad
868 2367 1065 2399 exeundum.
1111 2367 1225 2398 Lectio
1250 2367 1320 2398 haec
1334 2373 1384 2398 est
1399 2378 1416 2398 e
1433 2368 1508 2399 Vat.

814 2410 869 2482 alili
892 2420 954 2441 scr.
969 2415 1003 2440 et
1027 2410 1100 2442 edd.
1126 2411 1333 2448 exclusimus,
1348 2410 1434 2450 quod
1461 2411 1510 2441 ni-

814 2453 846 2483 hi
861 2453 873 2482 i
887 2458 947 2483 est.

857 2495 897 2526 26
918 2498 1038 2531 certus,
1052 2495 1081 2525 si
1095 2493 1185 2525 modo
1207 2498 1280 2525 erat
1296 2495 1397 2531 ullus,
1419 2505 1510 2525 exer-

815 2537 912 2576 citus]
941 2538 994 2568 Sic
1019 2547 1036 2567 e
1062 2537 1138 2567 Vat.
1160 2537 1242 2567 bene
1267 2536 1394 2567 editum
1415 2542 1465 2567 est
1490 2547 1511 2568 a

816 2579 942 2609 Faerno
974 2584 1008 2610 et
1037 2579 1120 2609 aliis.
1166 2579 1288 2610 Eodem
1316 2579 1382 2609 fere
1412 2579 1510 2609 modo

817 2623 1004 2660 conjectura
1030 2626 1214 2652 correxerat
1243 2626 1320 2652 aute
1342 2619 1509 2660 vulgatam

813 2663 988 2694 lectionem
1011 2664 1176 2694 Victorius
1194 2664 1271 2694 Var.
1291 2662 1330 2694 L.
1353 2663 1432 2700 ΧΠ,
1459 2665 1508 2693 15.

813 2705 913 2746 Vulg.
938 2710 1046 2737 certus
1070 2706 1172 2736 etiam
1199 2710 1272 2737 erat
1305 2706 1395 2735 illius
1422 2715 1512 2735 exer-

816 2749 912 2780 citus.

858 2794 898 2824 27
923 2792 1003 2831 reip.
1019 2789 1059 2831 f.
1084 2787 1256 2828 dicuntur]
1286 2789 1434 2819 Graevius
1465 2787 1515 2818 di-

817 2837 933 2864 centur
944 2840 1027 2876 «post
1051 2832 1212 2864 Faernum
1236 2835 1269 2862 et
1291 2831 1371 2863 alios
1393 2841 1411 2862 e
1435 2830 1510 2862 Vat.

819 2875 912 2906 bene.
