1785 3185
268 119 370 160 ’,346
861 119 1120 171 ORATIO,

267 222 346 264 tati
377 230 541 274 natum,
571 237 657 264 non
688 224 777 265 otio
808 239 909 266 suo:
962 225 1064 281 quid
1095 224 1185 281 egit
1215 223 1342 274 aliud,
1375 223 1458 264 nisi
1491 232 1540 266 ut
1572 238 1697 281 paene

267 294 447 334 corpore
470 294 547 320 suo
569 281 710 321 Gallia
733 282 977 337 prohiberet
999 282 1237 322 Antonium
1258 285 1272 323 ?
1329 279 1396 320 Ad
1417 280 1531 323 hunc
1551 292 1697 323 utrum

268 335 448 392 legatos,
470 351 522 378 an
544 336 733 394 legiones
763 339 821 379 ire
850 340 1104 394 oportebat?
1162 337 1246 379 Sed
1278 338 1493 393 praeterita
1522 339 1696 379 omitta-

269 406 380 434 mus.
441 393 677 450 Properent
696 395 838 451 legati,
857 395 970 450 quod
996 395 1118 436 video
1141 409 1231 435 esse
1252 394 1464 435 facturos:
1497 409 1572 435 vos
1595 409 1699 451 saga

270 458 431 505 parate.
494 450 570 492 Est
593 452 705 492 enim
729 452 787 492 ita
807 452 1040 501 decretum,
1064 460 1123 500 ut,
1147 452 1178 491 si
1203 451 1271 491 ille
1302 452 1546 492 auctoritati
1578 465 1699 492 sena·-

270 518 340 546 tus
369 521 454 547 non
480 509 701 563 paruisset,
724 509 776 548 ad
801 522 903 562 saga
931 508 1073 548 iretur.
1108 508 1253 548 ibitur.
1285 522 1370 548 non
1397 509 1585 563 parebit:
1618 522 1696 549 nos

273 564 449 604 amissos
473 574 536 604 tot
558 565 646 605 dies
668 564 723 604 rei
747 565 943 619 gcrendae
966 578 1206 618 queremur.

224 639 261 686 4
332 620 431 661 Non
455 631 613 671 metuo,
638 621 844 671 Quirites,
868 635 933 670 ne,
955 635 1053 661 cum
1075 620 1257 661 audierit
1278 619 1507 671 Antonius,
1526 635 1594 662 me
1614 620 1699 662 hoc

275 677 318 718 in
338 687 484 718 senatu
509 688 551 717 et
574 678 614 717 in
640 678 848 718 concione
873 677 1161 728 confirmasse,
1183 691 1414 731 numquam
1440 677 1558 718 illum
1584 677 1701 718 futu-

271 748 365 774 rum
390 735 432 774 in
454 744 624 774 senatus
655 744 882 790 potestate,
904 733 1119 775 refellendi
1148 734 1230 774 mei
1262 748 1402 783 causa,
1426 743 1471 774 ut
1492 747 1573 789 ego
1592 733 1701 774 nihil

272 791 427 832 vidisse
461 791 619 841 videar,
642 801 779 832 vertat
809 805 866 841 se,
890 791 1053 831 senatui
1091 801 1248 847 pareat.
1277 804 1510 845 numquam
1545 789 1698 832 faciet:

270 861 355 888 non
379 848 590 888 invidebit
614 848 713 889 huic
735 862 840 888 mea:
864 847 1035 902 gloriae:
1068 848 1209 899 malet,
1229 862 1296 887 me
1321 849 1556 903 sapientem
1578 861 1604 887 a
1624 861 1700 888 vo-

208 905 351 962 10bis,
381 919 508 959 quam
542 918 584 944 se
615 905 855 945 modestum
886 905 1137 946 existimari.
1208 905 1354 951 Quid?
1396 904 1486 959 ipse
1517 904 1550 944 si
1582 903 1698 954 velit,

268 976 372 1002 num
395 962 520 1002 ctiam
550 961 597 1001 L.
620 961 791 1001 fratrem
817 975 1036 1016 passurum
1055 963 1336 1002 arbitramur?
1369 975 1503 1016 nuper
1524 960 1698 1015 quidem

266 1018 424 1059 dicitur
446 1018 498 1068 ad
520 1017 669 1068 Tibur,
692 1027 738 1058 ut
763 1019 929 1073 opinor,
951 1033 1048 1059 cum
1074 1019 1110 1058 ei
1136 1019 1275 1058 labare
1302 1018 1368 1058 M.
1395 1018 1609 1058 Antonius
1636 1017 1703 1057 vi-

265 1075 450 1125 deretur,
481 1084 663 1116 mortem
700 1074 817 1115 fratri
861 1089 950 1115 esse
991 1075 1227 1116 minitatus,
1291 1074 1487 1115 Etiamne
1518 1074 1572 1115 ab
1614 1074 1699 1116 hoc

266 1131 523 1172 mirmillone
550 1131 742 1172 Asiatico
765 1141 935 1172 senatus
957 1133 1171 1182 mandata,
1195 1132 1431 1186 legatorum
1466 1131 1593 1172 verba
1623 1145 1698 1171 au-

264 1189 462 1230 dientur?
493 1202 571 1230 nec
601 1189 714 1229 enim
739 1188 898 1229 secerni
922 1203 946 1228 a
975 1188 1102 1229 fratre
1126 1189 1296 1244 poterit,
1320 1198 1438 1228 tanta
1461 1189 1696 1244 praesertim

263 1245 534 1286 auctoritate.
582 1260 677 1286 nam
701 1245 772 1286 hic
793 1245 904 1286 inter
928 1244 1019 1286 illos
1042 1245 1272 1287 Africanus
1294 1256 1381 1286 est:
1416 1244 1546 1300 pluris
1567 1245 1698 1285 habe-

261 1309 346 1353 tur,
369 1317 496 1357 quam
522 1302 570 1343 L.
585 1301 834 1353 Trebellius,
850 1302 995 1358 pluris,
1014 1317 1141 1357 quain
1164 1301 1214 1343 T.
1236 1302 1432 1352 Plancus,
1453 1301 1698 1342 adolescens

262 1359 434 1400 nobilis.
487 1362 504 1389 3
523 1359 744 1410 Plancum,
766 1360 837 1414 qui
862 1361 1061 1400 omnibus
1084 1359 1320 1410 sententiis,
1341 1359 1531 1399 maximo
1554 1367 1696 1399 vestro

262 1415 428 1471 plausu,
446 1416 769 1466 condemnatus,
784 1416 927 1457 nescio
942 1417 1159 1471 quomodo
1179 1431 1221 1456 se
1240 1415 1427 1470 conjecit
1447 1416 1489 1456 in
1513 1416 1698 1466 turbam,

264 1481 393 1528 atque
416 1473 476 1513 ita
498 1483 678 1514 moestus
710 1473 850 1524 rediit,
874 1483 921 1514 ut
951 1483 1172 1523 retractus,
1197 1487 1280 1514 non
1314 1486 1503 1513 reversus
1535 1472 1700 1513 videre-

216 1540 349 1582 bspur,
371 1526 432 1571 sic
454 1530 707 1581 contemnit,
731 1539 948 1586 tamquam
973 1531 1005 1570 si
1030 1530 1087 1571 illi
1111 1545 1220 1585 aqua
1240 1539 1283 1570 et
1305 1529 1393 1585 igni
1420 1529 1695 1570 interdictum

267 1587 346 1629 sit:
394 1586 622 1642 aliquando
654 1597 783 1643 negat
806 1589 842 1628 ci
877 1588 1016 1628 locum
1047 1600 1137 1627 esse
1168 1596 1364 1643 oportere
1396 1587 1438 1627 in
1469 1585 1600 1636 curia,
1623 1587 1696 1641 qui

206 1659 251 1693 11
268 1644 504 1685 incenderit
533 1645 710 1686 curiam.
779 1644 892 1685 Nam
941 1643 1198 1685 Trebellium
1244 1643 1363 1684 valde
1397 1643 1491 1698 jam
1532 1642 1696 1698 diligit:

265 1701 414 1743 oderat
447 1709 553 1752 tum,
577 1705 706 1742 9ctum
731 1700 799 1742 illc
823 1701 977 1742 tabulis
1000 1702 1122 1742 novis
1145 1701 1472 1741 adversabatur:
1497 1698 1590 1754 jam
1613 1700 1698 1740 fert

265 1759 308 1799 in
332 1758 481 1809 oculis,
505 1768 730 1814 postquam
756 1759 894 1814 ipsum
918 1757 1172 1799 Trebellium
1202 1757 1309 1799 vidit
1332 1758 1422 1798 sine
1444 1756 1599 1797 tabulis
1623 1771 1700 1798 no-

265 1816 329 1856 vis
349 1815 510 1861 salvum
533 1830 623 1856 esse
643 1830 724 1856 non
750 1830 887 1871 posse.
932 1816 1114 1856 Audisse
1133 1815 1246 1855 enim
1271 1829 1344 1855 vos
1367 1814 1565 1864 arbitror,
1589 1814 1700 1860 Qui-

264 1873 382 1924 rites,
401 1872 514 1927 quod
538 1873 666 1912 etiam
688 1873 829 1913 videre
853 1872 1067 1928 potuistis,
1086 1872 1279 1927 quotidie
1299 1884 1522 1927 sponsores
1543 1879 1588 1911 et
1609 1885 1700 1912 cre-

265 1930 426 1970 ditores
451 1929 499 1970 L.
522 1928 719 1970 Trebellii
743 1929 987 1970 convenire.
1051 1932 1087 1959 ¹0
1103 1929 1142 1970 O
1166 1929 1269 1969 fides
1289 1930 1296 1970 !
1331 1928 1452 1982 [hinc
1481 1927 1595 1968 enim
1621 1941 1698 1982 pu-

265 1997 313 2027 to
335 1986 590 2027 Trebellium
619 1986 816 2026 sumsisse
847 2000 1086 2041 cognomen
1103 1987 1132 2039 2]
1165 2001 1260 2040 quae
1286 1995 1428 2040 potest
1448 1998 1538 2025 esse
1559 1984 1698 2039 major

267 2044 388 2094 fides,
415 2058 544 2098 quam
568 2043 764 2084 fraudare
791 2043 1049 2084 creditores?
1080 2043 1208 2083 domo
1237 2041 1494 2097 profugere?
1525 2050 1699 2097 propter

270 2116 327 2142 aes
359 2101 540 2143 alienum
578 2104 609 2130 11
629 2101 689 2140 ire
719 2101 770 2141 ad
803 2104 945 2142 arma?
996 2100 1069 2140 ubi
1103 2099 1273 2155 plausus
1304 2099 1372 2139 ille
1403 2099 1445 2139 in
1481 2098 1699 2154 triumpho

268 2161 358 2200 cst?
412 2172 525 2213 saepe
548 2157 685 2198 ludis?
723 2157 795 2198 ubi
830 2156 1011 2199 aedilitas
1043 2157 1182 2197 delata
1204 2170 1370 2197 summo
1392 2155 1534 2196 studio
1562 2156 1698 2196 bono-

228 2217 391 2272 frum?
429 2215 523 2270 quis
545 2224 623 2265 est,
645 2215 717 2270 qui
741 2214 856 2255 hunc
879 2229 964 2255 non
995 2228 1094 2254 casu
1127 2213 1346 2253 existimet
1376 2222 1489 2253 recte
1519 2212 1698 2254 fecisse?

208 2263 256 2350 ἕ
271 2272 463 2327 nequitia
487 2282 564 2324 cst,
587 2272 722 2312 scelus
751 2282 830 2312 est.
892 2271 973 2314 Sed
1006 2271 1132 2312 redeo
1162 2270 1215 2312 ad
1247 2283 1410 2310 amores
1440 2268 1699 2324 deliciasque

306 2440 324 2467 8
349 2434 529 2470 Plancum,
553 2435 609 2474 qui
633 2435 675 2474 o.]
710 2435 877 2465 Plancum
903 2435 956 2466 hic

263 2478 370 2510 addidi
393 2487 467 2507 cum
493 2477 621 2506 Graevio
644 2488 662 2506 e
684 2478 760 2508 Vat.
777 2487 852 2507 nam
877 2479 956 2508 alias

999 2436 1130 2475 opinor,
1152 2434 1214 2470 his,
1238 2442 1317 2473 quos
1343 2433 1511 2470 habemus,
1532 2432 1623 2463 libris
1646 2443 1696 2464 re·

999 2479 1091 2507 stitui
1116 2482 1235 2517 potest.
1255 2477 1293 2506 de
1316 2476 1511 2515 cognomine
1524 2475 1694 2513 Trebellii‚

262 2520 429 2551 sententia
447 2528 513 2548 non
538 2524 691 2550 constat:
716 2519 858 2549 culicem
882 2530 956 2550 cum

263 2565 309 2593 sic
322 2562 513 2592 contemnit.-
537 2560 666 2599 longior
681 2562 886 2601 interpositio
903 2563 957 2600 qui

263 2605 471 2634 -m'deretur
494 2603 582 2638 fecit,
604 2609 641 2633 ut
663 2603 834 2633 (excideret.
879 2605 957 2634 Post

262 2647 377 2677 mobilis
391 2651 550 2685 punctum
567 2645 690 2685 scripsi.

305 2693 325 2722 9
347 2698 421 2718 enm
441 2689 462 2716 i.
480 2688 565 2717 tabo.
588 2689 678 2717 novis
700 2687 951 2726 adversabatur]

258 2731 390 2770 'Nempe
416 2729 591 2760 Dolabella
615 2729 740 2759 serente
768 2729 806 2759 de
835 2729 955 2759 tabulis

261 2773 355 2802 novis
372 2772 405 2801 in
417 2773 600 2802 tribunatu.

308 2817 344 2844 lO
371 2814 518 2855 Ofirles!
544 2813 862 2852 [hinc—cognomen]
892 2813 954 2843 Hic

261 2856 351 2888 locus
368 2857 436 2887 sine
462 2855 559 2886 dubio
575 2856 709 2886 vitiosus
733 2861 781 2887 est
795 2867 804 2885 :
831 2864 902 2894 nec,
918 2861 953 2886 ut

999 2520 1084 2557 quod
1099 2530 1118 2549 a
1136 2519 1198 2549 fide
1215 2519 1350 2548 ductum
1374 2518 1428 2554 sit,
1446 2516 1529 2548 nihil
1551 2522 1693 2549 constat.

1000 2562 1044 2591 Et
1070 2568 1182 2591 tamen
1207 2570 1275 2590 esse
1300 2560 1422 2598 aliquid
1447 2559 1572 2589 dictum
1598 2569 1697 2600 opor-

999 2604 1079 2639 tuit,
1095 2610 1152 2633 aut
1168 2612 1250 2640 csse,
1264 2601 1349 2632 unde
1363 2602 1476 2632 Cicero
1490 2601 1695 2633 mentionem

1001 2645 1074 2675 fidei
1097 2645 1235 2674 duxerit.
1281 2645 1343 2674 Pro
1364 2646 1439 2674 hinc
1461 2643 1533 2673 edd.
1551 2652 1600 2683 pr.
1625 2645 1693 2675 hoc.

998 2687 1100 2718 Aldus
1116 2686 1204 2717 dedit
1221 2687 1306 2716 hinc.

1045 2732 1077 2758 ll
1102 2730 1212 2758 venire
1234 2729 1280 2758 ad
1294 2727 1409 2766 arma]
1435 2727 1595 2767 Rescripsi
1617 2736 1693 2757 cum

998 2772 1126 2801 Grau-‘10
1151 2772 1219 2803 ire;
1244 2779 1442 2810 quamquam
1463 2781 1481 2800 e
1502 2769 1695 2808 conjectura

1000 2813 1146 2843 Ferrarii.
1163 2822 1238 2842 nam
1254 2817 1302 2843 est
1319 2811 1486 2851 proprium
1499 2812 1534 2842 in
1548 2812 1608 2843 hac
1621 2819 1694 2844 sen-

998 2855 1267 2893 tentiares-buin,
1283 2864 1350 2886 non
1369 2854 1489 2885 venire.
