1785 3185
154 658 283 707 llri.

229 105 326 141 1202
362 145 368 152 ,

227 204 502 246 constitutus.

821 101 1071 141 ORATIO

564 204 775 248 Odiosum
805 205 1028 270 negotium
1062 205 1270 247 Postumo
1304 206 1551 248 videbatur:
1586 203 1659 244 sed

227 273 319 302 enat
340 261 455 303 nulla
475 262 650 304 omnino
674 264 898 304 recusatio.
919 264 1146 305 molestum
1168 264 1296 305 etiam
1316 278 1470 304 nomen
1491 263 1657 318 ipsum.

230 318 301 359 sed
323 333 389 359 res
410 318 598 360 habebat
618 333 774 361 nomen
797 320 880 362 hoc
901 321 1014 377 apud
1038 320 1146 371 illos,
1169 335 1253 361 non
1285 321 1354 361 hic
1384 321 1675 376 imposuerat.

231 375 380 417 oderat
410 376 610 418 vestitum
645 376 775 417 etiam
802 376 946 419 illum.

232 441 414 488 poterat,
440 447 519 475 nec
550 448 704 475 munus
737 433 861 474 tueri.

922 433 1039 490 Ergo
1069 434 1215 475 aderat
1246 434 1324 485 vis,
1357 442 1405 475 ut
1437 434 1496 474 ait
1530 447 1585 488 po

170 489 303 532 29ille
341 499 498 541 noster,
531 505 617 546 quae
655 505 826 531 summas
844 468 1019 554 frangit
1050 490 1309 546 infirmatque
1350 505 1452 545 opes.

233 555 363 598 retur,
403 547 583 603 inquies,
626 561 724 588 narn
766 547 808 587 id
850 548 1054 602 sequitur.

979 377 1051 419 sed
1083 377 1172 418 sine
1203 391 1253 419 eo
1278 391 1356 418 nec
1378 391 1534 418 nomen
1556 373 1658 416 illud

1560 432 1662 474 oeta

1512 489 1660 531 More-

1115 547 1302 588 Fecisset
1333 556 1462 598 certe,
1494 546 1528 587 si
1571 546 1662 586 sine

232 604 423 645 maximo
444 604 664 654 dedecore,
689 611 774 644 tam
805 604 1023 660 impeditis
1044 605 1129 644 suis
1151 604 1291 655 rebus,
1313 604 1523 659 potuisset
1543 616 1661 644 emo-

344 661 491 702 Nolite
523 661 655 716 igitur
687 659 903 701 fortunam
936 669 1183 702 conver'tele
1214 660 1259 700 in
1296 660 1492 716 culpam.
1524 673 1661 714 neque

230 717 343 774 regis
383 717 598 773 injuriam,
628 717 755 772 hujus
786 717 945 758 crimen
979 728 1151 774 putare:
1184 732 1262 759 nec
1290 720 1331 752 39
1345 716 1571 758 consilium
1606 729 1660 756 ex

226 775 494 826 necessitate,
517 788 595 815 nec
632 774 896 816 voluntatem
928 789 982 816 ex
1017 790 1057 816 vt
1101 775 1395 831 interpretari:
1427 773 1509 814 nisi
1550 772 1662 813 forte

226 845 299 873 eos
320 831 465 883 etiam,
486 832 558 887 qui
585 831 626 871 in
650 830 808 881 hostes,
831 839 905 872 aut
935 832 978 872 in
1013 832 1234 888 praedones
1262 830 1505 881 inciderint,
1528 829 1562 870 si
1586 828 1662 870 ali-

227 897 291 930 ter
322 889 545 946 quippiam
579 887 718 929 coacti
756 887 930 940 faciant,
960 892 1141 944 40quam
1180 888 1325 939 libere,
1359 886 1661 944 vituperandos

225 955 364 1002 putes.

426 945 566 986 Nemo
589 944 783 985 nostrsnn
806 945 991 1001 ignorat,
1013 947 1180 987 etiamsi
1202 945 1369 1001 experti
1392 960 1478 986 non
1502 957 1661 1007 sumus,

225 1001 578 1044 consuetudinem
600 1002 778 1108 reffiam.
822 978 1008 1058 t>Regum
1035 1016 1179 1044 autem
1209 1003 1304 1044 haec
1336 1011 1434 1043 sunt
1467 1000 1661 1066 imperia,

224 1058 416 1101 animadz
420 1065 525 1099 erte.-
555 1067 597 1098 et

664 1066 741 1099 tcto
759 1072 886 1113 pam:
918 1069 975 1110 ct,
998 1063 1032 1090 4¹·
1052 1067 1202 1115 praeter
1229 1060 1451 1116 mgitatum
1480 1074 1512 1100 ει
1543 1072 1662 1113 quap-

217 1116 360 1171 piam.-
391 1126 434 1156 et
455 1115 537 1157 illae
559 1116 706 1167 minae,
727 1116 762 1156 si
783 1123 821 1157 te
840 1116 1009 1158 secundo
1032 1116 1182 1158 lumine
1202 1116 1266 1158 laic
1272 1096 1501 1172 Doffendero,
1524 1114 1662 1155 Mori-

225 1186 301 1214 ere.
325 1187 421 1228 quae
443 1187 544 1224 non,
567 1181 615 1214 ut
637 1172 896 1214 delectemur
918 1173 1069 1226 solnm,
1092 1174 1232 1229 legere
1254 1183 1297 1215 et
1320 1183 1511 1230 spectare
1531 1172 1660 1213 debe-

226 1245 341 1281 mus,
360 1230 432 1271 sed
454 1238 502 1270 ut
523 1244 673 1271 cavere
694 1231 822 1271 etiam
839 1241 884 1272 et
905 1230 1094 1285 effugere
1115 1208 1342 1273 discamus.

165 1297 218 1329 30
284 1286 345 1327 At
375 1301 430 1327 ex
461 1286 544 1329 hoc
577 1288 671 1343 ipso
713 1288 873 1328 crimen
915 1291 1121 1329 exoritur.

1180 1288 1257 1329 Ait
1290 1288 1418 1337 enim,
1440 1286 1542 1326 dum
1574 1285 1664 1326 Ga-

182 1345 211 1376 b
230 1344 349 1385 binio
372 1345 600 1409 pecuniam
628 1344 857 1385 Postumus
891 1356 1065 1401 cogelet
1086 1348 1127 1377 42
1140 1360 1194 1386 ex
1218 1345 1407 1386 decumis
1431 1344 1662 1398 imperato-

225 1415 334 1453 lum,
355 1402 582 1457 pecunianl
604 1402 684 1442 Sibi
708 1416 917 1458 COCngSC.

975 1403 1074 1444 Non
1098 1402 1308 1458 intelligo,
1330 1403 1413 1442 hoc
1435 1400 1558 1455 quale
1581 1399 1659 1440 sit:

225 1468 368 1499 utrum
398 1473 687 1499 lecessmnem
729 1459 937 1508 decuma,
972 1462 1073 1501 43nt
1105 1461 1239 1501 nostri
1271 1460 1409 1500 iffaoffle
1443 1467 1663 1499 coactores

226 1515 364 1557 solent
384 1517 657 1558 centesimae:
689 1531 742 1557 an
765 1507 1055 1559 decessionem
1078 1517 1130 1559 de
1162 1531 1328 1558 summa
1349 1514 1512 1557 fecerit.
1535 1515 1568 1554 si
1592 1529 1662 1555 ac-

268 1631 308 1662 39
331 1629 498 1659 consilium
525 1639 564 1659 ec
586 1631 924 1660 necessitate—inter-

222 1671 368 1712 pretari]
393 1671 414 1700 i.
429 1681 458 1701 e.
474 1671 701 1702 necessitatem
725 1671 842 1702 habere
865 1682 924 1712 pro

229 1713 381 1749 consilio,
393 1714 458 1743 vim
475 1723 533 1753 pro
546 1714 727 1744 voluntate.
744 1713 803 1743 Est
814 1715 924 1753 paullo

228 1755 341 1786 durius
356 1755 492 1791 dictum,
508 1755 563 1785 sed
579 1760 613 1786 et
629 1755 707 1786 alibi
723 1757 894 1795 reperitur.

271 1799 313 1827 40
334 1806 434 1836 quam
457 1797 565 1834 libere,
580 1799 684 1837 vitup.
697 1797 807 1837 putes]
834 1798 923 1828 Grae-

229 1839 299 1868 vius
313 1840 453 1879 putabat
468 1839 560 1870 liberi
574 1839 768 1879 legendum:
794 1849 923 1880 nempe,

229 1887 269 1911 ut
283 1888 470 1921 opponatur
485 1883 526 1922 τῷ
541 1883 653 1912 coacti.
667 1882 753 1921 quod
775 1886 810 1912 et
833 1893 866 1913 in
886 1883 924 1912 li—

231 1924 302 1953 bere
330 1923 471 1962 intelligi
497 1929 616 1964 potest.
661 1923 723 1954 Sed
750 1934 808 1964 pro
829 1929 926 1964 putes

230 1966 300 1995 sine
315 1965 413 1995 dubio
428 1964 602 2004 legendum
612 1967 718 2005 puteti
708 1976 744 1996 <.s

273 2011 309 2037 Η
333 2012 456 2046 prater
491 2009 673 2056 rogitatum
704 2010 732 2038 ,ςὲ
769 2008 921 2047 querwe]

232 2049 314 2079 Edd.
330 2059 378 2089 pi.
392 2055 546 2089 corrupte
561 2054 595 2080 et
607 2051 675 2080 sine
687 2058 796 2087 sensu,
811 2051 924 2090 sitpc'e.

231 2090 412 2130 'Vulgarum
425 2101 563 2131 quer-ar:²
575 2096 625 2122 est
640 2092 680 2122 ab
695 2091 790 2122 Aldo.
822 2093 928 2122 Hoto.

233 2143 374 2163 mannus
396 2133 430 2163 in
453 2133 535 2164 eod.
561 2143 621 2164 suo
645 2134 759 2165 habuit
783 2137 926 2174 loquare,

232 2175 318 2214 quod
345 2175 525 2206 Lambinus
552 2176 684 2224 recepit.
743 2175 803 2207 Ed.
830 2177 926 2208 Junt.

233 2217 378 2257 optime:
412 2218 440 2247 εἰ
467 2219 645 2257 quippzam.
672 2218 758 2257 quod
787 2219 928 2258 recipere

234 2268 303 2290 non
317 2258 473 2289 dubitavi.
490 2260 628 2300 abrupte
642 2259 772 2291 locutus
787 2263 836 2291 est
852 2265 929 2301 poe-

236 2307 284 2337 ta,
300 2299 479 2337 eleganter.

277 2345 318 2374 ⁴12
340 2353 379 2372 ex
406 2343 548 2374 decumis
568 2343 819 2383 imperatorum]
845 2344 929 2375 Mihi

236 2394 362 2424 quoque
375 2384 439 2415 ista.
452 2384 575 2424 legenti
590 2385 764 2425 aliquando
787 2386 821 2416 in
840 2396 931 2417 meu-

237 2431 308 2458 tem
343 2427 445 2464 venit,
474 2426 647 2465 legendum
680 2428 862 2467 imperatis,
894 2434 931 2459 ut

240 2468 416 2506 Lambino‚
432 2472 471 2498 ut
492 2469 646 2499 Patricio,
691 2470 754 2499 Sed
778 2470 810 2499 in
832 2471 931 2509 impe-

236 2515 393 2542 ratorum
428 2510 678 2550 intelligendum
713 2521 789 2541 cum
826 2512 932 2542 Hoto-

240 2562 364 2584 manno
380 2554 589 2589 tributorum,
605 2558 643 2582 ut
658 2557 748 2592 patet
763 2563 779 2583 e
795 2562 930 2592 sequen-

236 2595 342 2631 tibus,
375 2596 431 2625 ubi
466 2594 584 2625 diserte
619 2600 930 2627 commemorantur.

240 2635 311 2667 Nec
338 2636 485 2667 decumae
512 2637 737 2668 frumentaria:
759 2637 812 2666 hie
838 2644 928 2675 sunt,

238 2679 295 2710 sed
323 2679 529 2718 pecuniariae,
554 2684 592 2709 ut
615 2679 737 2718 pariter
760 2680 930 2717 sequentia

236 2721 366 2752 docent.
405 2721 554 2752 Alterum
564 2722 742 2761 pecuniam
754 2720 928 2752 delendum

235 2763 426 2799 esse‚facile
440 2764 570 2803 largiar.
611 2762 675 2793 Res
697 2767 770 2793 tota
791 2768 841 2793 cst
869 2764 928 2794 hu-

227 2805 384 2844 jusmodi.
430 2806 606 2836 Pecuniam
617 2804 774 2844 grandem
788 2805 928 2836 Gabinio

236 2847 430 2886 promiserat
456 2848 666 2885 Ptolemaeus,
692 2852 730 2878 ut
751 2856 785 2877 se
814 2848 849 2879 in
877 2857 926 2880 re-

967 1640 1070 1669 gnum
1100 1630 1279 1666 reduceret,
1307 1639 1382 1659 cum
1418 1629 1533 1659 Romae
1565 1628 1663 1658 nimis

968 1677 1180 1703 cunctaretur
1212 1678 1345 1702 senatus
1381 1671 1413 1700 in
1449 1671 1487 1700 de
1491 1670 1663 1701 verrendo.

968 1714 1050 1754 Ejus
1064 1715 1211 1755 pecunia
1225 1713 1435 1744 conficiendae
1458 1723 1495 1742 ca
1498 1722 1554 1742 usa
1568 1718 1662 1743 erant

967 1767 1023 1796 pec
1027 1757 1134 1786 uniae
1128 1757 1297 1796 imperatae
1312 1754 1499 1785 civitatibus
1509 1755 1593 1794 AE‘gv
1595 1755 1660 1794 pti:

966 1799 1011 1828 eis
1026 1799 1074 1829 exi
1079 1808 1139 1837 gen
1144 1798 1191 1827 115
1204 1804 1313 1828 antem
1329 1798 1497 1837 praeposit·
1488 1807 1522 1825 ,5
1538 1797 1664 1827 Rabiri-

966 1851 1016 1875 us,
1030 1841 1179 1870 mre-retes
1195 1841 1300 1879 regius
1305 1863 1311 1870 .
1343 1840 1406 1870 Hic
1421 1838 1511 1877 diceb
1515 1845 1572 1868 ..nt
1587 1848 1663 1868 eum

968 1882 1124 1913 addidisse
1147 1883 1314 1922 imperatis
1338 1892 1357 1911 a
1379 1890 1452 1919 rege
1477 1879 1662 1917 decumam,

968 1936 987 1964 p
983 1935 1026 1954 ·ro
1041 1924 1215 1954 corollario
1228 1931 1376 1956 exactam
1399 1933 1467 1952 esse
1483 1933 1500 1952 a
1517 1923 1662 1960 Rabirio,

967 1976 1064 2005 quam
1080 1967 1145 2006 ipse
1161 1972 1290 2007 caperet
1305 1976 1360 2005 pro
1375 1965 1485 1995 labore
1500 1965 1661 2003 exigendi.

1009 2011 1049 2039 43
1075 2013 1111 2038 ut
1132 2009 1356 2049 nostrifacere
1371 2012 1531 2037 coactores
1550 2010 1663 2044 solent,

968 2050 1159 2090 cemesimcz]
1186 2051 1236 2081 De
1251 2054 1438 2080 coactorum
1459 2049 1557 2080 Rom.
1573 2059 1663 2079 more

968 2092 1031 2123 hoc
1048 2092 1197 2133 exempla
1222 2092 1329 2123 multa
1355 2092 1440 2131 apud
1470 2092 1661 2121 Ciceronem

969 2134 1393 2172 sunt¹v⁷err.111‚33.s.ibi
1416 2144 1443 2163 e.
1467 2136 1517 2163 20.
1542 2140 1591 2163 est
1614 2143 1662 2163 co-

968 2178 1143 2208 rollarium
1169 2186 1356 2211 nummum,
1379 2174 1462 2215 quod
1485 2184 1581 2214 super
1603 2185 1664 2205 nu.

971 2228 1100 2249 merum
1120 2218 1304 2259 legitimum
1331 2217 1487 2250 frumenti
1518 2217 1662 2249 daretur.

969 2260 1056 2291 Tum
1071 2260 1196 2291 clarum
1211 2260 1396 2300 exemplum
1413 2266 1461 2289 est
1476 2261 1663 2290 centesimae

970 2308 1090 2332 sumtze
1112 2303 1189 2333 ibid.
1215 2303 1248 2332 in
1275 2301 1407 2332 decimis
1431 2302 1664 2334 frumentariis.

973 2354 1032 2375 nee
1061 2350 1174 2375 tamen
1202 2344 1257 2375 illc
1286 2353 1440 2374 numerus
1469 2349 1576 2373 certus
1605 2351 1664 2377 aut

973 2390 1161 2427 perpetuus.
1178 2396 1254 2416 nam
1277 2395 1342 2416 non
1358 2395 1470 2415 omnes
1486 2386 1546 2416 hoe
1561 2388 1665 2418 corol-

975 2429 1054 2458 lario
1074 2429 1222 2458 contenti
1246 2428 1343 2458 fnisse
1366 2429 1583 2467 reperiuntur.
1607 2440 1665 2469 pro

971 2471 1162 2506 centesimoe,
1177 2470 1263 2510 quod
1285 2470 1444 2500 Gruterus
1460 2476 1532 2510 post
1545 2470 1664 2504 Lamb.

974 2512 1087 2549 edidit,
1105 2513 1250 2542 Graevins
1277 2513 1420 2552 reposuit
1448 2515 1621 2544 centesima
1645 2525 1663 2545 c

972 2553 1054 2584 Mss.
1070 2560 1103 2585 et
1118 2554 1190 2584 edd.
1205 2558 1287 2584 vett.
1303 2553 1383 2584 mihi
1398 2555 1497 2584 etiam
1514 2557 1661 2595 spurium

972 2596 1100 2626 videtur
1122 2601 1155 2626 ct
1181 2607 1199 2626 a
1224 2595 1330 2635 glossa
1351 2600 1479 2627 natum.
1495 2606 1571 2627 nam
1596 2608 1663 2630 non

971 2642 1040 2667 tam
1057 2638 1096 2668 de
1111 2639 1236 2669 ratione
1252 2638 1414 2668 corollarii
1431 2638 1471 2668 ad
1486 2648 1661 2675 summam,

972 2690 1069 2718 quam
1085 2681 1122 2710 de
1142 2690 1259 2719 genere
1274 2680 1452 2720 accipiendi
1475 2690 1580 2711 sermo
1603 2688 1664 2713 est.

971 2721 1005 2751 Si
1019 2727 1131 2752 tamen
1147 2732 1165 2752 a
1178 2723 1333 2753 Cicerone
1348 2724 1597 2758 est‚centesimae
1610 2733 1665 2754 ve-

971 2773 1044 2794 rum
1072 2770 1121 2794 est
1149 2765 1348 2795 necessario:
1385 2774 1461 2794 nam
1490 2765 1663 2805 respondet

969 2806 1111 2837 decumoe
1123 2811 1157 2838 et
1171 2806 1291 2847 pendet
1305 2817 1343 2838 ex
1355 2807 1574 2839 accessionem.
