1785 3185
252 74 352 107 1310
841 71 1091 118 ORATIO

252 174 324 228 qui
358 173 630 229 intelligeret,
651 175 752 230 quid
785 175 924 217 dicere
947 178 1087 228 vellet,
1109 177 1249 219 adhue
1278 177 1495 219 neminem
1527 177 1688 220 inveni.

188 239 238 273 2‘3
258 230 385 271 Nulla
409 231 650 272 contumelia
672 240 742 283 est,
760 233 1053 291 ³39quamfacil
1075 234 1234 291 (lignus.
1268 234 1461 276 Primum
1484 235 1586 290 quid
1609 244 1689 286 est,

254 287 454 343 Dignus?
485 303 581 329 nam
614 289 742 330 etiam
774 291 885 331 malo
917 292 1037 347 digni
1062 292 1198 343 multi,
1222 292 1333 333 sieut
1355 293 1459 348 ipse.
1481 307 1535 333 un
1557 307 1687 348 quam

254 344 356 386 facit
394 345 444 396 is,
483 345 556 400 qui
592 361 688 387 cum
725 346 938 403 dignitate
975 351 1065 389 cst?
1097 364 1191 403 quae
1232 360 1373 390 autem
1415 358 1557 404 potest
1597 362 1688 389 esse

250 401 416 456 major?
443 403 545 457 quid
567 413 632 444 est
654 418 795 458 porro,
821 404 977 445 Facere
998 405 1332 447 contumeliam-‚³
1354 407 1449 461 quis
1472 406 1533 446 sic
1550 404 1690 460 loqui-

251 462 346 500 tur?
407 459 601 502 Deinde:
637 460 721 501 Nec
753 461 887 512 timor,
918 475 1033 516 quem
1063 460 1277 503 denuntiat
1308 462 1506 503 inimicus.
1570 461 1686 508 Quid

249 518 381 572 ergo?
403 517 457 558 ab
479 517 618 558 amico
642 518 770 557 timor
792 518 1034 558 denuntiari
1059 518 1193 559 solet?
1223 518 1373 560 horum
1398 520 1552 561 similia
1572 519 1691 560 dein-

250 588 365 629 ceps,
428 573 585 615 Nonne
608 574 738 615 satius
760 583 824 614 est
847 584 1012 614 mutum
1033 589 1137 625 esse,
1159 590 1303 629 quam,
1327 576 1441 631 quod
1474 589 1599 617 nemo
1623 576 1688 616 in-

119 630 430 687 p·188-telligat‚
453 631 622 672 dicere?
672 630 751 680 En,
774 645 848 672 cur
870 632 1075 687 magister
1096 631 1203 687 ejus,
1225 646 1279 673 ex
1302 641 1470 673 oratore
1490 635 1531 664 40
1545 643 1686 673 arator

209 686 405 738 ³-factus,
441 688 668 743 possideat,
706 688 747 727 in
782 703 886 744 agro
919 688 1093 743 publico
1124 689 1270 745 populi
1311 688 1514 740 Romani,
1545 691 1687 745 campi

253 745 452 786 Leontini
484 745 570 786 duo
603 744 735 785 millia
759 744 964 800 jugerum
987 746 1221 797 immunia;
1254 755 1300 787 ut
1323 746 1541 787 hominem
1571 747 1690 788 stoli-

186 813 236 846 23
250 802 351 843 dum
385 802 526 858 magis
557 802 688 842 ctiam
722 801 906 843 infatuet
934 803 1129 845 mercede
1159 803 1348 860 publica.
1408 803 1490 844 Sed
1513 803 1609 844 haec
1631 803 1689 844 le-

250 859 370 901 viora
401 859 605 900 fortasse:
638 858 739 899 illud
764 873 926 913 quaero,
960 874 1036 900 cur
1069 869 1156 901 tam
1190 861 1333 901 subito
1366 869 1612 901 mansuetus
1647 860 1689 900 in

250 925 396 957 senatu
431 916 572 966 fuerit,
595 930 693 957 cum
728 915 770 956 in
801 916 952 957 edictis
985 926 1071 958 tam
1094 917 1244 958 fuisset
1267 917 1396 959 ferus.
1418 917 1520 974 quid
1544 926 1688 958 autem

249 974 486 1024 attinuerit,
528 973 577 1014 L.
611 972 777 1024 Cassio,
820 973 994 1015 tribuno
1035 974 1170 1030 plebis
1210 975 1459 1026 fortissimo,
1500 983 1542 1016 et
1584 988 1689 1015 con-

249 1031 513 1073 stantissimo
536 1029 635 1081 civi,
652 1038 834 1071 mortem
857 1031 1124 1082 denuntiare,
1143 1032 1176 1072 si
1200 1033 1241 1073 in
1266 1042 1459 1073 senatum
1480 1031 1687 1072 venisset:

251 1087 307 1128 D.
333 1087 628 1138 Carfulenum,
653 1087 761 1128 bene
792 1087 845 1128 de
876 1087 1096 1144 republica
1126 1089 1398 1140 sentientem,
1418 1103 1442 1130 e
1473 1098 1622 1130 senatu
1647 1088 1689 1129 vi

248 1155 291 1185 et
313 1145 440 1185 minis
463 1144 612 1185 mortis
638 1143 878 1200 expellere:
908 1148 944 1175 4¹
962 1144 1029 1186 Ti.
1054 1145 1306 1198 Canuti-um,
1327 1161 1353 1187 a
1372 1160 1458 1201 quo
1488 1155 1580 1187 erat
1611 1145 1689 1186 ho-

248 1201 501 1243 nestissimis
531 1202 900 1253 contentionibus,
931 1211 974 1243 et
1005 1217 1134 1259 saepe,
1166 1212 1209 1244 et
1233 1203 1347 1258 jure,
1374 1211 1571 1254 vexatus,
1601 1216 1689 1243 non

248 1258 409 1315 templo
433 1258 585 1310 solum,
607 1273 754 1301 verum
776 1259 907 1300 etiam
929 1259 1048 1301 aditu
1073 1259 1298 1317 prohibere
1321 1259 1546 1316 Capitolii.
1603 1258 1686 1300 Cui

249 1316 619 1358 senatusconsulto
652 1331 706 1356 ne
739 1316 1067 1368 intercederent,
1100 1319 1355 1360 verebatur?
1383 1317 1435 1358 de
1474 1315 1690 1373 supplica-

250 1374 382 1425 tione,
414 1374 557 1424 credo,
594 1372 662 1414 M.
688 1373 747 1414 Le
782 1373 855 1426 idi,
890 1373 1112 1416 clarissimi
1139 1375 1234 1415 viri.
1292 1372 1491 1429 42Atque
1524 1374 1567 1415 id
1600 1382 1692 1414 erat

253 1430 505 1486 periculum,
528 1431 581 1472 de
601 1430 725 1486 cujus
751 1389 914 1472 lionore
944 1432 1284 1474 extraordinario
1304 1431 1498 1487 quotidie
1527 1430 1690 1486 aliquid

189 1501 238 1535 24
252 1488 566 1545 cogitabamus,
589 1502 642 1528 ne
661 1488 753 1543 ejus
777 1489 959 1530 usitatus
981 1489 1118 1531 honos
1141 1489 1433 1545 impediretur.
1482 1490 1523 1519 43
1534 1487 1616 1539 Ac,
1637 1502 1691 1528 ne

251 1545 342 1587 sine
374 1560 502 1587 causa
534 1545 750 1587 videretur
783 1545 983 1597 edixisse,
1014 1555 1063 1587 ut
1094 1557 1264 1588 senatus
1294 1546 1486 1598 adesset3
1516 1559 1612 1586 eum
1637 1545 1691 1586 de

250 1602 471 1659 republica
501 1602 708 1644 relaturus
740 1602 904 1654 fuisset,
926 1603 1058 1645 allato
1085 1604 1237 1645 nuntio
1260 1603 1312 1645 de
1331 1602 1503 1659 legione
1524 1610 1691 1658 quarta,

249 1668 395 1701 mente
436 1660 652 1702 concidit:
692 1659 881 1717 effugere
920 1660 1141 1712 festinans,
1178 1659 1594 1702 senatusconsultum
1636 1659 1690 1700 de

251 1717 566 1774 supplicatione
596 1731 670 1773 per
700 1717 1003 1760 discessionem
1035 1718 1154 1770 fecit,
1182 1733 1281 1760 cum
1313 1717 1355 1759 id
1386 1716 1550 1759 factum
1579 1727 1692 1759 esset

252 1786 378 1816 antea
398 1789 648 1830 numquam.

174 1832 240 1881 10
310 1832 421 1879 Quae
459 1846 556 1873 vero
599 1831 811 1888 profectio
853 1834 1031 1889 postea?
1061 1832 1177 1887 quod
1219 1833 1299 1873 iter
1339 1830 1560 1889 paludati?
1591 1845 1689 1886 quae

254 1889 406 1931 vitatio
444 1889 682 1940 oculorum,
716 1889 838 1942 lucis,
871 1890 1002 1941 urbis,
1041 1888 1153 1931 fori?
1209 1904 1338 1944 quam
1372 1889 1528 1930 misera
1558 1888 1691 1944 fuga?

251 1961 381 2002 quam
410 1945 558 1989 foeda?
588 1961 716 2003 quam
738 1947 899 2004 turpis?
932 1947 1136 2004 praeclara
1158 1955 1303 1988 tamen
1323 1946 1694 1988 senatusconsulta

290 2121 331 2155 39
352 2130 452 2159 quam
467 2118 561 2160 facit
583 2119 719 2160 dignm]
744 2131 773 2151 v.
797 2120 888 2152 Clav.
913 2121 947 2151 in

248 2162 379 2200 diguus.

289 2207 331 2234 ⁴0
353 2203 612 2243 arator-factus,
630 2205 813 2244 possideat]
831 2205 946 2236 Delevi

248 2247 302 2284 sit,
316 2251 353 2276 ut
368 2246 471 2276 voluit
496 2247 651 2284 Faernus,
675 2248 753 2278 fecit
776 2248 922 2278 (iraevius
937 2260 944 2278 ε

248 2293 286 2318 ut
302 2288 432 2319 mollius
447 2288 611 2320 cohaereat
626 2290 746 2320 oratio.
791 2290 854 2320 Sed
873 2295 946 2330 post

246 2331 410 2361 'immunia
427 2332 586 2370 majorem
599 2331 845 2362 distinctionem
861 2332 921 2362 feci
935 2344 944 2362 ι

249 2382 352 2411 neque
384 2373 471 2403 enim
500 2375 670 2412 sequentia
696 2383 770 2403 cum
800 2376 947 2413 proxime

247 2414 461 2445 antecedente
495 2415 671 2445 coliffrent.
718 2415 830 2447 luten.
862 2418 948 2446 scili-

247 2462 294 2488 cel
310 2469 318 2486 :
338 2457 424 2495 quod
437 2457 520 2487 solet
536 2458 569 2486 in
585 2459 733 2488 oratione
748 2458 942 2497 elegantiori

247 2499 368 2529 omitti.
414 2499 476 2529 Pro
499 2501 638 2530 stultam
662 2501 762 2530 ctiam
790 2501 942 2531 stolidum

248 2552 286 2572 ex
303 2541 418 2572 Faerni
434 2541 517 2571 libro
532 2542 603 2572 dedi
620 2552 695 2572 cum
711 2542 850 2573 Graevio.
867 2552 942 2572 nani

246 2585 385 2614 stultum
402 2584 505 2614 lenius
528 2591 577 2614 est
594 2594 692 2624 quani
717 2594 774 2624 pro
791 2594 835 2615 re.
851 2589 885 2615 et
898 2585 943 2615 sie

248 2625 328 2657 Mss.
343 2626 382 2656 L.
398 2626 439 2656 H.

287 2671 323 2698 41
353 2668 421 2698 Tib.
438 2668 630 2708 Canutium]
649 2669 701 2698 Sic
717 2679 733 2698 e
750 2668 812 2698 Ms.
828 2673 892 2699 vet.
910 2674 943 2699 et

247 2708 354 2740 Dione
372 2710 548 2747 Ferrarius,
559 2710 675 2741 Lamb.
688 2711 721 2740 J.
734 2710 836 2741 Gron.
853 2711 943 2741 Grae-

245 2753 326 2784 vius.
343 2759 444 2786 recte.
489 2753 541 2783 Sic
563 2757 597 2783 et
619 2753 684 2783 Ma.
699 2752 738 2783 L.
759 2753 945 2794 (Cmmtum

990 2120 1090 2152 habet
1113 2120 1177 2151 Ms.
1193 2120 1252 2160 H.)
1275 2124 1309 2151 et
1333 2119 1398 2151 hue
1413 2120 1501 2152 valet
1521 2121 1622 2150 etiam
1644 2118 1693 2150 le²

989 2164 1055 2194 ctio
1072 2163 1151 2193 olim
1169 2164 1302 2203 vulgata
1321 2163 1501 2194 Tiberinus.

1030 2208 1072 2235 42
1090 2206 1196 2246 Atque
1210 2207 1246 2235 id
1256 2210 1327 2236 erat
1338 2203 1539 2245 periculum]
1560 2203 1687 2234 lronice

989 2247 1126 2279 dictum.
1170 2247 1276 2288 Atque
1292 2253 1341 2278 est
1357 2258 1415 2288 pro
1435 2247 1539 2287 atqui,
1556 2251 1593 2276 ut
1609 2246 1688 2276 alibi

989 2290 1053 2321 Ms.
1071 2290 1114 2321 H.
1128 2290 1182 2320 Ac.

1030 2335 1070 2363 43
1094 2333 1142 2363 Ac
1157 2342 1196 2362 ne
1210 2333 1278 2361 sine
1293 2331 1408 2371 causa]
1436 2331 1516 2361 Haec
1535 2329 1688 2371 periodus

989 2375 1048 2404 sibi
1066 2385 1130 2404 non
1148 2374 1226 2405 satis
1242 2379 1392 2404 constare
1404 2374 1542 2404 videtur.
1566 2372 1688 2403 lnvul-

990 2418 1074 2455 gatis
1098 2418 1198 2447 etiam
1222 2416 1444 2456 interpunctio
1467 2416 1500 2445 in
1525 2415 1684 2455 principio

987 2459 1102 2489 vitiosa
1125 2464 1188 2495 est,
1211 2468 1308 2497 quarn
1332 2458 1468 2488 correxi.
1516 2457 1554 2487 l'n
1578 2457 1686 2487 medio

986 2511 1044 2540 pro
1067 2500 1215 2541 effugere
1227 2500 1410 2540 ‘sk-stimans,
1437 2510 1454 2530 e
1478 2499 1569 2530 libris
1594 2499 1687 2530 bonifl

985 2543 1109 2573 editum
1135 2549 1185 2573 est
1212 2546 1285 2582 post
1312 2542 1472 2573 Faernum
1499 2550 1532 2572 et
1559 2541 1639 2572 alios
1664 2554 1684 2573 a

987 2585 1129 2621 Graevio‚
1156 2589 1187 2615 et
1205 2585 1334 2624 fugere
1351 2584 1542 2623 j'e’stinam:
1566 2583 1620 2614 sed
1652 2583 1685 2614 id

987 2636 1054 2657 rem
1081 2637 1147 2657 non
1170 2627 1316 2657 conficit.
1362 2627 1395 2656 Si
1418 2626 1557 2657 tollatur
1579 2629 1688 2656 mente

985 2669 1134 2706 concidit,
1161 2670 1272 2699 omnia
1299 2668 1417 2699 leniter
1439 2668 1560 2705 fluant,
1583 2673 1618 2698 et
1638 2668 1686 2697 ita

986 2710 1134 2751 effugere
1149 2710 1355 2741 servandum.
1393 2711 1457 2742 Sed
1471 2710 1543 2742 baec
1558 2708 1684 2740 medela.

986 2758 1037 2784 est
1051 2753 1276 2784 vehementior
1283 2754 1388 2794 justo.
