1812 3147
376 151 452 189 AD
477 148 727 192 QUIRITES
754 148 884 188 POST
907 150 1171 189 REDITUM.
1419 152 1496 190 317

59 258 156 309 qua}
197 253 446 310 reipublicae
485 254 697 311 dignitas!
740 269 836 309 quae
870 263 1009 294 vestra
1045 253 1271 308 majestas!
1324 253 1495 301 Quibun

58 324 142 367 ego
163 312 363 352 omnibus
385 320 510 352 antea
532 312 657 352 rebus
680 311 740 352 sic
764 312 949 362 fruebar,
972 319 1019 351 ut
1041 325 1166 351 nemo
1192 311 1343 367 magis.
1380 313 1497 353 4Sed

60 377 279 422 tamquam
308 369 423 410 bona
445 369 885 423 valitudojucundior
907 378 971 409 cst
992 368 1067 418 eis,
1089 368 1162 422 qui
1186 381 1208 408 e
1231 369 1349 423 gravi
1383 382 1496 408 mor-

56 424 115 465 bo
148 426 323 466 recreati
358 436 471 476 sunt,
504 440 632 481 quam
663 426 735 480 qui
770 439 1003 481 numquam
1038 438 1156 480 aegro
1190 439 1368 480 corpore
1403 425 1495 466 fue-

58 490 182 523 runt:
215 484 275 523 sic
304 497 355 523 ea
383 483 529 524 omnia
551 483 789 523 desiderata
822 483 971 538 magis,
993 496 1122 536 quam
1151 481 1318 522 assidue
1348 495 1495 537 perce-

57 547 146 594 pta,
179 538 408 581 delectant.
468 541 686 586 Quorsum
721 540 853 595 igitur
892 540 984 580 baec
1018 539 1219 593 disputo?
1261 528 1536 593 quorsum?2

57 604 106 636 ut
127 595 365 653 intelligere
396 599 582 653 possitis,
607 598 819 638 neminem
852 610 1052 651 uniquam
1079 599 1228 635 5tanta
1249 596 1527 650 eloquentia-5

57 651 203 704 fuisse,
234 668 372 710 neque
403 663 489 695 tam
521 654 668 695 divino
690 664 818 709 atque
851 653 1089 695 incredibili
1124 667 1278 708 genere
1307 653 1494 704 dicendi,

57 710 131 765 qui
166 721 403 752 vestrorum
443 711 784 767 magnitudinem
818 711 1225 765 multitudinemque
1264 710 1495 751 beneficio-

56 781 167 818 rum,
190 783 286 823 quae
310 769 353 809 in
378 783 458 818 me,
481 769 739 824 fratremque
761 783 919 819 meum,
941 778 984 808 et
1015 767 1170 808 liberos
1202 778 1370 808 nostros
1391 782 1495 807 con·

59 823 232 875 tulistis,
256 840 338 866 non
372 826 500 866 modo
523 840 693 882 augere,
718 838 793 866 aut
822 839 972 866 ornare
994 825 1202 875 oratione,
1226 825 1297 866 sed
1320 839 1495 865 enume-

58 895 164 933 rare,
195 893 270 923 aut
300 883 505 938 consequi
542 886 689 938 possit.
748 883 786 923 A
818 882 1082 938 parentibus,
1115 882 1155 922 id
1180 883 1294 937 quod
1325 896 1497 922 necesse

56 947 163 989 erat,
187 939 373 995 6parvus
406 955 497 980 sum
526 948 795 996 procreatus:
829 955 853 980 a
876 940 996 981 vobis
1029 949 1152 979 natus
1185 953 1277 979 suin
1300 939 1496 980 consula-

58 995 130 1036 ris.
192 995 258 1037 Illi
283 997 385 1038 mihi
408 997 596 1048 fratrem,
619 999 904 1054 incognitum,
925 996 1062 1052 qualis
1085 996 1253 1037 futurus
1275 1006 1398 1047 esset,
1421 997 1494 1037 de-

56 1052 234 1095 deruut:
269 1068 343 1095 vos
373 1064 612 1110 spectatum
634 1064 676 1095 et
700 1055 936 1095 incredibili
963 1054 1122 1110 pietate
1143 1054 1367 1110 cognitum
1399 1054 1535 1095 red—P·
1554 1058 1624 1091 199,Δ

56 1108 239 1151 didistis.
301 1111 631 1167 Rempublicam
661 1112 742 1152 illis
773 1112 919 1167 accepi
942 1111 1208 1166 temporibus
1231 1126 1340 1161 eam,
1364 1114 1537 1166 Tquaea.

58 1180 183 1222 paene
209 1168 364 1210 amissa
384 1179 476 1211 est:
508 1184 532 1209 a
556 1170 676 1210 vobis
699 1169 793 1224 jam
817 1170 1079 1224 recuperavi,
1107 1183 1233 1223 quam
1265 1169 1495 1223 aliquando

58 1238 207 1265 omnes
230 1227 354 1267 unius
376 1240 507 1282 opera
528 1237 737 1267 servatam
752 1227 1074 1282 judicaverunt.
1138 1225 1211 1266 Dii
1237 1226 1496 1266 immortales

58 1281 165 1322 mihi
196 1282 352 1324 liberos
382 1283 615 1325 dederunt:
648 1299 723 1325 vos
755 1283 1013 1325 reddidistis.
1075 1281 1219 1323 Multa
1241 1293 1447 1339 praeterea
1474 1299 1498 1324 a

56 1337 139 1379 diis
172 1339 485 1382 immortalibus
517 1350 667 1396 optata
696 1341 915 1382 consecuti
947 1355 1106 1380 sumuS.
1141 1340 1222 1380 nisi
1254 1352 1391 1381 vestra
1423 1355 1497 1380 vo-

57 1393 198 1437 luntas
220 1397 384 1449 fuisset,
407 1398 607 1438 omnibus
627 1399 784 1439 divinis
807 1398 1052 1438 muneribus
1074 1399 1370 1438 caruissemus,
1414 1397 1498 1437 Ve-

60 1461 170 1494 stros
192 1455 375 1510 denique
398 1455 596 1506 honores,
618 1471 725 1510 quos
747 1470 912 1496 eramus
936 1454 1147 1510 gradatim
1172 1455 1362 1511 singulos
1386 1469 1499 1495 asse-

59 1511 165 1561 cuti,
188 1511 301 1553 nunc
327 1527 352 1553 a
376 1513 495 1553 vobis
528 1514 747 1553 universos
781 1513 1013 1554 habemus:
1049 1521 1108 1562 ut,
1133 1523 1340 1566 quantum
1373 1522 1500 1553 antea

59 1568 323 1622 parentibuS‚
344 1581 554 1624 quantum
576 1570 658 1610 diis
682 1570 1010 1619 immortalibus,
1032 1579 1241 1623 quantum
1266 1568 1500 1610 vobismet-

59 1624 179 1680 ipsis,
213 1635 380 1667 tantum
414 1627 498 1669 hoe
531 1637 724 1683 tempore
759 1628 865 1687 guni
906 1626 1067 1683 populo
1113 1626 1311 1667 Romano
1344 1626 1500 1667 debea-

55 1694 166 1723 mus.

117 1738 245 1791 Nam,
267 1754 366 1781 cum
400 1741 443 1781 in
476 1740 568 1797 ipso
591 1741 802 1783 beneficio
827 1749 969 1782 vestro
992 1749 1112 1781 tanta
1141 1739 1396 1796 magnitudo
1419 1748 1533 1793 est,6

57 1804 108 1836 ut
129 1811 222 1838 eam
245 1798 474 1854 complecti
497 1800 691 1840 oratione
719 1813 803 1839 non
837 1798 1021 1855 possim:
1057 1808 1145 1838 tum
1177 1798 1221 1838 in
1253 1798 1404 1838 studiis
1428 1813 1499 1839 ve-

62 1854 159 1895 stris
189 1864 306 1896 tanta
335 1857 576 1897 animorum
599 1857 812 1898 declarata
833 1865 899 1897 est
929 1855 1140 1905 voluntas,
1165 1864 1211 1895 ut
1242 1869 1329 1895 non
1361 1854 1500 1896 solum

58 1910 347 1954 calamitatem
378 1914 484 1955 milii
506 1914 758 1966 detraxisse,
790 1914 863 1955 sed
886 1913 1016 1954 etiam
1039 1913 1298 1968 dignitatem
1330 1912 1502 1953 auxisse

100 2084 123 2114 4
143 2081 212 2114 Sed
224 2087 384 2124 tanquam
399 2085 426 2114 b.
439 2084 485 2124 v.]
503 2084 588 2115 Edd.
605 2094 655 2125 pr.
669 2094 757 2124 quae-

61 2123 138 2156 dam
163 2130 202 2156 ut
222 2126 279 2158 W.
303 2134 337 2157 et
363 2136 425 2157 scr.
450 2127 589 2157 habent:
613 2129 659 2157 sic
684 2132 758 2157 tan·

59 2169 272 2207 quam-sicut
289 2173 459 2208 tanquam.
483 2170 680 2200 alterutrum
704 2169 759 2200 de-

63 2208 161 2240 bebat
188 2212 313 2248 omitti,
349 2221 415 2241 non
443 2219 632 2250 utrumque.
671 2211 759 2242 Tan·

60 2259 159 2291 quam
173 2259 224 2283 est
238 2263 362 2291 verum,
374 2255 458 2284 simet
469 2260 517 2284 est
533 2264 552 2284 a
567 2254 759 2293 glossatore,

63 2302 130 2323 non
145 2298 316 2335 tanquam,
331 2297 418 2334 quod
434 2297 510 2335 quia
529 2297 632 2326 rarius
655 2296 700 2326 sic
714 2296 762 2326 di-

63 2335 162 2373 citur,
189 2336 299 2369 addita
320 2344 371 2369 est
393 2338 500 2378 glossa
523 2340 620 2370 sieut.
664 2338 762 2369 Tusc.

61 2376 105 2415 V,
121 2380 152 2410 5.
176 2383 335 2420 tanquam
351 2382 435 2411 levia
457 2381 605 2420 quoniam
620 2381 699 2411 vina
714 2383 764 2411 ni-

64 2420 114 2451 hic
126 2423 235 2452 valent
256 2424 291 2453 in
305 2433 406 2462 aqua,
423 2423 468 2453 sic
491 2422 675 2453 Stoicorum
689 2425 763 2454 ista.

65 2462 127 2493 &m
167 2463 268 2495 Recte
291 2475 369 2505 ergo
397 2470 556 2504 tanquam
582 2465 697 2495 dedere
723 2466 763 2496 R.

65 2504 124 2577 Brl.
139 2504 227 2537 Med.
245 2507 303 2538 διο.
320 2507 405 2538 male
421 2509 506 2538 sicut
520 2507 667 2538 Graevius
683 2518 766 2548 prae-

66 2548 158 2579 tuit.

82 2615 90 2619 .
110 2591 129 2621 5
152 2594 248 2622 tanta
269 2591 463 2632 eloquentia]
488 2592 552 2623 Ms.
568 2592 632 2623 Gu.
647 2596 686 2622 ut
708 2592 763 2624 Fr.

68 2628 129 2663 Dr.
155 2632 207 2663 ed.
232 2634 284 2664 W.
309 2639 411 2665 tantae
443 2635 639 2675 eloquentioe.
667 2634 765 2665 male.

69 2681 138 2703 non
165 2675 244 2706 sinit
269 2685 405 2716 sequens
430 2676 462 2706 d.
485 2686 604 2716 genere
630 2677 767 2707 dicendi.

70 2723 176 2754 neque
202 2717 313 2748 referri
337 2724 445 2759 potest
466 2720 506 2750 ad
525 2728 644 2758 genus,
667 2723 704 2749 ut
728 2719 767 2749 li-

68 2754 168 2788 brarii
183 2759 334 2791 videntur
347 2766 495 2800 putasse:
520 2761 645 2791 dicendi
661 2770 768 2800 genus

70 2798 204 2837 dicitur,
220 2810 286 2832 non
300 2803 484 2843 eloquentia:
493 2812 608 2842 genus.

105 2842 135 2889 ,6
161 2851 289 2883 parvus
313 2854 339 2875 s.
362 2844 434 2885 pou]
464 2846 611 2875 Graevius
641 2853 771 2887 parvus

71 2883 145 2924 ejici
167 2884 297 2917 volebat
321 2891 454 2918 auctore
479 2887 559 2919 Cod.
587 2887 649 2919 Dr.
672 2887 770 2918 male.

804 2085 992 2116 Consularis
1012 2083 1045 2113 in
1069 2082 1173 2113 altero
1196 2082 1344 2113 membro
1367 2082 1503 2122 requirit

800 2128 834 2157 in
870 2127 932 2157 hoc
967 2125 1103 2164 aliquid,
1133 2126 1185 2155 cui
1216 2129 1415 2165 opponatur.
1461 2125 1506 2156 Id

800 2170 885 2210 quod
898 2179 932 2199 n.
948 2173 1020 2198 erat
1034 2174 1096 2204 est,
1111 2172 1150 2198 ut
1169 2172 1289 2197 natura
1302 2177 1410 2197 rerum
1425 2167 1503 2199 fert.

845 2215 862 2245 7
887 2220 956 2251 quse
976 2219 1071 2251 paene
1099 2210 1220 2240 amissa
1245 2209 1306 2248 est]
1335 2219 1396 2239 scr.
1425 2214 1505 2240 esset

802 2258 861 2285 aut
886 2258 970 2284 erat.
1013 2252 1140 2282 Vitium
1165 2257 1276 2282 ortum
1300 2256 1351 2282 est
1376 2262 1393 2281 e
1415 2261 1506 2282 cotn-

803 2295 935 2337 pendim
957 2300 996 2325 ut
1021 2303 1107 2334 saepe
1129 2294 1218 2324 alibi.
1264 2295 1343 2324 Mox
1367 2293 1447 2324 Mss.
1469 2298 1505 2324 et

805 2338 875 2369 edd.
894 2343 973 2368 vett.
996 2337 1145 2375 quaedam
1161 2345 1216 2376 ope
1229 2341 1265 2366 et
1285 2346 1390 2376 opere.
1423 2335 1505 2367 Vul-

807 2386 920 2420 gatum
936 2379 1062 2409 melius.

849 2426 866 2454 8
889 2423 1068 2452 universim
1082 2425 1196 2452 mma-to
1202 2430 1278 2461 pop.
1295 2420 1354 2460 R.]
1373 2420 1459 2451 Mire
1473 2429 1508 2450 se

806 2469 930 2495 torsere
951 2464 1003 2494 hic
1017 2464 1077 2494 viri
1095 2463 1194 2494 docti.
1239 2463 1353 2493 Cicero
1368 2463 1508 2493 scribere

808 2507 934 2543 debuit,
958 2511 993 2536 et
1014 2507 1060 2536 sie
1083 2505 1153 2536 sine
1174 2505 1273 2536 dubio
1287 2505 1429 2545 scripsit,
1449 2505 1510 2534 um'

802 2551 924 2590 pupulo
948 2548 991 2579 R.
1014 2549 1194 2589 opponitur
1217 2548 1305 2578 enim
1329 2547 1391 2577 diis
1416 2548 1509 2577 imm.

802 2591 1011 2632 parentibus,
1028 2591 1267 2630 vobismetipsis.
1304 2589 1366 2619 Sed
1379 2590 1511 2619 unic-er-

808 2635 884 2671 sim,
909 2643 969 2673 pro
996 2643 1060 2672 quo
1088 2633 1163 2662 libri
1188 2631 1319 2672 quidam
1347 2632 1511 2667 universo,

810 2675 874 2706 Gu.
902 2676 1105 2711 universum,
1131 2681 1256 2704 temere
1281 2678 1392 2703 ortum
1418 2676 1469 2701 est
1492 2682 1511 2702 e

811 2718 908 2748 verbo
924 2718 1097 2752 universis,
1114 2716 1201 2756 quod
1223 2725 1291 2746 non
1313 2715 1410 2753 longe
1434 2714 1512 2744 hine

809 2761 914 2797 abest,
935 2764 1050 2798 estque
1073 2760 1236 2799 ineptum.
1287 2755 1406 2788 Cuncto
1421 2756 1513 2786 abest

810 2803 911 2832 etiarn
932 2812 953 2832 a
975 2801 1054 2833 Mss.
1078 2800 1285 2841 quibusdam.
1330 2798 1446 2837 Itaque.
1468 2797 1514 2827 sie

811 2844 981 2874 edidimus.

730 2933 859 2969 3113
