1817 3169
237 119 336 154 1088
826 113 1072 153 ORATIO

234 217 398 260 ciorum
424 216 532 259 ratio
551 217 607 259 sit
626 218 790 269 eadem,
810 217 926 274 leges
948 231 1095 260 omnes
1117 219 1156 251 87
1171 216 1256 257 sint
1275 230 1434 257 eversae
1455 229 1506 258 ac
1526 215 1669 273 perdi-

236 285 292 317 tae
316 286 519 316 ciVitatis.
1580 305 1582 310 ,

152 329 224 376 ΞΟ
295 332 546 373 Extremum
579 331 681 373 illud
705 340 782 371 est.
805 346 901 387 ego,
934 331 965 371 si
989 340 1129 372 essent
1161 330 1399 371 inimicitiae
1431 330 1536 371 mihi
1568 344 1668 372 cum

173 401 225 439 47
239 389 290 430 C.
314 389 499 454 Caesare,
528 399 669 430 tamen
707 390 789 429 hoc
821 398 1011 443 tempore
1043 388 1289 443 reipublieae
1321 387 1555 438 consulere,
1587 388 1669 430 ini-

233 446 420 487 michi-is
451 448 492 487 in
529 446 640 487 aliud
676 456 842 500 teinpus
875 459 1085 485 ieservare
1109 445 1515 500 debeiem.posse1n
1538 444 1668 485 etiam

233 518 498 544 summorum
533 503 718 544 xiioruin
752 502 950 565 exemplo
984 501 1230 542 inimicitius
1262 501 1509 556 reipublicae
1541 515 1670 541 causa

232 561 467 625 deponere.
500 560 586 609 secl,
620 574 718 600 cum
753 558 990 599 inimicitiae
1031 557 1190 598 f·ue1int
1230 572 1488 612 numquan13
1520 558 1670 614 opinio

233 619 402 672 injuriae
438 617 646 658 beneflcio
681 615 733 655 sit
764 615 1003 655 exstincta:
1036 614 1247 654 sententia
1274 629 1381 663 mea,
1405 623 1545 669 patres
1567 629 1674 656 con·

234 675 397 730 scripti,
430 675 462 714 si
495 674 682 729 (nouitas
714 669 1162 727 igitu1·C.·Caesaris‚
1195 671 1358 711 homini
1392 671 1603 712 tribuam.
1635 670 1671 712 si

233 731 370 772 honos
409 732 598 785 quidam,
629 739 799 770 senatus
831 727 1074 769 concordiae
1104 727 1267 769 consul
1270 743 1350 769 nn
1382 728 1415 768 si
1438 728 1672 768 auctoritas

234 789 502 829 decretorum
540 796 792 835 vestiQomui
828 785 1114 827 constantiam
1145 785 1305 826 ordinis
1337 785 1380 825 in
1422 784 1573 825 eodem
1604 799 1672 826 or-

234 847 376 886 nando
412 846 665 900 impeiatore
700 844 902 884 servabo:
934 843 968 883 si
1003 850 1209 899 perpetua
1239 842 1348 883 ratio
1376 841 1532 883 Gallici
1558 841 1673 892 belli,

236 902 483 958 reipublicae.
509 901 771 965 pr'oxidebo:
801 901 836 940 si
867 899 1040 955 aliquod
1061 914 1203 941 meum
1228 900 1443 955 plivatum
1464 898 1673 950 officium,

237 974 304 1000 me
333 962 371 990 83
386 974 471 1000 non
512 960 728 1014 ingratum
761 971 852 998 esse
885 957 1116 1012 praestabo.
1191 956 1335 1012 Atque
1373 956 1455 997 hoc
1492 955 1674 997 89velim

237 1017 358 1080 prob
349 1031 419 1057 sue
441 992 656 1066 ‹›112nibtiS‚
680 1023 820 1070 pitres
851 1013 1108 1070 conscripti:
1141 1014 1213 1055 sed
1236 1014 1447 1055 levissime
1469 1012 1618 1064 ἵει-,εισι
1637 1013 1672 1054 si

238 1073 348 1114 forte
380 1080 454 1114 aut
492 1073 542 1112 iis
575 1072 716 1113 minus
755 1072 954 1136 probaro,
985 1085 1058 1125 qul
1091 1086 1234 1112 meum
1278 1071 1515 1120 inimicum,
1548 1084 1675 1126 repu-

237 1139 397 1186 ‹r111nte
429 1138 568 1170 vestra
599 1131 870 1192 auctoritate,
895 1136 1110 1179 texerunt,
1132 1137 1206 1169 aut
1237 1128 1302 1179 iis,
1324 1131 1365 1162 90
1379 1128 1411 1168 si
1435 1128 1508 1183 qui
1530 1142 1674 1169 meum

238 1202 336 1228 cum
361 1187 536 1228 inimico
555 1201 631 1228 suo
650 1186 865 1228 reditum
857 1201 899 1226 in
919 1185 1102 1241 giatiam
1123 1185 1440 1250 vituperabunt,
1457 1199 1555 1225 eum
1577 1185 1676 1241 ipsi,

238 1253 282 1285 et
303 1259 401 1285 cum
424 1258 534 1296 meo,
557 1253 600 1286 et
620 1259 719 1287 cum
744 1258 819 1285 suo
841 1242 1018 1285 inimico
1041 1243 1084 1284 in
1107 1242 1291 1299 gratiam
1321 1257 1407 1284 non
1437 1242 1678 1284 dubitarint

239 1301 390 1342 redire.

280 1418 319 1448 87
341 1415 406 1445 sinc
429 1424 544 1444 eversoe
565 1424 605 1445 ac
622 1423 656 1454 p.
671 1413 715 1454 c.]
742 1414 937 1445 Habeantm·

238 1466 297 1497 pro
313 1455 437 1496 legibus
453 1458 650 1497 comparatis
672 1457 712 1487 ad
726 1457 936 1488 evertendam

238 1499 419 1529 civitatem.
464 1499 497 1529 Si
512 1499 579 1529 tale
592 1499 670 1538 quid
690 1499 729 1529 de
751 1499 790 1529 iis
811 1499 936 1539 legibus

237 1541 343 1571 dicere
367 1540 522 1572 voluisset
542 1546 629 1578 tum,
653 1551 727 1571 cum
756 1541 822 1572 illae
851 1542 936 1581 leges

240 1583 440 1621 ferebantur,
456 1583 602 1620 dixisset,
619 1583 685 1614 sint
706 1584 884 1614 ever-tende
906 1589 937 1614 ee

234 1626 407 1666 perdendae
421 1626 578 1655 civitatis:
597 1635 696 1662 nunc,
707 1635 740 1656 re
755 1626 936 1666 praeterita,

240 1667 321 1697 dixit
335 1677 451 1698 eversae
461 1678 501 1697 ac
508 1668 646 1707 perditae
659 1678 688 1698 c.

978 1417 1047 1444 est:
1077 1422 1191 1444 sensus
1215 1416 1278 1451 est,
1301 1411 1532 1444 demonstrabo
1554 1422 1600 1450 re,
1624 1422 1678 1446 me

978 1465 1046 1487 esse
1061 1463 1204 1496 gratum.

1022 1501 1062 1532 89
1083 1499 1181 1529 velim
1198 1499 1341 1539 probare
1367 1498 1526 1538 omnibus]
1551 1497 1681 1538 Legen-

979 1541 1058 1571 dum
1074 1541 1201 1572 videtur
1210 1541 1359 1581 probari.
1374 1549 1451 1570 nam
1474 1541 1501 1571 si
1523 1540 1679 1571 voluisset

979 1583 1097 1620 dicere,
1107 1592 1140 1614 se
1156 1583 1239 1614 velle
1251 1583 1313 1613 hoc
1329 1582 1424 1613 factis
1438 1582 1676 1619 demonstrare,

980 1625 1112 1656 dixisset
1127 1626 1205 1657 volo.
1248 1624 1310 1656 Ed.
1325 1624 1379 1655 W.
1395 1623 1494 1655 habet
1510 1626 1635 1656 vellem.

1020 1670 1061 1701 90
1082 1668 1110 1697 si
1124 1667 1194 1707 qui]
1219 1666 1365 1697 Graevius
1387 1666 1507 1697 delevit
1526 1668 1554 1697 si
1575 1677 1593 1698 e
1615 1666 1678 1697 Ms.

284 1712 323 1740 88
336 1720 399 1740 nem
414 1711 586 1748 ingratum
595 1710 840 1750 essepraestabo]
854 1709 937 1742 Esse

242 1749 295 1782 hie
318 1762 443 1792 quoque
466 1751 639 1782 delendum
662 1757 754 1792 puto.
780 1753 828 1782 nis
832 1753 839 1781 i
851 1762 936 1792 prce-

242 1794 332 1825 stabo
345 1800 396 1825 est
410 1794 542 1832 cavebo,
554 1792 640 1833 quod
653 1793 693 1824 ab
709 1793 742 1826 h
758 1793 780 1825 l.
792 1795 937 1825 alienum

980 1709 1049 1740 Erf.
1093 1709 1156 1740 Sed
1169 1711 1197 1740 si
1212 1710 1267 1749 qui
1281 1710 1381 1740 etiam
1397 1709 1474 1739 alibi
1497 1710 1542 1739 sic
1558 1710 1679 1750 reperi-

980 1758 1048 1789 tur,
1065 1751 1258 1791 additurque
1280 1749 1469 1782 emolliendi
1494 1762 1603 1790 causa,
1621 1761 1679 1792 per

981 1793 1123 1834 aliquam
1138 1794 1278 1835 speciem
1293 1793 1520 1826 dubitationis.

540 2006 613 2054 M.
646 2005 917 2054 TULLII
956 2005 1381 2055 CICERONIS

924 2115 1002 2141 PRO

418 2192 490 2257 L.
544 2191 1098 2260 CORNELIO
1169 2192 1500 2259 BALBO

547 2327 762 2372 ORATIO,
790 2325 961 2364 SEXTA
987 2326 1058 2363 ET
1081 2324 1382 2366 TRICESIMA.

138 2035 167 2066 p.
187 2028 237 2057 55.

757 2508 1162 2548 ARGUMENTUM.

242 2580 287 2618 L.
305 2578 492 2615 Cornelius
506 2577 644 2613 Balbus
667 2577 871 2613 Gaditanus
879 2577 973 2626 fvit.
1031 2578 1079 2620 Is,
1091 2582 1245 2626 propter
1261 2590 1407 2626 operam
1422 2580 1459 2616 in
1473 2592 1512 2617 re
1528 2582 1686 2623 militari

291 2632 495 2679 proestitam
512 2629 699 2671 Romanis,
719 2643 741 2665 α
761 2631 934 2677 Pompeio
954 2630 1108 2666 donatus
1127 2637 1178 2666 est
1196 2632 1345 2667 civitate
1364 2631 1532 2670 Romana
1549 2647 1591 2670 ex·
1610 2637 1687 2684 lege

295 2682 417 2718 Gellia
448 2682 636 2724 Cornelia,
657 2694 729 2729 qua
761 2682 935 2729 Pompeio
963 2688 1124 2728 poteslas
1151 2685 1325 2730 permissa
1356 2689 1448 2726 erat,
1465 2687 1685 2734 singillatim

294 2735 452 2771 homines
469 2735 512 2770 de
529 2734 670 2769 consilii
687 2736 865 2769 sententia
884 2736 1031 2769 cil-itate
1050 2735 1220 2774 donandi,
1243 2748 1330 2782 quos
1347 2737 1464 2773 vellet.
1519 2739 1575 2774 Eo
1593 2752 1688 2788 prae-

295 2788 365 2822 mio
385 2799 463 2822 cum
482 2791 569 2822 esset
588 2787 802 2833 aliquandiu
823 2799 916 2827 usus,
935 2789 1178 2822 controversia
1196 2788 1228 2822 ei
1246 2793 1345 2824 mota
1364 2793 1415 2824 est
1435 2790 1478 2825 de
1496 2792 1645 2828 civitate
1662 2805 1686 2829 a

298 2839 483 2875 Gaditano
511 2840 678 2887 quodam.
738 2839 775 2875 Is
803 2839 937 2875 duobus
963 2841 1186 2887 argumentis
1212 2845 1292 2877 erat
1322 2852 1417 2881 usus,
1435 2844 1569 2890 primo,
1590 2845 1686 2894 quod
