1785 3185
293 99 393 140 1358
885 102 1134 142 ORATIO

290 204 573 260 cupiditatem
610 206 821 249 infinitam
855 222 955 250 cum
985 207 1162 250 immani
1189 204 1441 249 crudelitate
1461 204 1726 263 jampridem

289 260 476 303 intendit
503 261 742 307 Antonius:
783 266 1015 307 auctoritas
1050 275 1203 316 vestra,
1235 279 1364 319 quam
1397 263 1553 304 nullam
1589 263 1720 304 habe·
1781 290 1783 307 2

290 317 410 368 bitis,
441 320 525 360 nisi
556 335 669 362 nunc
705 325 744 352 ⁴3
759 323 1044 365 retinueritis:
1078 332 1247 363 taetram
1270 333 1314 362 et
1353 319 1598 376 pestiferam
1631 319 1721 360 bel·
1782 354 1783 361 ,

291 373 422 427 luam,
441 390 496 418 ne
525 377 731 420 inclusam
768 388 812 420 et
849 379 1128 420 constrictam
1160 379 1403 428 dimittatis,
1437 386 1600 418 cavete.
1659 374 1722 416 Te
1782 379 1783 385 ’

157 430 448 488 p.214.ipsum‚
470 448 639 485 moneo,
670 435 823 485 Pansa,
857 441 1136 490 (quamquam
1169 449 1255 476 non
1285 449 1385 490 eges
1418 433 1614 483 consilio,
1635 446 1722 487 quo

269 490 403 533 ‘vales
428 491 684 547 plurimum:
717 501 859 533 tamen
892 492 1023 533 etiam
1057 491 1212 532 summi
1237 492 1543 547 gubernatores
1565 491 1608 531 in
1632 503 1722 529 ma-
1783 525 1785 528 .

288 547 385 602 gnis
424 550 751 604 tempestatibus
785 564 809 589 a
847 549 1092 589 vectoribus
1134 547 1352 589 admoneri
1392 548 1571 597 solentz)
1605 547 1722 587 hunc
1783 559 1785 562 ⁴

288 615 456 646 tantum
492 615 614 646 tuum
645 615 914 661 apparatum,
937 614 1110 660 tamque
1147 605 1414 660 praeclarum,
1451 618 1505 645 ne
1531 604 1584 645 ad
1609 603 1723 644 nihi·
1784 639 1785 646 ,

286 660 374 703 lum
399 662 586 704 recidere
609 663 784 717 patiare.
845 661 1033 718 Tempus
1065 661 1195 702 habes
1221 661 1318 711 tale,
1341 660 1464 716 quale
1497 675 1624 702 nemo
1647 660 1723 700 ha-

288 719 383 760 buit
417 733 636 774 umquam.
700 718 798 760 Hac
831 720 1044 775 gravitate
1078 729 1263 769 senatus,
1297 718 1380 759 hoc
1417 717 1559 759 studio
1594 730 1724 772 eque-

288 776 385 816 stris
418 776 593 826 ordinis,
625 775 706 817 hoc
748 776 898 817 ardore
932 775 1078 832 populi
1116 775 1302 816 Romani
1339 784 1459 831 potes
1488 775 1530 814 in
1571 787 1723 830 perpe-

288 840 409 873 tuum
430 832 742 888 rempublicam
774 842 892 874 metu
924 844 966 875 et
1000 833 1189 889 periculo
1213 832 1407 874 liberare.
1468 831 1640 878 Quibus
1669 830 1722 871 de

287 890 412 931 rebus
435 889 588 942 refers3
623 889 672 931 P.
697 890 878 932 Servilio
901 891 1136 932 adsentior.

643 1005 684 1033 43
707 1003 922 1044 retinueritis]
941 1003 1048 1035 Graev.
1062 1014 1080 1034 e
1094 1003 1171 1034 Vat.
1185 1004 1367 1035 tenueritis.

239 1179 269 1210 b.
589 1172 659 1218 M.
712 1172 976 1220 TULLII
1019 1171 1436 1220 CICERONIS

368 1360 462 1425 M.
578 1362 1632 1430 ANTONIUM

519 1468 1046 1525 PHILIPPICA
1100 1470 1463 1525 OCTAVA.

606 1581 835 1620 ORATIO
871 1582 1395 1623 QUINQUAGESIMA.

798 1760 1107 1799 ARGUMENT
1113 1760 1203 1798 UM.

284 1824 429 1862 ‹ilortuo
458 1828 534 1864 Ser.
564 1829 726 1878 Sulpicio
760 1832 797 1865 in
823 1829 1004 1877 legatione
1028 1831 1076 1866 ad
1095 1831 1307 1873 Antonium,
1327 1829 1371 1867 L.
1390 1831 1478 1868 Piso
1509 1837 1543 1868 et
1562 1832 1607 1869 L.
1630 1834 1721 1872 Phi-

330 1880 450 1927 lippus
477 1881 724 1918 intolerabilia
749 1883 936 1929 postulata
965 1883 1008 1918 ab
1036 1883 1197 1918 Antonio
1224 1884 1272 1918 ad
1311 1888 1475 1920 senatum
1505 1886 1719 1925 retulerunt.

335 1931 423 1967 Tam
443 1933 573 1969 bellum
590 1940 734 1970 senatus
752 1936 886 1970 indixit
903 1936 1078 1976 Antonio,
1103 1936 1166 1971 secl
1185 1936 1220 1970 in
1239 1935 1337 1971 SCto
1356 1937 1550 1972 tumultum
1567 1941 1722 1975 nonnul-

330 1985 447 2020 lorum
463 1997 570 2022 suasa.
589 1988 776 2034 appellare
794 1988 924 2023 maluit
948 1999 1058 2035 quam
1075 1988 1218 2023 bellum.
1272 1987 1318 2023 Id
1334 1988 1563 2036 reprehendit
1584 1990 1720 2035 Cicero,

330 2041 516 2084 tamqnam
536 2039 668 2074 leniore
685 2044 824 2081 senatu,
845 2052 954 2087 quam
974 2042 1010 2075 in
1028 2052 1107 2076 eum
1126 2051 1197 2075 esse
1216 2045 1395 2088 oporteat,
1426 2043 1489 2088 qui
1515 2044 1547 2078 ei
1565 2055 1637 2079 non
1652 2057 1720 2092 pa-

327 2094 421 2131 reat,
441 2090 694 2139 Mutinamque
707 2092 822 2128 nihilo
838 2093 982 2139 segnius
994 2097 1077 2140 post
1095 2093 1261 2128 auditam
1280 2092 1508 2140 legationem,
1529 2107 1637 2142 quam
1656 2108 1720 2132 an-

329 2145 400 2181 tea,
419 2149 613 2190 oppugnet.
671 2144 817 2181 Deinde
835 2157 914 2180 cum
935 2144 1082 2185 Caleno,
1101 2144 1218 2181 adhuc
1237 2146 1281 2180 cle
1292 2157 1385 2193 pace
1401 2151 1541 2193 agente,
1568 2152 1604 2183 et
1617 2150 1721 2196 pacis

328 2196 514 2232 commoda
542 2202 853 2237 commemorante,
883 2197 1237 2244 Massiliensiwnque
1263 2199 1449 2234 commoda
1475 2205 1719 2247 oppugnante,

327 2247 451 2282 acerbe
478 2251 708 2295 conqueritur
717 2265 729 2289 ;
759 2254 794 2284 et
821 2250 930 2284 simul
956 2261 1014 2285 eos
1038 2254 1197 2292 accusat,
1216 2251 1279 2297 qui
1305 2250 1498 2286 mittendos
1523 2253 1654 2288 iterum
1673 2254 1722 2289 ad

325 2298 527 2334 Antonium
547 2300 685 2347 legatos
704 2307 924 2337 censuerant.
980 2302 1148 2337 Pisonem
1167 2306 1202 2337 et
1221 2301 1435 2350 Philippum
1452 2304 1628 2351 increpat,
1658 2307 1723 2352 qui

327 2351 503 2386 mandata
536 2354 703 2396 Antonii,
740 2359 927 2400 tamquam
961 2353 1035 2399 ejus
1067 2354 1192 2401 legati,
1222 2366 1293 2389 non
1320 2358 1505 2402 tamquam
1536 2368 1559 2391 a
1592 2362 1721 2392 senatu

326 2403 439 2445 missi,
458 2403 673 2441 retulissent.
730 2405 976 2452 Repreltendit
992 2411 1174 2442 senatores
1193 2406 1353 2441 Antonio
1371 2404 1542 2454 faventes
1555 2422 1571 2444 ε
1601 2409 1719 2444 decer-

326 2455 481 2490 nendum
501 2461 628 2496 censet,
649 2461 690 2492 ut
710 2458 764 2497 iis,
787 2459 848 2504 qui
867 2470 945 2494 cnm
964 2459 1125 2494 Antonio
1151 2459 1239 2499 sint,
1257 2462 1418 2505 potestas
1439 2460 1544 2495 detur
1559 2461 1608 2496 ad
1619 2463 1717 2496 sani-

324 2509 440 2542 tatem
463 2509 635 2545 redeundi
663 2514 747 2544 ante
771 2509 856 2545 Idus
876 2510 1036 2546 Martias
1055 2512 1216 2557 primas.-
1246 2511 1329 2545 bene
1345 2511 1562 2547 merentibus
1587 2515 1719 2560 gratioe

325 2558 552 2608 referantur:
582 2562 829 2610 proficiscendi
849 2563 896 2597 ad
914 2564 1128 2604 Antonium,
1148 2566 1293 2610 excepto
1309 2560 1383 2609 eJ'us
1402 2563 1524 2612 legato
1544 2564 1586 2606 Q.
1608 2564 1717 2601 Vario

332 2609 476 2659 Cotyla,
494 2613 807 2662 neminiflzcullas
826 2616 1054 2651 concedatur.

236 2682 262 2730 1
285 2668 649 2733 CONFUSIUS
679 2691 878 2732 hesterno
909 2691 978 2733 die
1010 2702 1074 2732 est
1095 2699 1192 2732 aeta
1224 2705 1305 2741 reS,
1329 2690 1380 2733 C.
1405 2691 1562 2744 Pansa,
1584 2707 1713 2748 quam

245 2747 529 2804 1postulabat
565 2749 812 2789 institutum
851 2748 1098 2790 consulatus
1131 2748 1210 2789 tui.
1271 2748 1429 2791 Parum
1461 2749 1567 2791 mihi
1602 2751 1716 2792 visus

274 2819 318 2848 es
341 2819 428 2856 e03,
450 2806 606 2861 quibus
630 2806 778 2849 cedere
808 2821 893 2851 non
931 2805 1056 2855 soles,
1086 2806 1309 2850 sustinere.
1371 2806 1486 2850 Nam
1516 2821 1616 2851 cum
1650 2822 1714 2849 se·
