1785 3185
1760 0 1772 79 l

321 101 422 136 1318
914 100 1165 140 ORATIO
1762 99 1772 133 3¹

1764 184 1766 200 Ι

315 209 361 242 et
383 201 635 258 pestiferum
656 219 681 244 a
704 203 935 247 Brundisio
967 204 1035 247 M.
1057 203 1237 247 Antonii
1270 205 1454 247 reditum
1486 205 1746 258 timeremus,
1764 199 1775 256 li

316 257 401 300 hoc
424 259 682 316 insperatum
704 262 904 304 omnibus
932 262 1173 314 consilium,
1197 264 1464 319 incognitum
1488 274 1602 305 certe
1622 277 1747 319 cepe·
1765 260 1775 316 ι’

315 314 387 365 rit,
420 325 468 357 ut
497 318 734 360 exercitum
758 319 966 361 invictum
989 323 1075 361 8ex
1108 320 1295 375 paternis
1326 321 1534 362 militibus
1560 317 1771 383 confice-lU

316 382 395 423 ret,
418 372 683 430 Antoniique
715 376 916 427 furorem,
948 377 1250 418 crudelissimis
1280 377 1469 418 consiliis
1501 377 1771 431 incitatum,l

268 426 342 474 9η
374 431 562 485 pernicie
591 433 840 488 reipublicae
875 443 1098 474 averteret.
1159 434 1268 480 Quis
1302 445 1367 474 est
1395 435 1526 485 enim,
1555 434 1630 490 qui
1660 430 1772 476 hoc*

277 500 401 533 4non
439 488 664 544 intelligat,
699 491 779 530 nisi
812 490 958 531 Caesar
989 490 1226 531 exercitum
1257 491 1505 545 paravisset,
1536 506 1622 533 non
1652 491 1744 533 sine

314 544 451 586 exitio
480 558 628 586 nostro
651 546 841 588 futurum
865 546 1043 587 Antonii
1069 546 1251 587 reditum
1274 546 1431 589 fuisse?
1464 548 1532 589 Ita
1556 549 1671 590 enim
1701 562 1745 590 se
1771 573 1775 604 l

313 601 552 657 recipiebat
590 603 740 644 ardens
779 604 878 644 odio
909 603 1054 654 vestri,
1093 613 1293 644 cruentus
1331 606 1539 660 sanguine
1568 605 1775 657 civium,i

313 671 422 712 quos
446 660 627 710 Suessae,
649 675 756 714 quos
780 660 998 701 Brundisii
1021 660 1251 711 occiderat,
1273 670 1322 701 ut
1343 661 1463 712 nihil,
1486 662 1567 704 nisi
1588 663 1641 704 de
1661 662 1744 704 rei·
1772 666 1777 708 ἲ

312 715 499 770 publicae
531 716 720 772 pernicie
751 718 976 772 cogitaret.
1038 718 1169 764 Quod
1199 727 1341 759 autem
1373 728 1463 759 erat
1493 719 1742 775 praesidium
1774 716 1778 750 ἶ

310 771 459 813 salutis
481 773 778 828 libertatisque
797 783 964 825 vestrae,
988 774 1020 815 si
1045 774 1096 815 C.
1122 774 1304 816 Caesaris
1323 774 1740 831 fortissimorumque
1774 776 1785 832 «1

310 829 374 868 sui
402 830 531 884 patris
554 830 737 871 militum
761 833 974 873 exercitus
997 846 1081 873 non
1107 830 1282 874 fuisset?
1312 832 1436 888 cujus
1455 833 1508 874 de
1528 833 1741 885 laudibus,
1776 829 1785 889 ll

306 893 352 925 et
393 884 644 937 honoribus,
686 888 761 942 qui
803 889 858 939 ei,
898 903 976 944 pro
1007 888 1163 930 divinis
1194 897 1237 930 et
1266 889 1581 931 immortalibus
1612 891 1739 931 rneri-
1778 895 1785 940 f

307 942 377 992 tis,
409 943 543 985 divini
576 944 920 1000 immortalesque
951 946 1173 997 debentur,
1204 946 1310 987 mihi
1343 957 1512 988 senatus
1543 961 1738 988 assensus

308 999 449 1053 paullo
472 1009 571 1041 ante
593 1001 796 1055 decrevit,
827 1013 874 1044 ut
905 1003 1043 1059 primo
1075 1018 1245 1058 quoque
1276 1013 1468 1060 tempore
1498 1004 1737 1045 referretur.
1779 999 1782 1041 ⁴.

269 1056 409 1102 5Quo
446 1057 635 1108 decreto,
671 1058 766 1113 quis
806 1074 890 1101 non
927 1060 1147 1117 perspicit,
1178 1060 1417 1102 Antonium
1449 1061 1615 1103 hostem
1646 1075 1738 1103 esse
1780 1068 1783 1103 ἶ

298 1112 574 1167 judicatum?
615 1130 742 1170 quem
777 1117 892 1158 enim
929 1117 1143 1174 appellare
1175 1132 1401 1174 possumus
1433 1133 1546 1170 eum,
1585 1127 1737 1160 contra
1782 1140 1783 1144 =

303 1184 431 1224 quem
463 1173 535 1226 qui
566 1174 783 1215 exercitus
814 1176 991 1225 ducunt,
1022 1175 1073 1215 iis
1104 1183 1273 1216 senatus
1294 1175 1525 1216 arbitratur
1548 1175 1737 1232 singula·
1782 1182 1784 1202 ²

302 1241 369 1268 res
402 1229 690 1283 exquirendos
720 1231 931 1274 honores?
968 1232 1086 1279 Quid
1120 1232 1234 1289 legio
1265 1231 1455 1274 Martia?
1496 1247 1592 1288 quae
1625 1233 1733 1274 mihi
1784 1285 1785 1291 ἵ

301 1282 472 1325 videtur
493 1286 699 1328 divinitus
721 1289 774 1329 ab
804 1304 855 1330 eo
877 1290 958 1330 deo
980 1289 1160 1330 traxisse
1182 1303 1353 1340 nomen,
1375 1304 1400 1330 a
1416 1304 1502 1345 quo
1526 1289 1734 1346 populum
1784 1309 1785 1346 ;

305 1339 553 1399 Romanum
586 1355 837 1400 generatum
871 1347 1130 1403 accepimus,
1159 1351 1281 1388 9non
1313 1347 1405 1402 ipsa
1434 1347 1521 1388 suis
1551 1346 1733 1388 decretis

304 1399 439 1455 prius,
473 1415 601 1454 quain
639 1415 824 1453 senatus,
863 1403 1030 1445 hostem
1059 1404 1276 1459 judicavit
1312 1403 1579 1445 Antonium?
1618 1417 1733 1455 nam,

308 1455 429 1497 wille
470 1458 501 1497 si
548 1473 632 1498 non
675 1459 837 1502 hostis:
888 1461 958 1516 qui
1003 1461 1221 1503 consulem
1272 1460 1546 1516 reliquerunt,
1587 1459 1731 1502 hostes

298 1526 473 1554 necesse
505 1525 570 1556 cst
594 1516 855 1570 judicemus.
917 1521 949 1548 11
973 1518 1182 1560 Praeclare
1212 1528 1255 1559 et
1285 1518 1396 1569 loco,
1428 1518 1636 1568 Quirites,
1667 1533 1731 1559 re-

299 1569 558 1613 clamatione
586 1581 727 1615 vestra
759 1574 919 1616 factum
952 1575 1286 1632 pulcherrimum
1313 1574 1581 1616 Martialium
1611 1590 1730 1616 com-

298 1628 540 1682 probastis:
580 1630 653 1684 qui
690 1646 732 1672 se
765 1633 815 1673 ad
848 1644 1017 1674 senatus
1051 1633 1366 1682 auctoritatem,
1399 1632 1452 1674 ad
1484 1631 1727 1673 libertatem

298 1693 499 1737 vestram,
532 1686 584 1727 ad
619 1688 858 1730 universam
893 1690 1202 1745 rempublicam
1233 1689 1520 1731 contulerunt.
1561 1689 1727 1730 hostem

264 1739 433 1793 (sillum,
462 1752 503 1783 et
525 1743 749 1797 latronem,
772 1757 814 1787 et
838 1747 1091 1803 parricidam
1124 1749 1272 1803 patriae
1296 1746 1571 1801 reliquerunt.
1634 1746 1728 1788 Nec

251 1798 434 1839 b.solum
469 1800 511 1841 id
550 1801 742 1843 animose
779 1814 822 1845 et
859 1804 1041 1855 sortiter,
1079 1805 1149 1845 sed
1186 1804 1452 1845 considerate
1483 1803 1629 1854 etiam,
1663 1817 1729 1844 sa-

296 1855 548 1912 pienterque
584 1858 792 1901 fecerunt.
852 1861 977 1903 Albae
1010 1862 1312 1911 constiterunt,
1353 1861 1394 1901 in
1432 1860 1536 1901 urbe
1569 1875 1727 1916 oppor-

293 1922 413 1964 tuna,
443 1915 624 1967 munita,
652 1918 907 1973 propinqua,
937 1919 1268 1960 fortissimorum
1300 1918 1503 1968 virorum,
1533 1917 1728 1958 fidelissi-

291 1984 461 2012 morum
484 1972 659 2023 civium,
683 1985 811 2029 atque
833 1976 1110 2031 optimorum.
1174 1975 1318 2030 Hujus
1342 1974 1518 2015 Martiae
1541 1974 1723 2030 legionis

290 2024 406 2082 legio
437 2039 588 2084 quarta
620 2031 787 2072 imitata
819 2034 1036 2084 virtutem,
1067 2033 1175 2073 duce
1210 2033 1257 2073 L.
1292 2031 1563 2087 Egnatuleio,
1594 2045 1722 2086 quem

291 2095 462 2126 senatus
483 2087 638 2127 merito
662 2089 802 2144 paullo
833 2102 931 2131 ante
960 2090 1162 2141 laudavit,
1195 2090 1246 2131 C.
1271 2086 1454 2130 Caesaris
1483 2089 1722 2131 exercitum

292 2143 330 2171 12
345 2154 568 2199 persecuta
589 2153 668 2185 est.

330 2297 348 2325 8
372 2304 412 2324 ex
433 2294 589 2335 Hispanis
612 2299 680 2328 mil.
703 2299 905 2338 conduceret]
932 2300 984 2329 Sic
1027 2300 1144 2339 recepi.

291 2336 368 2366 olini
385 2338 554 2373 edebatur,
570 2347 603 2368 et
620 2340 666 2369 sii:
686 2348 735 2370 cst
756 2341 788 2370 in
804 2341 894 2371 libris
918 2342 984 2381 ple-

289 2379 408 2417 risque,
430 2379 529 2409 etiam
553 2381 660 2412 Guelf.
704 2383 793 2413 Nata
815 2391 865 2413 est
888 2385 984 2414 lectio

287 2431 305 2450 e
322 2421 514 2461 compendio
532 2425 642 2462 panis,
659 2426 744 2464 quod
760 2425 792 2454 in
807 2426 896 2456 libris
911 2427 980 2463 qui-

289 2463 423 2493 busdam
452 2469 533 2494 erat.
582 2465 643 2495 Sed
670 2468 836 2507 Hispanos
864 2470 981 2499 milires

288 2514 386 2535 nemo
414 2505 575 2546 explic-are
605 2511 733 2548 potuit:
775 2520 833 2540 nec
871 2512 980 2541 Caesar

287 2549 440 2578 condus-ic
468 2549 599 2580 milites.
646 2552 759 2591 ltaque
783 2553 885 2591 recepi
905 2563 979 2582 euni

287 2589 358 2620 aliis
387 2589 560 2620 lectionem
590 2593 744 2624 Mavat.
771 2605 810 2624 es·
834 2597 982 2633 paler-nis

287 2633 446 2663 nzililihus
469 2633 657 2672 cmficert’e:
680 2647 751 2675 (μην.
776 2643 809 2666 vt
833 2638 864 2666 in
890 2637 979 2667 Leid.

284 2679 346 2705 est.
389 2675 468 2705 Mox
486 2685 557 2714 poSt
572 2679 692 2708 civium
706 2690 743 2709 ex
760 2679 872 2709 eod‹=m
900 2679 982 2709 libro

282 2716 433 2748 addidere
449 2717 686 2757 Romanorum,
709 2721 796 2760 quod
819 2732 884 2752 non
906 2728 977 2752 erat

281 2767 422 2790 necesse.

320 2806 340 2834 9
363 2811 425 2832 mm
450 2804 534 2843 ipsa]
565 2805 636 2835 Hoc
664 2805 847 2845 elegantius
879 2816 975 2845 quam

276 2851 401 2875 vamme:
425 2846 534 2887 itaque
556 2858 631 2878 cuin
647 2848 774 2879 Graevio
796 2855 870 2889 post
895 2848 976 2880 alios

1075 2345 1109 2371 10
1132 2343 1186 2372 ille
1211 2342 1238 2371 si
1269 2350 1331 2370 non
1359 2342 1391 2371 Ιι.
1419 2341 1474 2380 qui
1501 2339 1599 2379 cons]
1640 2339 1721 2370 Haee

1027 2383 1125 2414 lectio
1147 2383 1340 2422 elegantior,
1365 2392 1460 2422 quam
1490 2392 1561 2420 qum
1583 2393 1602 2412 a
1626 2382 1721 2413 Faer-

1024 2435 1066 2455 no
1082 2433 1115 2456 et
1130 2426 1201 2456 aliis
1224 2426 1323 2455 etiam
1346 2425 1474 2455 Graevio
1490 2429 1620 2464 recepta
1640 2430 1691 2455 est
1707 2436 1715 2454 :

1021 2470 1049 2498 si
1064 2469 1215 2498 ille—laos
1236 2468 1291 2507 qui
1311 2477 1342 2499 c.
1358 2478 1386 2497 r.
1431 2467 1500 2498 Hos
1521 2474 1570 2497 est
1592 2477 1612 2498 a
1633 2467 1719 2507 glos-

1022 2516 1139 2540 satore.

1070 2556 1097 2582 ll
1130 2552 1297 2583 Proeclare
1319 2557 1349 2582 et
1372 2554 1436 2582 Ioco
1451 2552 1599 2592 Quirites
1623 2550 1716 2591 recl-J

1023 2595 1075 2624 sio
1089 2606 1105 2625 e
1123 2594 1211 2625 libris
1235 2594 1421 2624 melioribus
1444 2594 1493 2624 edi
1510 2593 1616 2624 voluit
1631 2593 1716 2623 Gru-

1023 2643 1125 2673 terus,
1142 2643 1180 2667 ut
1203 2642 1296 2677 patet
1317 2647 1334 2666 e
1357 2642 1437 2667 nota
1459 2636 1499 2666 ad
1524 2635 1556 2666 h.
1583 2635 1607 2666 l.
1651 2636 1714 2666 Sed

1025 2689 1130 2719 operm
1161 2689 1226 2709 non
1256 2684 1457 2717 paruerunt3
1492 2687 1551 2708 nec
1575 2678 1714 2708 correxit

1021 2722 1214 2752 Gronovius.
1250 2721 1302 2751 Sic
1316 2726 1349 2751 et
1375 2722 1469 2752 Leid.
1495 2720 1594 2760 Vulg.
1622 2719 1714 2750 Prae-

1019 2766 1112 2794 clara
1127 2769 1157 2793 rt
1173 2766 1339 2794 luculenta.
1354 2766 1427 2795 recl.

1065 2809 1101 2836 12
1119 2810 1291 2845 per-secula
1312 2806 1373 2846 est]
1399 2806 1466 2837 ΜΕ.
1495 2805 1605 2845 Huyd.
1625 2813 1714 2845 pros.

1020 2852 1078 2885 est,
1093 2854 1131 2879 ut
1154 2848 1208 2880 alii
1231 2848 1360 2889 quidam
1382 2854 1417 2880 et
1440 2848 1512 2880 edd.
1537 2851 1614 2879 ante
1642 2847 1716 2878 Fer·
