1812 3147
235 91 314 135 7⁶46
820 91 1070 132 ORATIO

238 209 333 237 rum
358 210 469 239 ccv1
490 198 529 228 45
543 196 691 238 millia.
722 196 835 239 dixit
859 206 1047 240 tantum:
1079 196 1187 239 nihil
1211 197 1414 250 ostendit,
1438 197 1546 241 nihil
1576 212 1676 256 pro⁰

240 253 365 295 tulit:
397 254 468 296 sed
502 254 704 310 adjunxit
733 254 791 306 id,
825 255 938 310 quod
971 265 1099 306 certe,
1122 256 1328 310 quoniam
1351 266 1440 297 erat
1470 258 1676 298 domestic

193 314 353 360 b0cum,
376 310 530 353 docere
560 311 723 363 debuit,
747 326 790 352 se
824 312 1025 367 privatim
1059 312 1358 353 drachmarum
1390 327 1499 355 ccvi
1542 313 1677 354 millia

241 366 421 409 dedisse.
483 368 706 415 Quantum
730 369 809 409 sibi
834 369 1022 410 ablatum
1046 369 1176 410 horno
1197 371 1593 425 impudentissimus
1610 371 1676 411 di·-

176 425 315 476 35cit‚
351 434 516 466 tantum
550 440 783 481 numquam
815 436 880 466 est
913 441 1053 476 ausus,
1086 436 1132 467 ut
1167 426 1358 479 haberet,
1381 439 1544 482 optare.
1604 428 1676 468 Ab

239 481 294 522 A.
320 482 502 524 Sextilio
526 483 632 523 dicit
649 497 691 523 se
710 483 890 532 dedisse,
905 492 948 523 et
970 498 994 523 a
1016 483 1100 523 suis
1125 483 1342 525 fratribus.
1407 485 1556 525 Potuit
1575 485 1679 525 dare

241 539 463 580 Sextilius.
487 554 583 580 nain
610 539 758 580 fratres
776 539 964 594 quidem,
987 549 1207 580 consortes
1240 551 1338 581 sunt
1369 542 1677 582 mendicitatis.

240 595 477 637 Audiamus
501 597 633 652 igitur
656 597 910 637 Sextilium:
944 596 1094 637 fratres
1119 597 1304 652 denique
1335 598 1414 654 ipsi
1443 599 1677 654 prodeant:

239 668 366 708 quam
401 654 558 703 volent,
582 653 852 709 impudenter
882 654 1168 695 mentiantur:
1202 665 1258 705 ct,
1292 656 1407 710 quod
1441 670 1676 710 numquam

237 710 482 761 habuerint,
505 711 671 751 dedisse
703 725 746 751 se
776 710 937 751 dicant.
970 719 1112 752 tamen
1143 711 1302 767 aliquid
1328 711 1507 753 fortasse
1530 727 1676 754 coram

237 768 440 824 producti
460 768 618 818 dicent,
644 768 687 808 in
719 782 803 822 quo
837 767 1216 823 reprehendantur.
1279 769 1379 809 Non
1411 770 1587 820 deduxi,
1610 769 1677 810 in-

237 825 346 880 quit,
386 825 630 866 Sextilium.
691 824 810 865 Cedo
854 824 1034 866 tabulas.
1077 840 1163 866 non
1206 827 1444 882 deportavi.
1506 827 1675 867 Fratres

239 882 388 923 saltem.
412 882 586 923 exhibe.
616 882 658 913 46
672 897 757 922 non
779 882 1052 923 denunciavi.
1117 883 1245 929 Quod
1269 898 1371 940 ergo
1396 898 1504 924 unus
1527 883 1677 924 Ascle-

239 939 400 995 piadeS‚
430 940 601 980 fortuna
624 954 769 995 egens,
794 939 882 980 vita
905 940 1056 995 turpis,
1079 940 1401 982 existimatione
1432 941 1675 992 damnatus,

241 997 509 1053 impudentia
531 1007 660 1052 atque
690 997 869 1037 audacia
890 996 1038 1048 fretus,
1062 998 1152 1038 siue
1181 997 1351 1048 tabulis,
1375 999 1465 1038 sine
1498 1008 1675 1039 auctore

237 1054 455 1109 47jecerit,
477 1054 518 1094 id
551 1069 642 1104 nOS,
676 1054 795 1108 quasi
831 1054 1007 1104 crimen,
1038 1066 1111 1095 aut
1145 1056 1438 1096 testimoninm
1473 1055 1675 1111 pertime-

175 1107 226 1142 36
240 1115 434 1153 scamus?
468 1110 588 1152 Idem
630 1111 934 1162 laudationem,
970 1126 1098 1166 quam
1130 1126 1206 1152 nos
1244 1113 1297 1152 ab
1329 1112 1675 1153 Acmonensibus

239 1168 394 1209 Flacco
416 1169 560 1209 datam
581 1168 917 1224 proferebamus,
942 1167 1090 1209 falsam
1114 1184 1205 1209 esse
1224 1170 1410 1210 dicebat.
1433 1170 1557 1225 cujus
1579 1170 1674 1225 qui-

237 1225 335 1266 dem
371 1225 628 1267 laudationis
653 1225 825 1281 jactura
857 1227 1106 1281 exoptanda
1148 1227 1271 1267 nobis
1307 1227 1403 1267 fuit.
1466 1228 1597 1278 Nam,
1626 1235 1674 1267 ut

237 1283 408 1338 signum
433 1284 653 1339 publicum
670 1283 860 1339 inspexit
883 1283 1112 1339 praeclarus
1135 1284 1214 1324 iste
1238 1294 1388 1325 auctor
1411 1299 1498 1326 suae
1521 1285 1675 1326 civita·

237 1339 306 1391 tis,
343 1340 478 1382 solere
519 1355 616 1382 suos
659 1340 774 1381 cives
813 1349 1064 1396 ceterosque
1101 1340 1294 1392 GraeCOS,
1332 1344 1440 1381 48ex
1480 1350 1674 1398 tempore

235 1397 352 1452 quod
373 1413 481 1454 opus
505 1398 573 1449 sit,
596 1398 826 1454 obsignare
848 1398 975 1439 dixit.
1037 1397 1102 1439 Tu
1126 1413 1227 1439 vero
1251 1398 1328 1439 tibi
1354 1398 1513 1439 habeto
1546 1400 1672 1440 istam

234 1453 541 1497 laudationem.
565 1470 641 1496 nec
663 1456 778 1496 enim
796 1454 1136 1496 Acmonensium
1159 1455 1408 1497 testimonio
1426 1455 1568 1497 Flacci
1584 1456 1674 1497 vita

236 1521 279 1552 et
300 1512 490 1569 dignitas
513 1513 680 1554 nititur.
703 1512 777 1554 das
798 1513 914 1553 enim
935 1513 1058 1564 mihi,
1080 1513 1196 1568 quod
1218 1513 1313 1554 haec
1336 1528 1464 1554 causa
1481 1514 1683 1555 maxime·

233 1570 438 1625 postulat,
468 1569 627 1611 nullam
666 1570 939 1626 gravitatem,
970 1569 1128 1611 nullam
1171 1571 1474 1621 constantiam,
1508 1570 1673 1612 nullum

234 1626 404 1668 firmum
428 1628 471 1669 in
495 1628 647 1683 graecis
671 1627 918 1668 hominibus
941 1627 1183 1679 consilium,
1202 1627 1361 1669 nullam
1378 1628 1562 1683 denique
1581 1642 1672 1669 esse

233 1685 470 1725 testimonii
491 1685 634 1726 fidem.
696 1685 793 1726 Nisi
816 1699 917 1727 vero
935 1684 1144 1726 hactenus
1167 1686 1249 1726 ista
1268 1685 1453 1726 formula
1475 1686 1672 1727 testimo-

231 1741 293 1781 nii
330 1750 459 1797 atque
496 1742 703 1784 orationis
737 1751 823 1784 tuae
856 1745 897 1777 49
911 1742 1096 1784 describi
1129 1758 1179 1784 ac
1210 1743 1419 1799 distingui
1445 1751 1601 1798 potest,
1626 1752 1672 1784 ut

234 1797 390 1841 Flacco
423 1800 589 1841 absenti
621 1799 783 1855 aliquid
814 1799 1012 1842 civitates
1045 1800 1245 1841 tribuisse
1278 1800 1500 1842 dicantur:
1537 1799 1672 1841 Laelio

232 1857 450 1912 praesenti,
473 1871 548 1914 per
572 1873 616 1899 se
645 1857 807 1913 agenti,
832 1857 872 1899 vi
905 1857 1142 1912 legis,jure
1175 1857 1477 1908 accusationis,
1514 1858 1671 1913 opibus

231 1923 440 1969 praeterea
474 1915 559 1956 suis
591 1915 766 1956 terrenti
799 1930 848 1956 ac
877 1914 1076 1967 minanti,
1106 1918 1146 1946 50
1160 1914 1267 1956 nihil
1301 1916 1506 1971 temporis
1543 1929 1685 1956 causa

272 2032 313 2061 45
338 2028 459 2068 millia]
489 2029 552 2060 Hic
569 2035 602 2061 et
618 2034 692 2071 post
716 2030 851 2061 verbum
867 2029 930 2059 hoc
974 2031 1056 2061 bulis
1069 2030 1195 2060 dimisse.
1219 2029 1306 2069 Ergo
1319 2038 1385 2059 non
1394 2029 1476 2068 legit
1488 2032 1545 2059 aut
1554 2027 1672 2058 recita-

230 2071 323 2102 abest
339 2073 418 2103 Mss.
445 2072 651 2111 quibusdam,
673 2073 773 2103 etiam
803 2076 928 2107 nostro,
972 2072 1028 2102 vit.
1061 2072 1176 2111 Itaque
1192 2071 1507 2111 lectionernjecerit,
1523 2080 1597 2108 quae
1621 2074 1672 2100 est

230 2117 265 2144 et
276 2114 349 2145 edd.
366 2125 414 2155 pr.
457 2114 590 2146 Addidit
605 2115 718 2146 Aldus.
749 2117 833 2146 Sane
849 2114 880 2144 id
894 2119 930 2145 et

229 2157 307 2188 alibi
334 2158 491 2188 omissum
513 2162 561 2188 est
586 2159 620 2188 in
644 2157 746 2193 libris,
770 2157 820 2188 vel
841 2156 928 2196 quod

230 2204 345 2231 notam
360 2201 430 2240 ejus
445 2200 533 2231 verbi
550 2210 616 2230 non
642 2200 874 2239 intelligebant
888 2199 928 2229 li-

228 2241 341 2279 brarii,
370 2241 422 2273 vel
450 2243 536 2282 quod
562 2241 670 2272 finalis
703 2242 927 2273 antecedentis

229 2284 317 2314 verbi
333 2295 406 2315 eam
420 2285 636 2325 absorpserat.

272 2327 314 2357 46
335 2337 399 2358 non
413 2327 622 2366 denunt-invi]
642 2337 672 2357 v.
690 2326 781 2358 Clav.
796 2326 828 2355 in
845 2326 879 2356 h.
895 2336 926 2357 v.

230 2367 311 2399 item
328 2369 367 2399 de
382 2370 486 2400 verbis
500 2371 670 2409 deportare
684 2374 719 2399 et
732 2369 889 2399 exhibere.

270 2414 311 2445 47
325 2410 460 2450 jecerit]
489 2412 551 2442 Hic
567 2421 694 2450 quoque
710 2411 783 2441 libri
800 2416 924 2441 veteres

229 2454 360 2493 legerit,
375 2459 413 2484 ut
427 2454 499 2484 aliis
522 2454 613 2489 locis,
631 2464 659 2482 v.
673 2464 700 2483 c.
724 2454 818 2483 Rosc.
830 2453 923 2483 Com.

228 2499 260 2530 9.
285 2497 400 2535 legerit
414 2495 579 2536 explicant
592 2497 731 2525 recitare
743 2496 781 2525 de
795 2495 924 2525 tabulis.

228 2538 361 2568 frustra.
385 2539 532 2569 Crimina
549 2548 612 2567 non
633 2538 814 2568 recitantur
835 2537 872 2567 de
887 2537 926 2566 li-

227 2581 307 2610 teris
321 2585 355 2610 et
376 2580 509 2615 tabulis,
525 2580 580 2611 sed
603 2584 799 2618 argumenta
821 2580 929 2609 criini-

229 2623 279 2652 nis
294 2623 522 2652 confirmandi.
548 2624 632 2653 Sane
648 2622 732 2652 infra
754 2633 782 2652 e.
810 2625 856 2654 17.
880 2625 928 2650 est

227 2665 268 2694 de
277 2666 396 2695 tabulis
404 2666 542 2704 publicis
555 2666 684 2700 recitat,
696 2674 759 2702 quo
772 2664 880 2693 utitur
889 2662 929 2692 ad

227 2706 464 2737 defendendam
477 2707 566 2737 illam
577 2707 751 2736 lectionem
766 2706 922 2735 Graevius.

227 2749 290 2779 Sed
306 2750 348 2779 ibi
365 2759 471 2780 sermo
486 2754 536 2780 est
551 2748 589 2778 de
607 2748 725 2779 tabulis
741 2748 859 2788 publici
877 2751 925 2777 te·

227 2792 388 2829 stiinonii,
403 2801 475 2830 quae
491 2792 621 2822 recitari
645 2790 777 2821 debent.
824 2790 926 2819 Deni-

226 2842 288 2872 que
301 2834 507 2875 Asclepiades
525 2834 643 2865 diserte
659 2833 780 2864 dicitur
792 2833 862 2864 sine
876 2836 927 2863 ta-

971 2114 1164 2152 aVietorio,
1188 2114 1322 2144 serraw'.
1368 2114 1440 2150 Est,
1457 2114 1491 2143 in
1515 2113 1669 2143 Flaccum

971 2157 1064 2188 dixit.

1011 2202 1052 2231 48
1075 2209 1115 2229 ez·
1137 2202 1288 2238 tempore,
1311 2198 1395 2237 quod
1416 2207 1494 2237 opus
1515 2197 1570 2233 sie,
1593 2197 1673 2227 obsi-

967 2250 1076 2280 gnare
1091 2241 1139 2280 d.]
1159 2240 1246 2270 Male
1260 2241 1292 2270 in
1303 2240 1374 2270 cdd.
1388 2240 1530 2277 vulgatis
1546 2244 1620 2279 post
1631 2249 1671 2269 et

971 2288 1112 2324 tempore
1135 2283 1392 2322 interpungitur.
1429 2283 1519 2316 Non,
1533 2293 1570 2311 cx
1583 2286 1671 2311 tem-

971 2335 1048 2365 pore
1063 2326 1251 2364 obsignant,
1268 2325 1353 2363 quod
1368 2329 1417 2354 cst
1433 2324 1538 2359 nihili,
1551 2323 1605 2353 sed
1616 2334 1670 2353 eas

968 2368 1080 2399 literas
1109 2368 1297 2406 obsignant,
1335 2377 1406 2405 qna*
1443 2377 1482 2396 ex
1522 2372 1672 2405 tempore

967 2411 1066 2447 fiunt,
1077 2419 1155 2449 quas
1170 2409 1464 2448 tem1wris'ratione·
1481 2407 1671 2448 postulante

967 2453 1107 2489 faciunt,
1129 2462 1194 2481 non
1224 2460 1282 2480 sua
1305 2456 1420 2490 sponte·
1446 2456 1479 2481 et
1505 2450 1668 2480 consulto.

970 2495 1059 2525 Infra
1074 2494 1203 2533 quidem
1220 2498 1282 2529 est,
1297 2494 1380 2523 nihil
1403 2494 1553 2532 ternporis
1567 2501 1668 2522 cansa

969 2538 1130 2576 scripsisse
1152 2541 1210 2566 aut
1225 2536 1426 2573 obsignasse:
1449 2535 1503 2565 sed
1524 2535 1566 2564 ihi
1590 2539 1672 2563 len:-

965 2580 1055 2619 porls
1073 2588 1190 2608 caussa
1210 2577 1338 2618 proprie
1363 2578 1503 2617 pertinet
1527 2577 1568 2607 ad
1589 2577 1671 2606 scri-

967 2622 1077 2660 psisse.

1014 2666 1055 2697 49
1078 2662 1211 2692 describi
1233 2672 1272 2691 ac
1295 2660 1468 2700 dislingui]
1495 2661 1546 2691 De
1570 2661 1668 2691 verbo

968 2705 1154 2740 describere,
1186 2709 1223 2733 ut
1248 2714 1429 2743 synonymo
1457 2704 1590 2733 alterius
1620 2704 1668 2733 cti-

967 2748 1146 2785 stinguew,
1164 2757 1193 2776 v.
1210 2746 1301 2776 Clav.
1314 2747 1347 2776 in
1364 2746 1394 2775 li.
1410 2756 1438 2775 v.

1013 2792 1052 2819 50
1075 2790 1158 2818 nihil
1179 2790 1329 2827 temporis
1356 2788 1470 2826 causa]
1500 2787 1617 2817 Haereo
1634 2787 1668 2816 iu

970 2832 1067 2863 verbo
1082 2833 1174 2862 nihil.
1203 2831 1291 2863 Nam
1304 2830 1433 2862 videtur
1443 2829 1526 2861 velle
1540 2830 1668 2861 docere.
1682 2851 1686 2855 .
