<?xml version="1.0" encoding="UTF-8"?>
<!DOCTYPE html PUBLIC "-//W3C//DTD XHTML 1.0 Transitional//EN"
    "http://www.w3.org/TR/xhtml1/DTD/xhtml1-transitional.dtd">
<html xmlns="http://www.w3.org/1999/xhtml" xml:lang="en" lang="en">
 <head>
  <title>
</title>
<meta http-equiv="Content-Type" content="text/html;charset=utf-8" />
  <meta name='ocr-system' content='tesseract 3.04.00' />
  <meta name='ocr-capabilities' content='ocr_page ocr_carea ocr_par ocr_line ocrx_word'/>
</head>
<body>
  <div class='ocr_page' id='page_1' title='image "./p2operaomnia02ciceuoft_0265.png"; bbox 0 0 1769 3174; ppageno 0'>
   <div class='ocr_carea' id='block_1_1' title="bbox 587 123 1523 171">
    <p class='ocr_par' dir='ltr' id='par_1_1' title="bbox 587 123 1523 171">
     <span class='ocr_line' id='line_1_1' title="bbox 587 123 1523 171; baseline 0.002 -9"><span class='ocrx_word' id='word_1_1' title='bbox 587 124 703 162; x_wconf 86' lang='lat' dir='ltr'><strong>PRO</strong></span> <span class='ocrx_word' id='word_1_2' title='bbox 733 124 776 162; x_wconf 84' lang='lat' dir='ltr'><strong>P.</strong></span> <span class='ocrx_word' id='word_1_3' title='bbox 805 123 1034 162; x_wconf 88' lang='lat' dir='ltr'><strong>SEXTIO.</strong></span> <span class='ocrx_word' id='word_1_4' title='bbox 1449 135 1523 171; x_wconf 71' lang='lat'><strong>981</strong></span> 
     </span>
    </p>
   </div>
   <div class='ocr_carea' id='block_1_2' title="bbox 77 224 1607 2452">
    <p class='ocr_par' dir='ltr' id='par_1_2' title="bbox 77 224 1607 2452">
     <span class='ocr_line' id='line_1_2' title="bbox 92 224 1526 288; baseline 0.008 -23"><span class='ocrx_word' id='word_1_5' title='bbox 92 224 216 268; x_wconf 82' lang='lat' dir='ltr'><strong>blicae</strong></span> <span class='ocrx_word' id='word_1_6' title='bbox 239 229 279 259; x_wconf 82' lang='lat'><strong>55</strong></span> <span class='ocrx_word' id='word_1_7' title='bbox 293 235 515 277; x_wconf 83' lang='lat' dir='ltr'>sumserat,</span> <span class='ocrx_word' id='word_1_8' title='bbox 538 241 636 268; x_wconf 89' lang='lat' dir='ltr'><strong>cum</strong></span> <span class='ocrx_word' id='word_1_9' title='bbox 659 240 768 266; x_wconf 89' lang='lat' dir='ltr'><strong>unus</strong></span> <span class='ocrx_word' id='word_1_10' title='bbox 792 225 833 266; x_wconf 88' lang='lat' dir='ltr'><strong>in</strong></span> <span class='ocrx_word' id='word_1_11' title='bbox 857 226 993 282; x_wconf 89' lang='lat' dir='ltr'><strong>legem</strong></span> <span class='ocrx_word' id='word_1_12' title='bbox 1019 241 1093 282; x_wconf 90' lang='lat' dir='ltr'><strong>per</strong></span> <span class='ocrx_word' id='word_1_13' title='bbox 1115 228 1202 270; x_wconf 91' lang='lat' dir='ltr'><strong>vim</strong></span> <span class='ocrx_word' id='word_1_14' title='bbox 1225 230 1354 274; x_wconf 79' lang='lat' dir='ltr'><strong>latam</strong></span> <span class='ocrx_word' id='word_1_15' title='bbox 1377 232 1526 288; x_wconf 84' lang='lat' dir='ltr'><strong>jurare</strong></span> 
     </span>
     <span class='ocr_line' id='line_1_3' title="bbox 90 282 1525 344; baseline 0.006 -21"><span class='ocrx_word' id='word_1_16' title='bbox 90 282 310 326; x_wconf 88' lang='lat' dir='ltr'><strong>noluerat:</strong></span> <span class='ocrx_word' id='word_1_17' title='bbox 334 284 518 339; x_wconf 87' lang='lat' dir='ltr'><strong>denique</strong></span> <span class='ocrx_word' id='word_1_18' title='bbox 541 283 766 324; x_wconf 89' lang='lat' dir='ltr'><strong>videbatur</strong></span> <span class='ocrx_word' id='word_1_19' title='bbox 784 297 834 323; x_wconf 87' lang='lat' dir='ltr'><strong>ea</strong></span> <span class='ocrx_word' id='word_1_20' title='bbox 852 283 1101 325; x_wconf 89' lang='lat' dir='ltr'><strong>conditione</strong></span> <span class='ocrx_word' id='word_1_21' title='bbox 1123 294 1211 326; x_wconf 87' lang='lat' dir='ltr'><strong>tam</strong></span> <span class='ocrx_word' id='word_1_22' title='bbox 1233 287 1356 330; x_wconf 86' lang='lat' dir='ltr'><strong>fortis</strong></span> <span class='ocrx_word' id='word_1_23' title='bbox 1379 291 1525 344; x_wconf 83' lang='lat' dir='ltr'><strong>fuisse,</strong></span> 
     </span>
     <span class='ocr_line' id='line_1_4' title="bbox 91 340 1524 396; baseline 0.008 -18"><span class='ocrx_word' id='word_1_24' title='bbox 91 348 141 378; x_wconf 89' lang='lat' dir='ltr'><strong>ut</strong></span> <span class='ocrx_word' id='word_1_25' title='bbox 175 354 271 381; x_wconf 87' lang='lat' dir='ltr'><strong>cum</strong></span> <span class='ocrx_word' id='word_1_26' title='bbox 312 341 462 396; x_wconf 84' lang='lat' dir='ltr'><strong>patriae</strong></span> <span class='ocrx_word' id='word_1_27' title='bbox 496 340 673 381; x_wconf 88' lang='lat' dir='ltr'><strong>caritate</strong></span> <span class='ocrx_word' id='word_1_28' title='bbox 707 340 963 381; x_wconf 84' lang='lat' dir='ltr'><strong>constantiae</strong></span> <span class='ocrx_word' id='word_1_29' title='bbox 1005 340 1186 396; x_wconf 85' lang='lat' dir='ltr'>gloriam</span> <span class='ocrx_word' id='word_1_30' title='bbox 1222 356 1524 390; x_wconf 87' lang='lat' dir='ltr'><strong>commutaret.</strong></span> 
     </span>
     <span class='ocr_line' id='line_1_5' title="bbox 93 394 1526 446; baseline 0.008 -11"><span class='ocrx_word' id='word_1_31' title='bbox 93 394 198 436; x_wconf 86' lang='lat' dir='ltr'><strong>Erat</strong></span> <span class='ocrx_word' id='word_1_32' title='bbox 219 406 361 438; x_wconf 89' lang='lat' dir='ltr'><strong>autem</strong></span> <span class='ocrx_word' id='word_1_33' title='bbox 383 398 421 437; x_wconf 89' lang='lat' dir='ltr'><strong>ei</strong></span> <span class='ocrx_word' id='word_1_34' title='bbox 447 412 509 437; x_wconf 91' lang='lat' dir='ltr'><strong>res</strong></span> <span class='ocrx_word' id='word_1_35' title='bbox 531 412 629 438; x_wconf 92' lang='lat' dir='ltr'><strong>cum</strong></span> <span class='ocrx_word' id='word_1_36' title='bbox 652 397 846 437; x_wconf 81' lang='lat' dir='ltr'><strong>exercitu</strong></span> <span class='ocrx_word' id='word_1_37' title='bbox 870 395 922 437; x_wconf 89' lang='lat' dir='ltr'><strong>C.</strong></span> <span class='ocrx_word' id='word_1_38' title='bbox 947 396 1080 438; x_wconf 89' lang='lat' dir='ltr'><strong>Marii</strong></span> <span class='ocrx_word' id='word_1_39' title='bbox 1111 398 1301 442; x_wconf 90' lang='lat' dir='ltr'><strong>invicto:</strong></span> <span class='ocrx_word' id='word_1_40' title='bbox 1334 402 1526 446; x_wconf 82' lang='lat' dir='ltr'><strong>habebat</strong></span> 
     </span>
     <span class='ocr_line' id='line_1_6' title="bbox 92 452 1525 514; baseline 0.006 -22"><span class='ocrx_word' id='word_1_41' title='bbox 92 452 316 495; x_wconf 86' lang='lat' dir='ltr'><strong>inimicum</strong></span> <span class='ocrx_word' id='word_1_42' title='bbox 349 454 399 494; x_wconf 91' lang='lat' dir='ltr'><strong>C.</strong></span> <span class='ocrx_word' id='word_1_43' title='bbox 427 453 631 504; x_wconf 89' lang='lat' dir='ltr'><strong>Marium,</strong></span> <span class='ocrx_word' id='word_1_44' title='bbox 661 461 1005 494; x_wconf 77' lang='lat' dir='ltr'>conservatorem</span> <span class='ocrx_word' id='word_1_45' title='bbox 1038 455 1202 510; x_wconf 82' lang='lat' dir='ltr'><strong>patriae,</strong></span> <span class='ocrx_word' id='word_1_46' title='bbox 1234 467 1404 500; x_wconf 81' lang='lat' dir='ltr'><strong>sextum</strong></span> <span class='ocrx_word' id='word_1_47' title='bbox 1429 460 1525 514; x_wconf 89' lang='lat' dir='ltr'><strong>jam</strong></span> 
     </span>
     <span class='ocr_line' id='line_1_7' title="bbox 91 508 1525 569; baseline 0.007 -21"><span class='ocrx_word' id='word_1_48' title='bbox 91 508 210 550; x_wconf 87' lang='lat' dir='ltr'><strong>illum</strong></span> <span class='ocrx_word' id='word_1_49' title='bbox 244 511 513 561; x_wconf 80' lang='lat' dir='ltr'><strong>consulatum</strong></span> <span class='ocrx_word' id='word_1_50' title='bbox 553 520 797 566; x_wconf 83' lang='lat' dir='ltr'><strong>gerentem:</strong></span> <span class='ocrx_word' id='word_1_51' title='bbox 830 525 894 551; x_wconf 89' lang='lat' dir='ltr'><strong>res</strong></span> <span class='ocrx_word' id='word_1_52' title='bbox 930 520 1021 551; x_wconf 88' lang='lat' dir='ltr'><strong>erat</strong></span> <span class='ocrx_word' id='word_1_53' title='bbox 1053 526 1152 553; x_wconf 89' lang='lat' dir='ltr'><strong>cum</strong></span> <span class='ocrx_word' id='word_1_54' title='bbox 1192 512 1240 554; x_wconf 92' lang='lat' dir='ltr'><strong>L.</strong></span> <span class='ocrx_word' id='word_1_55' title='bbox 1275 514 1525 569; x_wconf 90' lang='lat' dir='ltr'><strong>Saturnino,</strong></span> 
     </span>
     <span class='ocr_line' id='line_1_8' title="bbox 92 566 1526 629; baseline 0.006 -23"><span class='ocrx_word' id='word_1_56' title='bbox 92 566 244 607; x_wconf 88' lang='lat' dir='ltr'><strong>iterum</strong></span> <span class='ocrx_word' id='word_1_57' title='bbox 271 569 441 608; x_wconf 88' lang='lat' dir='ltr'><strong>tribuno</strong></span> <span class='ocrx_word' id='word_1_58' title='bbox 467 567 616 623; x_wconf 87' lang='lat' dir='ltr'><strong>plebis,</strong></span> <span class='ocrx_word' id='word_1_59' title='bbox 639 566 845 623; x_wconf 80' lang='lat' dir='ltr'><strong>vigilante</strong></span> <span class='ocrx_word' id='word_1_60' title='bbox 877 566 1065 619; x_wconf 90' lang='lat' dir='ltr'><strong>homine,</strong></span> <span class='ocrx_word' id='word_1_61' title='bbox 1087 578 1130 609; x_wconf 88' lang='lat' dir='ltr'><strong>et</strong></span> <span class='ocrx_word' id='word_1_62' title='bbox 1161 569 1204 610; x_wconf 91' lang='lat' dir='ltr'><strong>in</strong></span> <span class='ocrx_word' id='word_1_63' title='bbox 1227 585 1356 612; x_wconf 86' lang='lat' dir='ltr'><strong>causa</strong></span> <span class='ocrx_word' id='word_1_64' title='bbox 1386 587 1526 629; x_wconf 84' lang='lat' dir='ltr'><strong>popu-</strong></span> 
     </span>
     <span class='ocr_line' id='line_1_9' title="bbox 90 623 1525 685; baseline 0.005 -21"><span class='ocrx_word' id='word_1_65' title='bbox 90 623 165 664; x_wconf 88' lang='lat' dir='ltr'><strong>lari</strong></span> <span class='ocrx_word' id='word_1_66' title='bbox 191 625 222 665; x_wconf 89' lang='lat' dir='ltr'><strong>si</strong></span> <span class='ocrx_word' id='word_1_67' title='bbox 247 639 331 666; x_wconf 91' lang='lat' dir='ltr'><strong>non</strong></span> <span class='ocrx_word' id='word_1_68' title='bbox 364 625 595 675; x_wconf 86' lang='lat' dir='ltr'><strong>moderate,</strong></span> <span class='ocrx_word' id='word_1_69' title='bbox 618 633 662 665; x_wconf 85' lang='lat' dir='ltr'><strong>at</strong></span> <span class='ocrx_word' id='word_1_70' title='bbox 683 632 797 665; x_wconf 88' lang='lat' dir='ltr'><strong>certe</strong></span> <span class='ocrx_word' id='word_1_71' title='bbox 828 624 868 654; x_wconf 75' lang='lat'><strong>56</strong></span> <span class='ocrx_word' id='word_1_72' title='bbox 883 625 1144 680; x_wconf 76' lang='lat' dir='ltr'>populariter</span> <span class='ocrx_word' id='word_1_73' title='bbox 1173 627 1525 685; x_wconf 85' lang='lat' dir='ltr'><strong>abstinenterque</strong></span> 
     </span>
     <span class='ocr_line' id='line_1_10' title="bbox 91 681 1525 731; baseline 0.004 -9"><span class='ocrx_word' id='word_1_74' title='bbox 91 691 273 723; x_wconf 86' lang='lat' dir='ltr'><strong>versato.</strong></span> <span class='ocrx_word' id='word_1_75' title='bbox 295 683 437 731; x_wconf 80' lang='lat' dir='ltr'><strong>cessit,</strong></span> <span class='ocrx_word' id='word_1_76' title='bbox 459 696 513 722; x_wconf 89' lang='lat' dir='ltr'><strong>ne</strong></span> <span class='ocrx_word' id='word_1_77' title='bbox 544 691 618 722; x_wconf 88' lang='lat' dir='ltr'><strong>aut</strong></span> <span class='ocrx_word' id='word_1_78' title='bbox 640 681 777 722; x_wconf 87' lang='lat' dir='ltr'><strong>victus</strong></span> <span class='ocrx_word' id='word_1_79' title='bbox 810 696 834 721; x_wconf 85' lang='lat' dir='ltr'><strong>a</strong></span> <span class='ocrx_word' id='word_1_80' title='bbox 855 681 1039 722; x_wconf 86' lang='lat' dir='ltr'><strong>fortibus</strong></span> <span class='ocrx_word' id='word_1_81' title='bbox 1063 683 1162 723; x_wconf 87' lang='lat' dir='ltr'><strong>viris</strong></span> <span class='ocrx_word' id='word_1_82' title='bbox 1185 697 1284 724; x_wconf 89' lang='lat' dir='ltr'><strong>cum</strong></span> <span class='ocrx_word' id='word_1_83' title='bbox 1315 685 1525 728; x_wconf 88' lang='lat' dir='ltr'><strong>dedecore</strong></span> 
     </span>
     <span class='ocr_line' id='line_1_11' title="bbox 89 737 1523 798; baseline 0.003 -18"><span class='ocrx_word' id='word_1_84' title='bbox 89 740 275 790; x_wconf 85' lang='lat' dir='ltr'><strong>caderet,</strong></span> <span class='ocrx_word' id='word_1_85' title='bbox 297 749 371 779; x_wconf 87' lang='lat' dir='ltr'><strong>aut</strong></span> <span class='ocrx_word' id='word_1_86' title='bbox 393 740 530 780; x_wconf 81' lang='lat' dir='ltr'><strong>victor</strong></span> <span class='ocrx_word' id='word_1_87' title='bbox 561 738 705 779; x_wconf 87' lang='lat' dir='ltr'><strong>multis</strong></span> <span class='ocrx_word' id='word_1_88' title='bbox 728 747 772 777; x_wconf 90' lang='lat' dir='ltr'><strong>et</strong></span> <span class='ocrx_word' id='word_1_89' title='bbox 802 737 985 778; x_wconf 87' lang='lat' dir='ltr'><strong>fortibus</strong></span> <span class='ocrx_word' id='word_1_90' title='bbox 1012 739 1180 780; x_wconf 86' lang='lat' dir='ltr'><strong>civibus</strong></span> <span class='ocrx_word' id='word_1_91' title='bbox 1211 743 1523 798; x_wconf 85' lang='lat' dir='ltr'><strong>rempublicam</strong></span> 
     </span>
     <span class='ocr_line' id='line_1_12' title="bbox 89 795 1586 851; baseline 0.004 -15"><span class='ocrx_word' id='word_1_92' title='bbox 89 797 275 837; x_wconf 85' lang='lat' dir='ltr'><strong>orbaret.</strong></span> <span class='ocrx_word' id='word_1_93' title='bbox 322 796 469 836; x_wconf 84' lang='lat' dir='ltr'><strong>Meam</strong></span> <span class='ocrx_word' id='word_1_94' title='bbox 491 810 661 836; x_wconf 85' lang='lat' dir='ltr'><strong>causam</strong></span> <span class='ocrx_word' id='word_1_95' title='bbox 686 802 856 835; x_wconf 87' lang='lat' dir='ltr'><strong>senatus</strong></span> <span class='ocrx_word' id='word_1_96' title='bbox 882 795 1037 850; x_wconf 84' lang='lat' dir='ltr'><strong>palam,</strong></span> <span class='ocrx_word' id='word_1_97' title='bbox 1060 806 1256 851; x_wconf 90' lang='lat' dir='ltr'><strong>equester</strong></span> <span class='ocrx_word' id='word_1_98' title='bbox 1277 799 1382 840; x_wconf 91' lang='lat' dir='ltr'><strong>ordo</strong></span> <span class='ocrx_word' id='word_1_99' title='bbox 1405 815 1521 842; x_wconf 88' lang='lat' dir='ltr'><strong>acer·</strong></span> <span class='ocrx_word' id='word_1_100' title='bbox 1532 813 1586 847; x_wconf 83' lang='lat'><strong>33</strong></span> 
     </span>
     <span class='ocr_line' id='line_1_13' title="bbox 87 852 1522 913; baseline 0.004 -19"><span class='ocrx_word' id='word_1_101' title='bbox 87 853 207 903; x_wconf 90' lang='lat' dir='ltr'><strong>rime,</strong></span> <span class='ocrx_word' id='word_1_102' title='bbox 230 863 386 894; x_wconf 86' lang='lat' dir='ltr'><strong>cuncta</strong></span> <span class='ocrx_word' id='word_1_103' title='bbox 419 852 543 893; x_wconf 85' lang='lat' dir='ltr'><strong>ltalia</strong></span> <span class='ocrx_word' id='word_1_104' title='bbox 575 852 760 908; x_wconf 87' lang='lat' dir='ltr'><strong>publice,</strong></span> <span class='ocrx_word' id='word_1_105' title='bbox 790 866 937 892; x_wconf 90' lang='lat' dir='ltr'><strong>omnes</strong></span> <span class='ocrx_word' id='word_1_106' title='bbox 968 853 1070 893; x_wconf 90' lang='lat' dir='ltr'><strong>boni</strong></span> <span class='ocrx_word' id='word_1_107' title='bbox 1109 855 1281 909; x_wconf 87' lang='lat' dir='ltr'><strong>proprie</strong></span> <span class='ocrx_word' id='word_1_108' title='bbox 1309 857 1522 913; x_wconf 84' lang='lat' dir='ltr'><strong>enixeque</strong></span> 
     </span>
     <span class='ocr_line' id='line_1_14' title="bbox 87 918 1522 966; baseline 0.005 -17"><span class='ocrx_word' id='word_1_109' title='bbox 87 918 376 965; x_wconf 81' lang='lat' dir='ltr'><strong>susceperant.</strong></span> <span class='ocrx_word' id='word_1_110' title='bbox 409 924 478 950; x_wconf 85' lang='lat' dir='ltr'><strong>eas</strong></span> <span class='ocrx_word' id='word_1_111' title='bbox 515 924 579 950; x_wconf 90' lang='lat' dir='ltr'><strong>res</strong></span> <span class='ocrx_word' id='word_1_112' title='bbox 612 923 841 964; x_wconf 80' lang='lat' dir='ltr'><strong>gesseram,</strong></span> <span class='ocrx_word' id='word_1_113' title='bbox 877 923 1058 963; x_wconf 87' lang='lat' dir='ltr'><strong>quarum</strong></span> <span class='ocrx_word' id='word_1_114' title='bbox 1090 925 1177 952; x_wconf 88' lang='lat' dir='ltr'><strong>non</strong></span> <span class='ocrx_word' id='word_1_115' title='bbox 1213 926 1321 953; x_wconf 89' lang='lat' dir='ltr'><strong>unus</strong></span> <span class='ocrx_word' id='word_1_116' title='bbox 1357 925 1522 966; x_wconf 83' lang='lat' dir='ltr'><strong>auctor,</strong></span> 
     </span>
     <span class='ocr_line' id='line_1_15' title="bbox 87 965 1525 1023; baseline 0.004 -16"><span class='ocrx_word' id='word_1_117' title='bbox 87 967 160 1007; x_wconf 88' lang='lat' dir='ltr'><strong>sed</strong></span> <span class='ocrx_word' id='word_1_118' title='bbox 183 967 271 1007; x_wconf 79' lang='lat' dir='ltr'><strong>dux</strong></span> <span class='ocrx_word' id='word_1_119' title='bbox 294 966 486 1007; x_wconf 84' lang='lat' dir='ltr'><strong>omnium</strong></span> <span class='ocrx_word' id='word_1_120' title='bbox 510 966 742 1007; x_wconf 82' lang='lat' dir='ltr'><strong>voluntatis</strong></span> <span class='ocrx_word' id='word_1_121' title='bbox 776 965 964 1016; x_wconf 84' lang='lat' dir='ltr'><strong>fuissem,</strong></span> <span class='ocrx_word' id='word_1_122' title='bbox 987 981 1171 1023; x_wconf 88' lang='lat' dir='ltr'><strong>quaeque</strong></span> <span class='ocrx_word' id='word_1_123' title='bbox 1199 982 1287 1009; x_wconf 90' lang='lat' dir='ltr'><strong>non</strong></span> <span class='ocrx_word' id='word_1_124' title='bbox 1318 971 1448 1012; x_wconf 89' lang='lat' dir='ltr'><strong>modo</strong></span> <span class='ocrx_word' id='word_1_125' title='bbox 1470 973 1525 1013; x_wconf 88' lang='lat' dir='ltr'><strong>ad</strong></span> 
     </span>
     <span class='ocr_line' id='line_1_16' title="bbox 87 1023 1525 1080; baseline 0.004 -16"><span class='ocrx_word' id='word_1_126' title='bbox 87 1023 345 1079; x_wconf 78' lang='lat' dir='ltr'><strong>singularem</strong></span> <span class='ocrx_word' id='word_1_127' title='bbox 370 1038 506 1063; x_wconf 85' lang='lat' dir='ltr'><strong>meam</strong></span> <span class='ocrx_word' id='word_1_128' title='bbox 531 1023 726 1080; x_wconf 81' lang='lat' dir='ltr'><strong>gloriam,</strong></span> <span class='ocrx_word' id='word_1_129' title='bbox 750 1023 821 1063; x_wconf 88' lang='lat' dir='ltr'><strong>sed</strong></span> <span class='ocrx_word' id='word_1_130' title='bbox 855 1023 906 1064; x_wconf 86' lang='lat' dir='ltr'><strong>ad</strong></span> <span class='ocrx_word' id='word_1_131' title='bbox 931 1023 1109 1065; x_wconf 90' lang='lat' dir='ltr'><strong>salutem</strong></span> <span class='ocrx_word' id='word_1_132' title='bbox 1132 1040 1407 1069; x_wconf 89' lang='lat' dir='ltr'><strong>communem</strong></span> <span class='ocrx_word' id='word_1_133' title='bbox 1430 1044 1525 1070; x_wconf 88' lang='lat' dir='ltr'><strong>om-</strong></span> 
     </span>
     <span class='ocr_line' id='line_1_17' title="bbox 87 1079 1523 1136; baseline 0.005 -15"><span class='ocrx_word' id='word_1_134' title='bbox 87 1081 206 1121; x_wconf 87' lang='lat' dir='ltr'><strong>nium</strong></span> <span class='ocrx_word' id='word_1_135' title='bbox 230 1081 405 1131; x_wconf 89' lang='lat' dir='ltr'><strong>civium,</strong></span> <span class='ocrx_word' id='word_1_136' title='bbox 427 1089 470 1121; x_wconf 88' lang='lat' dir='ltr'><strong>et</strong></span> <span class='ocrx_word' id='word_1_137' title='bbox 492 1095 624 1136; x_wconf 83' lang='lat' dir='ltr'><strong>prope</strong></span> <span class='ocrx_word' id='word_1_138' title='bbox 646 1079 856 1136; x_wconf 84' lang='lat' dir='ltr'><strong>gentium,</strong></span> <span class='ocrx_word' id='word_1_139' title='bbox 879 1080 1168 1135; x_wconf 86' lang='lat' dir='ltr'><strong>pertinerent:</strong></span> <span class='ocrx_word' id='word_1_140' title='bbox 1200 1097 1251 1123; x_wconf 91' lang='lat' dir='ltr'><strong>ea</strong></span> <span class='ocrx_word' id='word_1_141' title='bbox 1271 1085 1523 1127; x_wconf 89' lang='lat' dir='ltr'><strong>conditione</strong></span> 
     </span>
     <span class='ocr_line' id='line_1_18' title="bbox 85 1137 1522 1196; baseline 0.004 -18"><span class='ocrx_word' id='word_1_142' title='bbox 85 1152 315 1193; x_wconf 79' lang='lat' dir='ltr'><strong>gesseram„</strong></span> <span class='ocrx_word' id='word_1_143' title='bbox 337 1147 385 1178; x_wconf 87' lang='lat' dir='ltr'><strong>ut</strong></span> <span class='ocrx_word' id='word_1_144' title='bbox 415 1152 557 1178; x_wconf 88' lang='lat' dir='ltr'><strong>meum</strong></span> <span class='ocrx_word' id='word_1_145' title='bbox 589 1137 752 1178; x_wconf 84' lang='lat' dir='ltr'><strong>factum</strong></span> <span class='ocrx_word' id='word_1_146' title='bbox 784 1151 950 1192; x_wconf 82' lang='lat' dir='ltr'><strong>semper</strong></span> <span class='ocrx_word' id='word_1_147' title='bbox 980 1153 1127 1179; x_wconf 89' lang='lat' dir='ltr'><strong>omnes</strong></span> <span class='ocrx_word' id='word_1_148' title='bbox 1158 1150 1362 1196; x_wconf 87' lang='lat' dir='ltr'><strong>praestare</strong></span> <span class='ocrx_word' id='word_1_149' title='bbox 1391 1143 1522 1184; x_wconf 90' lang='lat' dir='ltr'><strong>tueri-</strong></span> 
     </span>
     <span class='ocr_line' id='line_1_19' title="bbox 85 1193 1607 1250; baseline 0.005 -15"><span class='ocrx_word' id='word_1_150' title='bbox 85 1210 168 1250; x_wconf 89' lang='lat' dir='ltr'><strong>que</strong></span> <span class='ocrx_word' id='word_1_151' title='bbox 190 1195 408 1236; x_wconf 85' lang='lat' dir='ltr'><strong>deberent.</strong></span> <span class='ocrx_word' id='word_1_152' title='bbox 465 1194 565 1235; x_wconf 86' lang='lat' dir='ltr'><strong>Erat</strong></span> <span class='ocrx_word' id='word_1_153' title='bbox 588 1194 859 1248; x_wconf 82' lang='lat' dir='ltr'><strong>autemmihi</strong></span> <span class='ocrx_word' id='word_1_154' title='bbox 881 1196 1105 1236; x_wconf 85' lang='lat' dir='ltr'><strong>contentio</strong></span> <span class='ocrx_word' id='word_1_155' title='bbox 1128 1211 1212 1238; x_wconf 90' lang='lat' dir='ltr'><strong>non</strong></span> <span class='ocrx_word' id='word_1_156' title='bbox 1236 1213 1334 1239; x_wconf 90' lang='lat' dir='ltr'><strong>cum</strong></span> <span class='ocrx_word' id='word_1_157' title='bbox 1357 1200 1520 1241; x_wconf 88' lang='lat' dir='ltr'><strong>victore</strong></span> <span class='ocrx_word' id='word_1_158' title='bbox 1539 1193 1607 1249; x_wconf 83' lang='grc'><strong>17</strong></span> 
     </span>
     <span class='ocr_line' id='line_1_20' title="bbox 86 1251 1522 1310; baseline 0.004 -18"><span class='ocrx_word' id='word_1_159' title='bbox 86 1252 296 1303; x_wconf 79' lang='lat' dir='ltr'><strong>exercitu,</strong></span> <span class='ocrx_word' id='word_1_160' title='bbox 328 1253 399 1292; x_wconf 90' lang='lat' dir='ltr'><strong>sed</strong></span> <span class='ocrx_word' id='word_1_161' title='bbox 421 1267 520 1292; x_wconf 87' lang='lat' dir='ltr'><strong>cum</strong></span> <span class='ocrx_word' id='word_1_162' title='bbox 552 1252 692 1307; x_wconf 90' lang='lat' dir='ltr'><strong>operis</strong></span> <span class='ocrx_word' id='word_1_163' title='bbox 715 1251 955 1302; x_wconf 75' lang='lat' dir='ltr'><strong>conductiS,</strong></span> <span class='ocrx_word' id='word_1_164' title='bbox 977 1263 1020 1292; x_wconf 92' lang='lat' dir='ltr'><strong>et</strong></span> <span class='ocrx_word' id='word_1_165' title='bbox 1052 1254 1102 1294; x_wconf 84' lang='lat' dir='ltr'><strong>ad</strong></span> <span class='ocrx_word' id='word_1_166' title='bbox 1136 1254 1418 1310; x_wconf 82' lang='lat' dir='ltr'><strong>diripiendam</strong></span> <span class='ocrx_word' id='word_1_167' title='bbox 1451 1273 1522 1299; x_wconf 91' lang='lat' dir='ltr'><strong>ur-</strong></span> 
     </span>
     <span class='ocr_line' id='line_1_21' title="bbox 87 1308 1523 1364; baseline 0.005 -15"><span class='ocrx_word' id='word_1_168' title='bbox 87 1309 184 1349; x_wconf 90' lang='lat' dir='ltr'><strong>bem</strong></span> <span class='ocrx_word' id='word_1_169' title='bbox 207 1309 450 1350; x_wconf 84' lang='lat' dir='ltr'><strong>concitatis.</strong></span> <span class='ocrx_word' id='word_1_170' title='bbox 474 1309 685 1349; x_wconf 84' lang='lat' dir='ltr'><strong>habebam</strong></span> <span class='ocrx_word' id='word_1_171' title='bbox 712 1308 934 1349; x_wconf 87' lang='lat' dir='ltr'><strong>inimicum</strong></span> <span class='ocrx_word' id='word_1_172' title='bbox 966 1324 1052 1350; x_wconf 91' lang='lat' dir='ltr'><strong>non</strong></span> <span class='ocrx_word' id='word_1_173' title='bbox 1079 1310 1131 1352; x_wconf 93' lang='lat' dir='ltr'><strong>C.</strong></span> <span class='ocrx_word' id='word_1_174' title='bbox 1156 1311 1364 1364; x_wconf 79' lang='lat' dir='ltr'><strong>Marium,</strong></span> <span class='ocrx_word' id='word_1_175' title='bbox 1387 1323 1523 1356; x_wconf 89' lang='lat' dir='ltr'><strong>terro-</strong></span> 
     </span>
     <span class='ocr_line' id='line_1_22' title="bbox 85 1365 1522 1428; baseline 0.005 -22"><span class='ocrx_word' id='word_1_176' title='bbox 85 1380 174 1407; x_wconf 89' lang='lat' dir='ltr'><strong>rem</strong></span> <span class='ocrx_word' id='word_1_177' title='bbox 205 1366 410 1417; x_wconf 66' lang='lat' dir='ltr'><strong>hosfium,</strong></span> <span class='ocrx_word' id='word_1_178' title='bbox 435 1381 554 1422; x_wconf 83' lang='lat' dir='ltr'><strong>spem</strong></span> <span class='ocrx_word' id='word_1_179' title='bbox 586 1365 910 1420; x_wconf 82' lang='lat' dir='ltr'><strong>subsidiumque</strong></span> <span class='ocrx_word' id='word_1_180' title='bbox 940 1367 1117 1422; x_wconf 70' lang='lat' dir='ltr'><strong>patriae:</strong></span> <span class='ocrx_word' id='word_1_181' title='bbox 1151 1369 1222 1410; x_wconf 86' lang='lat' dir='ltr'><strong>sed</strong></span> <span class='ocrx_word' id='word_1_182' title='bbox 1251 1369 1338 1411; x_wconf 91' lang='lat' dir='ltr'><strong>duo</strong></span> <span class='ocrx_word' id='word_1_183' title='bbox 1360 1371 1522 1428; x_wconf 89' lang='lat' dir='ltr'><strong>impor-</strong></span> 
     </span>
     <span class='ocr_line' id='line_1_23' title="bbox 85 1424 1523 1483; baseline 0.005 -20"><span class='ocrx_word' id='word_1_184' title='bbox 85 1431 191 1464; x_wconf 90' lang='lat' dir='ltr'><strong>tuna</strong></span> <span class='ocrx_word' id='word_1_185' title='bbox 224 1424 435 1480; x_wconf 83' lang='lat' dir='ltr'><strong>prodigia,</strong></span> <span class='ocrx_word' id='word_1_186' title='bbox 468 1438 576 1479; x_wconf 89' lang='lat' dir='ltr'><strong>quos</strong></span> <span class='ocrx_word' id='word_1_187' title='bbox 609 1431 792 1478; x_wconf 80' lang='lat' dir='ltr'><strong>egestas,</strong></span> <span class='ocrx_word' id='word_1_188' title='bbox 823 1437 930 1477; x_wconf 89' lang='lat' dir='ltr'><strong>quos</strong></span> <span class='ocrx_word' id='word_1_189' title='bbox 964 1425 1060 1464; x_wconf 83' lang='lat' dir='ltr'><strong>aeris</strong></span> <span class='ocrx_word' id='word_1_190' title='bbox 1090 1424 1215 1466; x_wconf 84' lang='lat' dir='ltr'><strong>alieni</strong></span> <span class='ocrx_word' id='word_1_191' title='bbox 1249 1428 1523 1483; x_wconf 80' lang='lat' dir='ltr'><strong>magnitudo,</strong></span> 
     </span>
     <span class='ocr_line' id='line_1_24' title="bbox 83 1480 1522 1536; baseline 0.004 -15"><span class='ocrx_word' id='word_1_192' title='bbox 83 1496 192 1536; x_wconf 86' lang='lat' dir='ltr'><strong>quos</strong></span> <span class='ocrx_word' id='word_1_193' title='bbox 216 1481 379 1531; x_wconf 84' lang='lat' dir='ltr'><strong>levitas,</strong></span> <span class='ocrx_word' id='word_1_194' title='bbox 401 1495 508 1534; x_wconf 88' lang='lat' dir='ltr'><strong>quos</strong></span> <span class='ocrx_word' id='word_1_195' title='bbox 531 1481 784 1535; x_wconf 81' lang='lat' dir='ltr'><strong>improbitas</strong></span> <span class='ocrx_word' id='word_1_196' title='bbox 808 1480 981 1521; x_wconf 80' lang='lat' dir='ltr'><strong>tribuno</strong></span> <span class='ocrx_word' id='word_1_197' title='bbox 1005 1481 1139 1536; x_wconf 88' lang='lat' dir='ltr'><strong>plebis</strong></span> <span class='ocrx_word' id='word_1_198' title='bbox 1161 1485 1418 1526; x_wconf 88' lang='lat' dir='ltr'><strong>constrictos</strong></span> <span class='ocrx_word' id='word_1_199' title='bbox 1448 1487 1522 1527; x_wconf 84' lang='lat' dir='ltr'><strong>ad-</strong></span> 
     </span>
     <span class='ocr_line' id='line_1_25' title="bbox 84 1537 1582 1596; baseline 0.005 -18"><span class='ocrx_word' id='word_1_200' title='bbox 84 1538 269 1579; x_wconf 72' lang='lat' dir='ltr'><strong>dixerat.</strong></span> <span class='ocrx_word' id='word_1_201' title='bbox 331 1538 422 1579; x_wconf 80' lang='lat' dir='ltr'><strong>Nec</strong></span> <span class='ocrx_word' id='word_1_202' title='bbox 445 1537 552 1579; x_wconf 84' lang='lat' dir='ltr'><strong>mihi</strong></span> <span class='ocrx_word' id='word_1_203' title='bbox 576 1552 639 1578; x_wconf 87' lang='lat' dir='ltr'><strong>res</strong></span> <span class='ocrx_word' id='word_1_204' title='bbox 662 1547 752 1576; x_wconf 83' lang='lat' dir='ltr'><strong>erat</strong></span> <span class='ocrx_word' id='word_1_205' title='bbox 773 1552 870 1577; x_wconf 87' lang='lat' dir='ltr'><strong>cum</strong></span> <span class='ocrx_word' id='word_1_206' title='bbox 895 1538 1143 1589; x_wconf 74' lang='lat' dir='ltr'><strong>Saturnino,</strong></span> <span class='ocrx_word' id='word_1_207' title='bbox 1165 1540 1254 1595; x_wconf 87' lang='lat' dir='ltr'><strong>qui,</strong></span> <span class='ocrx_word' id='word_1_208' title='bbox 1277 1543 1391 1596; x_wconf 88' lang='lat' dir='ltr'><strong>quod</strong></span> <span class='ocrx_word' id='word_1_209' title='bbox 1415 1558 1440 1583; x_wconf 86' lang='lat' dir='ltr'><strong>a</strong></span> <span class='ocrx_word' id='word_1_210' title='bbox 1460 1559 1518 1596; x_wconf 88' lang='lat' dir='ltr'><strong>se,</strong></span> <span class='ocrx_word' id='word_1_211' title='bbox 1530 1553 1582 1589; x_wconf 83' lang='lat'><strong>39</strong></span> 
     </span>
     <span class='ocr_line' id='line_1_26' title="bbox 85 1594 1519 1653; baseline 0.004 -18"><span class='ocrx_word' id='word_1_212' title='bbox 85 1604 300 1650; x_wconf 76' lang='lat' dir='ltr'><strong>quaest-ore</strong></span> <span class='ocrx_word' id='word_1_213' title='bbox 324 1594 529 1645; x_wconf 89' lang='lat' dir='ltr'><strong>Ostiensi,</strong></span> <span class='ocrx_word' id='word_1_214' title='bbox 552 1609 626 1650; x_wconf 92' lang='lat' dir='ltr'><strong>per</strong></span> <span class='ocrx_word' id='word_1_215' title='bbox 658 1594 957 1649; x_wconf 85' lang='lat' dir='ltr'><strong>ignominiam,</strong></span> <span class='ocrx_word' id='word_1_216' title='bbox 979 1596 1031 1636; x_wconf 88' lang='lat' dir='ltr'><strong>ad</strong></span> <span class='ocrx_word' id='word_1_217' title='bbox 1064 1596 1303 1653; x_wconf 86' lang='lat' dir='ltr'><strong>principem</strong></span> <span class='ocrx_word' id='word_1_218' title='bbox 1325 1607 1368 1640; x_wconf 92' lang='lat' dir='ltr'><strong>et</strong></span> <span class='ocrx_word' id='word_1_219' title='bbox 1398 1615 1519 1642; x_wconf 82' lang='lat' dir='ltr'><strong>sena-</strong></span> 
     </span>
     <span class='ocr_line' id='line_1_27' title="bbox 86 1651 1518 1704; baseline 0.004 -11"><span class='ocrx_word' id='word_1_220' title='bbox 86 1662 153 1693; x_wconf 90' lang='lat' dir='ltr'><strong>tus</strong></span> <span class='ocrx_word' id='word_1_221' title='bbox 175 1663 219 1693; x_wconf 90' lang='lat' dir='ltr'><strong>et</strong></span> <span class='ocrx_word' id='word_1_222' title='bbox 240 1652 442 1704; x_wconf 81' lang='lat' dir='ltr'><strong>civitatis,</strong></span> <span class='ocrx_word' id='word_1_223' title='bbox 466 1652 534 1692; x_wconf 88' lang='lat' dir='ltr'><strong>M.</strong></span> <span class='ocrx_word' id='word_1_224' title='bbox 559 1651 781 1702; x_wconf 85' lang='lat' dir='ltr'><strong>Scaurum,</strong></span> <span class='ocrx_word' id='word_1_225' title='bbox 804 1666 892 1691; x_wconf 88' lang='lat' dir='ltr'><strong>rem</strong></span> <span class='ocrx_word' id='word_1_226' title='bbox 921 1652 1243 1695; x_wconf 84' lang='lat' dir='ltr'><strong>frumentariam</strong></span> <span class='ocrx_word' id='word_1_227' title='bbox 1268 1656 1518 1700; x_wconf 85' lang='lat' dir='ltr'><strong>translatam</strong></span> 
     </span>
     <span class='ocr_line' id='line_1_28' title="bbox 85 1710 1517 1769; baseline 0.004 -19"><span class='ocrx_word' id='word_1_228' title='bbox 85 1710 262 1760; x_wconf 86' lang='lat' dir='ltr'><strong>sciebat,</strong></span> <span class='ocrx_word' id='word_1_229' title='bbox 285 1710 474 1751; x_wconf 88' lang='lat' dir='ltr'><strong>dolorem</strong></span> <span class='ocrx_word' id='word_1_230' title='bbox 509 1723 631 1750; x_wconf 86' lang='lat' dir='ltr'><strong>suum</strong></span> <span class='ocrx_word' id='word_1_231' title='bbox 655 1723 814 1765; x_wconf 85' lang='lat' dir='ltr'><strong>magna</strong></span> <span class='ocrx_word' id='word_1_232' title='bbox 835 1710 1113 1751; x_wconf 87' lang='lat' dir='ltr'><strong>contentione</strong></span> <span class='ocrx_word' id='word_1_233' title='bbox 1134 1712 1266 1752; x_wconf 87' lang='lat' dir='ltr'><strong>animi</strong></span> <span class='ocrx_word' id='word_1_234' title='bbox 1289 1726 1517 1769; x_wconf 86' lang='lat' dir='ltr'><strong>perseque-</strong></span> 
     </span>
     <span class='ocr_line' id='line_1_29' title="bbox 85 1766 1516 1821; baseline 0.003 -13"><span class='ocrx_word' id='word_1_235' title='bbox 85 1767 236 1808; x_wconf 85' lang='lat' dir='ltr'><strong>batur:</strong></span> <span class='ocrx_word' id='word_1_236' title='bbox 269 1767 342 1808; x_wconf 89' lang='lat' dir='ltr'><strong>sed</strong></span> <span class='ocrx_word' id='word_1_237' title='bbox 364 1781 463 1808; x_wconf 91' lang='lat' dir='ltr'><strong>cum</strong></span> <span class='ocrx_word' id='word_1_238' title='bbox 485 1780 723 1808; x_wconf 88' lang='lat' dir='ltr'><strong>scurrarum</strong></span> <span class='ocrx_word' id='word_1_239' title='bbox 748 1766 1028 1821; x_wconf 88' lang='lat' dir='ltr'><strong>locupletium</strong></span> <span class='ocrx_word' id='word_1_240' title='bbox 1051 1778 1208 1820; x_wconf 91' lang='lat' dir='ltr'><strong>scorto,</strong></span> <span class='ocrx_word' id='word_1_241' title='bbox 1231 1784 1329 1810; x_wconf 87' lang='lat' dir='ltr'><strong>cum</strong></span> <span class='ocrx_word' id='word_1_242' title='bbox 1359 1772 1516 1813; x_wconf 87' lang='lat' dir='ltr'><strong>sororis</strong></span> 
     </span>
     <span class='ocr_line' id='line_1_30' title="bbox 85 1824 1560 1880; baseline 0.005 -16"><span class='ocrx_word' id='word_1_243' title='bbox 85 1824 291 1875; x_wconf 75' lang='lat' dir='ltr'><strong>adultero,</strong></span> <span class='ocrx_word' id='word_1_244' title='bbox 313 1839 412 1865; x_wconf 90' lang='lat' dir='ltr'><strong>cum</strong></span> <span class='ocrx_word' id='word_1_245' title='bbox 444 1835 688 1880; x_wconf 90' lang='lat' dir='ltr'><strong>stuprorum</strong></span> <span class='ocrx_word' id='word_1_246' title='bbox 720 1825 954 1875; x_wconf 86' lang='lat' dir='ltr'><strong>sacerdote,</strong></span> <span class='ocrx_word' id='word_1_247' title='bbox 976 1839 1075 1865; x_wconf 90' lang='lat' dir='ltr'><strong>eum</strong></span> <span class='ocrx_word' id='word_1_248' title='bbox 1102 1826 1310 1878; x_wconf 82' lang='lat' dir='ltr'><strong>venefico,</strong></span> <span class='ocrx_word' id='word_1_249' title='bbox 1332 1842 1432 1869; x_wconf 90' lang='lat' dir='ltr'><strong>cum</strong></span> <span class='ocrx_word' id='word_1_250' title='bbox 1454 1836 1515 1870; x_wconf 85' lang='lat' dir='ltr'><strong>te·</strong></span> <span class='ocrx_word' id='word_1_251' title='bbox 1528 1834 1560 1866; x_wconf 85' lang='lat' dir='ltr'><strong>b.</strong></span> 
     </span>
     <span class='ocr_line' id='line_1_31' title="bbox 81 1880 1517 1937; baseline 0.004 -15"><span class='ocrx_word' id='word_1_252' title='bbox 81 1883 375 1933; x_wconf 83' lang='lat' dir='ltr'><strong>stamentario,</strong></span> <span class='ocrx_word' id='word_1_253' title='bbox 397 1897 496 1922; x_wconf 88' lang='lat' dir='ltr'><strong>eum</strong></span> <span class='ocrx_word' id='word_1_254' title='bbox 519 1881 686 1931; x_wconf 82' lang='lat' dir='ltr'><strong>sicario,</strong></span> <span class='ocrx_word' id='word_1_255' title='bbox 709 1895 807 1920; x_wconf 90' lang='lat' dir='ltr'><strong>cum</strong></span> <span class='ocrx_word' id='word_1_256' title='bbox 837 1880 1014 1922; x_wconf 84' lang='lat' dir='ltr'><strong>latrone.</strong></span> <span class='ocrx_word' id='word_1_257' title='bbox 1037 1897 1143 1937; x_wconf 89' lang='lat' dir='ltr'><strong>quos</strong></span> <span class='ocrx_word' id='word_1_258' title='bbox 1165 1883 1377 1936; x_wconf 87' lang='lat' dir='ltr'><strong>homines,</strong></span> <span class='ocrx_word' id='word_1_259' title='bbox 1400 1886 1450 1937; x_wconf 91' lang='lat' dir='ltr'><strong>si,</strong></span> <span class='ocrx_word' id='word_1_260' title='bbox 1472 1886 1517 1928; x_wconf 88' lang='lat' dir='ltr'><strong>id</strong></span> 
     </span>
     <span class='ocr_line' id='line_1_32' title="bbox 80 1937 1518 1997; baseline 0.005 -19"><span class='ocrx_word' id='word_1_261' title='bbox 80 1939 198 1994; x_wconf 89' lang='lat' dir='ltr'><strong>quod</strong></span> <span class='ocrx_word' id='word_1_262' title='bbox 224 1938 346 1979; x_wconf 88' lang='lat' dir='ltr'><strong>facile</strong></span> <span class='ocrx_word' id='word_1_263' title='bbox 378 1938 495 1980; x_wconf 84' lang='lat' dir='ltr'><strong>factu</strong></span> <span class='ocrx_word' id='word_1_264' title='bbox 527 1938 623 1988; x_wconf 84' lang='lat' dir='ltr'><strong>fuit,</strong></span> <span class='ocrx_word' id='word_1_265' title='bbox 646 1948 690 1978; x_wconf 89' lang='lat' dir='ltr'><strong>et</strong></span> <span class='ocrx_word' id='word_1_266' title='bbox 720 1937 836 1992; x_wconf 90' lang='lat' dir='ltr'><strong>quod</strong></span> <span class='ocrx_word' id='word_1_267' title='bbox 859 1937 950 1978; x_wconf 89' lang='lat' dir='ltr'><strong>fieri</strong></span> <span class='ocrx_word' id='word_1_268' title='bbox 982 1939 1145 1990; x_wconf 89' lang='lat' dir='ltr'><strong>debuit,</strong></span> <span class='ocrx_word' id='word_1_269' title='bbox 1168 1942 1370 1997; x_wconf 92' lang='lat' dir='ltr'><strong>quodque</strong></span> <span class='ocrx_word' id='word_1_270' title='bbox 1401 1957 1428 1984; x_wconf 86' lang='lat' dir='ltr'><strong>a</strong></span> <span class='ocrx_word' id='word_1_271' title='bbox 1447 1958 1518 1985; x_wconf 91' lang='lat' dir='ltr'><strong>me</strong></span> 
     </span>
     <span class='ocr_line' id='line_1_33' title="bbox 83 1995 1518 2055; baseline 0.004 -20"><span class='ocrx_word' id='word_1_272' title='bbox 83 1996 239 2051; x_wconf 87' lang='lat' dir='ltr'><strong>optimi</strong></span> <span class='ocrx_word' id='word_1_273' title='bbox 262 2006 305 2037; x_wconf 92' lang='lat' dir='ltr'><strong>et</strong></span> <span class='ocrx_word' id='word_1_274' title='bbox 325 1995 547 2037; x_wconf 74' lang='lat' dir='ltr'><strong>fortissimi</strong></span> <span class='ocrx_word' id='word_1_275' title='bbox 569 1995 684 2036; x_wconf 86' lang='lat' dir='ltr'><strong>cives</strong></span> <span class='ocrx_word' id='word_1_276' title='bbox 710 1995 982 2050; x_wconf 78' lang='lat' dir='ltr'><strong>flagitabant,</strong></span> <span class='ocrx_word' id='word_1_277' title='bbox 1004 1996 1046 2036; x_wconf 87' lang='lat' dir='ltr'><strong>vi</strong></span> <span class='ocrx_word' id='word_1_278' title='bbox 1077 1998 1292 2053; x_wconf 85' lang='lat' dir='ltr'><strong>armisque</strong></span> <span class='ocrx_word' id='word_1_279' title='bbox 1322 2014 1518 2055; x_wconf 85' lang='lat' dir='ltr'><strong>superas-</strong></span> 
     </span>
     <span class='ocr_line' id='line_1_34' title="bbox 81 2052 1518 2112; baseline 0.005 -19"><span class='ocrx_word' id='word_1_280' title='bbox 81 2067 186 2104; x_wconf 86' lang='lat' dir='ltr'><strong>sem,</strong></span> <span class='ocrx_word' id='word_1_281' title='bbox 209 2068 295 2094; x_wconf 91' lang='lat' dir='ltr'><strong>non</strong></span> <span class='ocrx_word' id='word_1_282' title='bbox 318 2054 506 2103; x_wconf 88' lang='lat' dir='ltr'><strong>verebar,</strong></span> <span class='ocrx_word' id='word_1_283' title='bbox 529 2067 582 2093; x_wconf 85' lang='lat' dir='ltr'><strong>ne</strong></span> <span class='ocrx_word' id='word_1_284' title='bbox 604 2052 698 2107; x_wconf 89' lang='lat' dir='ltr'><strong>quis</strong></span> <span class='ocrx_word' id='word_1_285' title='bbox 721 2062 794 2092; x_wconf 87' lang='lat' dir='ltr'><strong>aut</strong></span> <span class='ocrx_word' id='word_1_286' title='bbox 816 2055 854 2085; x_wconf 86' lang='lat'><strong>57</strong></span> <span class='ocrx_word' id='word_1_287' title='bbox 866 2053 952 2093; x_wconf 87' lang='lat' dir='ltr'><strong>vim</strong></span> <span class='ocrx_word' id='word_1_288' title='bbox 975 2053 1015 2093; x_wconf 91' lang='lat' dir='ltr'><strong>vi</strong></span> <span class='ocrx_word' id='word_1_289' title='bbox 1049 2054 1261 2109; x_wconf 84' lang='lat' dir='ltr'><strong>repulsam</strong></span> <span class='ocrx_word' id='word_1_290' title='bbox 1287 2057 1518 2112; x_wconf 85' lang='lat' dir='ltr'><strong>reprehen-</strong></span> 
     </span>
     <span class='ocr_line' id='line_1_35' title="bbox 81 2109 1515 2166; baseline 0.004 -15"><span class='ocrx_word' id='word_1_291' title='bbox 81 2110 215 2162; x_wconf 26' lang='lat' dir='ltr'><strong>dere-t,</strong></span> <span class='ocrx_word' id='word_1_292' title='bbox 237 2120 312 2151; x_wconf 86' lang='lat' dir='ltr'><strong>aut</strong></span> <span class='ocrx_word' id='word_1_293' title='bbox 334 2111 598 2166; x_wconf 89' lang='lat' dir='ltr'><strong>perditorum</strong></span> <span class='ocrx_word' id='word_1_294' title='bbox 620 2109 795 2160; x_wconf 89' lang='lat' dir='ltr'><strong>civium,</strong></span> <span class='ocrx_word' id='word_1_295' title='bbox 817 2109 885 2149; x_wconf 88' lang='lat' dir='ltr'><strong>vel</strong></span> <span class='ocrx_word' id='word_1_296' title='bbox 911 2110 1056 2164; x_wconf 90' lang='lat' dir='ltr'><strong>potius</strong></span> <span class='ocrx_word' id='word_1_297' title='bbox 1079 2112 1414 2155; x_wconf 90' lang='lat' dir='ltr'><strong>domesticorum</strong></span> <span class='ocrx_word' id='word_1_298' title='bbox 1435 2115 1515 2157; x_wconf 91' lang='lat' dir='ltr'><strong>ho-</strong></span> 
     </span>
     <span class='ocr_line' id='line_1_36' title="bbox 83 2166 1514 2215; baseline 0.004 -7"><span class='ocrx_word' id='word_1_299' title='bbox 83 2168 213 2208; x_wconf 84' lang='lat' dir='ltr'><strong>stium</strong></span> <span class='ocrx_word' id='word_1_300' title='bbox 236 2177 418 2208; x_wconf 88' lang='lat' dir='ltr'><strong>mortem</strong></span> <span class='ocrx_word' id='word_1_301' title='bbox 440 2175 656 2207; x_wconf 85' lang='lat' dir='ltr'><strong>moereret.</strong></span> <span class='ocrx_word' id='word_1_302' title='bbox 680 2166 753 2206; x_wconf 86' lang='lat' dir='ltr'><strong>sed</strong></span> <span class='ocrx_word' id='word_1_303' title='bbox 775 2181 843 2206; x_wconf 89' lang='lat' dir='ltr'><strong>me</strong></span> <span class='ocrx_word' id='word_1_304' title='bbox 864 2166 934 2207; x_wconf 84' lang='lat' dir='ltr'><strong>illa</strong></span> <span class='ocrx_word' id='word_1_305' title='bbox 956 2178 1206 2211; x_wconf 85' lang='lat' dir='ltr'><strong>moverunt:</strong></span> <span class='ocrx_word' id='word_1_306' title='bbox 1239 2171 1440 2213; x_wconf 89' lang='lat' dir='ltr'><strong>omnibus</strong></span> <span class='ocrx_word' id='word_1_307' title='bbox 1470 2173 1514 2215; x_wconf 88' lang='lat' dir='ltr'><strong>in</strong></span> 
     </span>
     <span class='ocr_line' id='line_1_37' title="bbox 78 2223 1516 2278; baseline 0.004 -13"><span class='ocrx_word' id='word_1_308' title='bbox 78 2225 363 2266; x_wconf 86' lang='lat' dir='ltr'><strong>concionibus</strong></span> <span class='ocrx_word' id='word_1_309' title='bbox 386 2224 457 2268; x_wconf 88' lang='lat' dir='ltr'><strong>illa</strong></span> <span class='ocrx_word' id='word_1_310' title='bbox 478 2224 590 2265; x_wconf 89' lang='lat' dir='ltr'><strong>furia</strong></span> <span class='ocrx_word' id='word_1_311' title='bbox 609 2223 838 2274; x_wconf 88' lang='lat' dir='ltr'><strong>clamabat,</strong></span> <span class='ocrx_word' id='word_1_312' title='bbox 857 2238 916 2273; x_wconf 84' lang='lat' dir='ltr'><strong>se,</strong></span> <span class='ocrx_word' id='word_1_313' title='bbox 934 2238 1030 2278; x_wconf 85' lang='lat' dir='ltr'><strong>quae</strong></span> <span class='ocrx_word' id='word_1_314' title='bbox 1054 2224 1213 2267; x_wconf 88' lang='lat' dir='ltr'><strong>faceret</strong></span> <span class='ocrx_word' id='word_1_315' title='bbox 1231 2237 1382 2269; x_wconf 85' lang='lat' dir='ltr'><strong>contra</strong></span> <span class='ocrx_word' id='word_1_316' title='bbox 1403 2230 1516 2271; x_wconf 87' lang='lat' dir='ltr'><strong>salu-</strong></span> 
     </span>
     <span class='ocr_line' id='line_1_38' title="bbox 80 2280 1514 2340; baseline 0.004 -18"><span class='ocrx_word' id='word_1_317' title='bbox 80 2290 168 2322; x_wconf 68' lang='lat' dir='ltr'><strong>tem</strong></span> <span class='ocrx_word' id='word_1_318' title='bbox 201 2297 355 2333; x_wconf 83' lang='lat' dir='ltr'><strong>meam,</strong></span> <span class='ocrx_word' id='word_1_319' title='bbox 388 2281 527 2323; x_wconf 87' lang='lat' dir='ltr'><strong>facere</strong></span> <span class='ocrx_word' id='word_1_320' title='bbox 563 2290 737 2321; x_wconf 90' lang='lat' dir='ltr'><strong>auctore</strong></span> <span class='ocrx_word' id='word_1_321' title='bbox 770 2280 853 2321; x_wconf 90' lang='lat' dir='ltr'><strong>Cn.</strong></span> <span class='ocrx_word' id='word_1_322' title='bbox 882 2280 1107 2337; x_wconf 86' lang='lat' dir='ltr'><strong>Pompeio,</strong></span> <span class='ocrx_word' id='word_1_323' title='bbox 1138 2283 1374 2327; x_wconf 86' lang='lat' dir='ltr'><strong>clarissimo</strong></span> <span class='ocrx_word' id='word_1_324' title='bbox 1405 2288 1514 2340; x_wconf 90' lang='lat' dir='ltr'><strong>viro,</strong></span> 
     </span>
     <span class='ocr_line' id='line_1_39' title="bbox 80 2336 1513 2396; baseline 0.005 -18"><span class='ocrx_word' id='word_1_325' title='bbox 80 2339 273 2395; x_wconf 83' lang='lat' dir='ltr'><strong>mihique</strong></span> <span class='ocrx_word' id='word_1_326' title='bbox 293 2348 337 2380; x_wconf 90' lang='lat' dir='ltr'><strong>et</strong></span> <span class='ocrx_word' id='word_1_327' title='bbox 358 2354 486 2389; x_wconf 89' lang='lat' dir='ltr'><strong>nunc,</strong></span> <span class='ocrx_word' id='word_1_328' title='bbox 509 2348 551 2379; x_wconf 89' lang='lat' dir='ltr'><strong>et</strong></span> <span class='ocrx_word' id='word_1_329' title='bbox 572 2336 714 2393; x_wconf 85' lang='lat' dir='ltr'><strong>quoad</strong></span> <span class='ocrx_word' id='word_1_330' title='bbox 735 2337 872 2389; x_wconf 88' lang='lat' dir='ltr'><strong>licuit,</strong></span> <span class='ocrx_word' id='word_1_331' title='bbox 894 2338 1169 2382; x_wconf 88' lang='lat' dir='ltr'><strong>amicissimo.</strong></span> <span class='ocrx_word' id='word_1_332' title='bbox 1231 2341 1299 2383; x_wconf 93' lang='lat' dir='ltr'><strong>M.</strong></span> <span class='ocrx_word' id='word_1_333' title='bbox 1318 2342 1513 2396; x_wconf 88' lang='lat' dir='ltr'><strong>Crassus,</strong></span> 
     </span>
     <span class='ocr_line' id='line_1_40' title="bbox 77 2395 1514 2452; baseline 0.005 -16"><span class='ocrx_word' id='word_1_334' title='bbox 77 2410 267 2451; x_wconf 86' lang='lat' dir='ltr'><strong>quocum</strong></span> <span class='ocrx_word' id='word_1_335' title='bbox 289 2396 396 2437; x_wconf 89' lang='lat' dir='ltr'><strong>mihi</strong></span> <span class='ocrx_word' id='word_1_336' title='bbox 417 2405 538 2437; x_wconf 90' lang='lat' dir='ltr'><strong>erant</strong></span> <span class='ocrx_word' id='word_1_337' title='bbox 560 2409 707 2436; x_wconf 85' lang='lat' dir='ltr'><strong>omnes</strong></span> <span class='ocrx_word' id='word_1_338' title='bbox 730 2395 934 2436; x_wconf 72' lang='lat' dir='ltr'><strong>amicitiae</strong></span> <span class='ocrx_word' id='word_1_339' title='bbox 965 2397 1316 2452; x_wconf 80' lang='lat' dir='ltr'><strong>necessitudines,</strong></span> <span class='ocrx_word' id='word_1_340' title='bbox 1341 2400 1405 2442; x_wconf 88' lang='lat' dir='ltr'><strong>vir</strong></span> <span class='ocrx_word' id='word_1_341' title='bbox 1426 2401 1514 2444; x_wconf 90' lang='lat' dir='ltr'><strong>for-</strong></span> 
     </span>
    </p>
   </div>
   <div class='ocr_carea' id='block_1_3' title="bbox 122 2520 1514 2567">
    <p class='ocr_par' dir='ltr' id='par_1_3' title="bbox 122 2520 1514 2567">
     <span class='ocr_line' id='line_1_41' title="bbox 122 2520 1514 2567; baseline 0.005 -16"><span class='ocrx_word' id='word_1_342' title='bbox 122 2523 161 2551; x_wconf 57' lang='lat'><strong>5⁴5</strong></span> <span class='ocrx_word' id='word_1_343' title='bbox 182 2521 357 2561; x_wconf 67' lang='lat' dir='ltr'><strong>sumserat]</strong></span> <span class='ocrx_word' id='word_1_344' title='bbox 376 2521 428 2551; x_wconf 86' lang='lat' dir='ltr'><strong>Sic</strong></span> <span class='ocrx_word' id='word_1_345' title='bbox 441 2520 515 2551; x_wconf 83' lang='lat' dir='ltr'><strong>libri</strong></span> <span class='ocrx_word' id='word_1_346' title='bbox 530 2524 666 2551; x_wconf 79' lang='lat' dir='ltr'><strong>veteres.</strong></span> <span class='ocrx_word' id='word_1_347' title='bbox 710 2521 773 2551; x_wconf 89' lang='lat' dir='ltr'><strong>Sed</strong></span> <span class='ocrx_word' id='word_1_348' title='bbox 814 2521 901 2552; x_wconf 89' lang='lat' dir='ltr'><strong>bona</strong></span> <span class='ocrx_word' id='word_1_349' title='bbox 927 2522 1103 2560; x_wconf 83' lang='lat' dir='ltr'><strong>invaserat,</strong></span> <span class='ocrx_word' id='word_1_350' title='bbox 1128 2527 1168 2554; x_wconf 86' lang='lat' dir='ltr'><strong>ut</strong></span> <span class='ocrx_word' id='word_1_351' title='bbox 1193 2524 1340 2562; x_wconf 86' lang='lat' dir='ltr'><strong>Clodius,</strong></span> <span class='ocrx_word' id='word_1_352' title='bbox 1384 2525 1514 2567; x_wconf 88' lang='lat' dir='ltr'><strong>Nempe</strong></span> 
     </span>
    </p>
   </div>
   <div class='ocr_carea' id='block_1_4' title="bbox 77 2563 773 2898">
    <p class='ocr_par' dir='ltr' id='par_1_4' title="bbox 77 2563 773 2770">
     <span class='ocr_line' id='line_1_42' title="bbox 77 2563 771 2598; baseline 0.003 -6"><span class='ocrx_word' id='word_1_353' title='bbox 77 2563 285 2598; x_wconf 80' lang='lat' dir='ltr'><strong>commodum</strong></span> <span class='ocrx_word' id='word_1_354' title='bbox 321 2573 452 2594; x_wconf 85' lang='lat' dir='ltr'><strong>sensum</strong></span> <span class='ocrx_word' id='word_1_355' title='bbox 484 2563 536 2593; x_wconf 86' lang='lat' dir='ltr'><strong>bic</strong></span> <span class='ocrx_word' id='word_1_356' title='bbox 565 2573 632 2593; x_wconf 88' lang='lat' dir='ltr'><strong>non</strong></span> <span class='ocrx_word' id='word_1_357' title='bbox 660 2563 771 2594; x_wconf 82' lang='lat' dir='ltr'><strong>habet.</strong></span> 
     </span>
     <span class='ocr_line' id='line_1_43' title="bbox 81 2603 773 2645; baseline 0.003 -11"><span class='ocrx_word' id='word_1_358' title='bbox 81 2603 226 2645; x_wconf 77' lang='lat' dir='ltr'><strong>Intelligi</strong></span> <span class='ocrx_word' id='word_1_359' title='bbox 249 2605 380 2636; x_wconf 83' lang='lat' dir='ltr'><strong>deberet</strong></span> <span class='ocrx_word' id='word_1_360' title='bbox 401 2606 436 2636; x_wconf 81' lang='lat' dir='ltr'><strong>id</strong></span> <span class='ocrx_word' id='word_1_361' title='bbox 456 2610 640 2635; x_wconf 82' lang='lat' dir='ltr'><strong>certamen:</strong></span> <span class='ocrx_word' id='word_1_362' title='bbox 663 2605 718 2635; x_wconf 79' lang='lat' dir='ltr'><strong>sed</strong></span> <span class='ocrx_word' id='word_1_363' title='bbox 734 2616 773 2636; x_wconf 86' lang='lat' dir='ltr'><strong>ea</strong></span> 
     </span>
     <span class='ocr_line' id='line_1_44' title="bbox 78 2646 771 2686; baseline 0.003 -11"><span class='ocrx_word' id='word_1_364' title='bbox 78 2646 200 2686; x_wconf 72' lang='lat' dir='ltr'><strong>ellipsis</strong></span> <span class='ocrx_word' id='word_1_365' title='bbox 223 2647 255 2678; x_wconf 75' lang='lat' dir='ltr'><strong>h.</strong></span> <span class='ocrx_word' id='word_1_366' title='bbox 274 2648 298 2677; x_wconf 75' lang='lat' dir='ltr'><strong>i.</strong></span> <span class='ocrx_word' id='word_1_367' title='bbox 322 2648 433 2677; x_wconf 86' lang='lat' dir='ltr'><strong>durior</strong></span> <span class='ocrx_word' id='word_1_368' title='bbox 454 2655 515 2678; x_wconf 88' lang='lat' dir='ltr'><strong>est.</strong></span> <span class='ocrx_word' id='word_1_369' title='bbox 560 2648 676 2686; x_wconf 85' lang='lat' dir='ltr'><strong>Itaque</strong></span> <span class='ocrx_word' id='word_1_370' title='bbox 701 2648 771 2686; x_wconf 84' lang='lat' dir='ltr'><strong>qui-</strong></span> 
     </span>
     <span class='ocr_line' id='line_1_45' title="bbox 78 2687 771 2730; baseline 0.003 -12"><span class='ocrx_word' id='word_1_371' title='bbox 78 2687 153 2718; x_wconf 76' lang='lat' dir='ltr'><strong>dam</strong></span> <span class='ocrx_word' id='word_1_372' title='bbox 175 2689 279 2719; x_wconf 82' lang='lat' dir='ltr'><strong>fecere</strong></span> <span class='ocrx_word' id='word_1_373' title='bbox 294 2694 329 2720; x_wconf 85' lang='lat' dir='ltr'><strong>et</strong></span> <span class='ocrx_word' id='word_1_374' title='bbox 345 2689 474 2719; x_wconf 76' lang='lat' dir='ltr'><strong>edidere</strong></span> <span class='ocrx_word' id='word_1_375' title='bbox 496 2694 680 2730; x_wconf 75' lang='lat' dir='ltr'><strong>spectarat:</strong></span> <span class='ocrx_word' id='word_1_376' title='bbox 704 2699 771 2720; x_wconf 88' lang='lat' dir='ltr'><strong>non</strong></span> 
     </span>
     <span class='ocr_line' id='line_1_46' title="bbox 79 2728 536 2770; baseline 0.004 -10"><span class='ocrx_word' id='word_1_377' title='bbox 79 2728 172 2761; x_wconf 78' lang='lat' dir='ltr'><strong>bene.</strong></span> <span class='ocrx_word' id='word_1_378' title='bbox 217 2732 334 2761; x_wconf 74' lang='lat' dir='ltr'><strong>Melius</strong></span> <span class='ocrx_word' id='word_1_379' title='bbox 346 2732 389 2761; x_wconf 86' lang='lat' dir='ltr'><strong>sit</strong></span> <span class='ocrx_word' id='word_1_380' title='bbox 391 2731 536 2770; x_wconf 81' lang='lat' dir='ltr'><strong>fecerat.</strong></span> 
     </span>
    </p>

    <p class='ocr_par' dir='ltr' id='par_1_5' title="bbox 79 2774 771 2898">
     <span class='ocr_line' id='line_1_47' title="bbox 121 2774 770 2814; baseline -0.002 -11"><span class='ocrx_word' id='word_1_381' title='bbox 121 2774 160 2803; x_wconf 80' lang='lat'><strong>56</strong></span> <span class='ocrx_word' id='word_1_382' title='bbox 172 2775 376 2812; x_wconf 76' lang='lat' dir='ltr'><strong>populariter</strong></span> <span class='ocrx_word' id='word_1_383' title='bbox 389 2774 648 2814; x_wconf 74' lang='lat' dir='ltr'><strong>abstinenterque</strong></span> <span class='ocrx_word' id='word_1_384' title='bbox 661 2783 770 2804; x_wconf 76' lang='lat' dir='ltr'><strong>versa-</strong></span> 
     </span>
     <span class='ocr_line' id='line_1_48' title="bbox 79 2813 771 2856; baseline 0.001 -13"><span class='ocrx_word' id='word_1_385' title='bbox 79 2813 126 2853; x_wconf 76' lang='lat' dir='ltr'><strong>to]</strong></span> <span class='ocrx_word' id='word_1_386' title='bbox 157 2815 363 2846; x_wconf 71' lang='lat' dir='ltr'><strong>Abstinenter</strong></span> <span class='ocrx_word' id='word_1_387' title='bbox 389 2815 654 2856; x_wconf 81' lang='lat' dir='ltr'><strong>intelligendum,</strong></span> <span class='ocrx_word' id='word_1_388' title='bbox 685 2815 771 2854; x_wconf 87' lang='lat' dir='ltr'><strong>quod</strong></span> 
     </span>
     <span class='ocr_line' id='line_1_49' title="bbox 79 2856 771 2898; baseline 0.006 -14"><span class='ocrx_word' id='word_1_389' title='bbox 79 2863 146 2886; x_wconf 84' lang='lat' dir='ltr'><strong>non</strong></span> <span class='ocrx_word' id='word_1_390' title='bbox 176 2856 303 2890; x_wconf 85' lang='lat' dir='ltr'><strong>lucrum</strong></span> <span class='ocrx_word' id='word_1_391' title='bbox 338 2862 501 2898; x_wconf 80' lang='lat' dir='ltr'><strong>captarat,</strong></span> <span class='ocrx_word' id='word_1_392' title='bbox 536 2863 596 2889; x_wconf 89' lang='lat' dir='ltr'><strong>aut</strong></span> <span class='ocrx_word' id='word_1_393' title='bbox 631 2857 771 2888; x_wconf 85' lang='lat' dir='ltr'><strong>aliorum</strong></span> 
     </span>
    </p>
   </div>
   <div class='ocr_carea' id='block_1_5' title="bbox 812 2564 1513 2889">
    <p class='ocr_par' dir='ltr' id='par_1_6' title="bbox 814 2564 1513 2646">
     <span class='ocr_line' id='line_1_50' title="bbox 814 2564 1513 2607; baseline 0.009 -14"><span class='ocrx_word' id='word_1_394' title='bbox 814 2564 866 2594; x_wconf 79' lang='lat' dir='ltr'><strong>lex</strong></span> <span class='ocrx_word' id='word_1_395' title='bbox 881 2569 951 2594; x_wconf 82' lang='lat' dir='ltr'><strong>erat</strong></span> <span class='ocrx_word' id='word_1_396' title='bbox 966 2565 1006 2595; x_wconf 88' lang='lat' dir='ltr'><strong>de</strong></span> <span class='ocrx_word' id='word_1_397' title='bbox 1027 2576 1106 2605; x_wconf 82' lang='lat' dir='ltr'><strong>agro</strong></span> <span class='ocrx_word' id='word_1_398' title='bbox 1127 2566 1312 2605; x_wconf 87' lang='lat' dir='ltr'><strong>dividendo,</strong></span> <span class='ocrx_word' id='word_1_399' title='bbox 1329 2569 1362 2598; x_wconf 89' lang='lat' dir='ltr'><strong>in</strong></span> <span class='ocrx_word' id='word_1_400' title='bbox 1378 2579 1441 2607; x_wconf 88' lang='lat' dir='ltr'><strong>qua</strong></span> <span class='ocrx_word' id='word_1_401' title='bbox 1456 2569 1513 2600; x_wconf 83' lang='lat' dir='ltr'><strong>ille</strong></span> 
     </span>
     <span class='ocr_line' id='line_1_51' title="bbox 815 2606 1176 2646; baseline 0.003 -9"><span class='ocrx_word' id='word_1_402' title='bbox 815 2606 898 2637; x_wconf 84' lang='lat' dir='ltr'><strong>nihil</strong></span> <span class='ocrx_word' id='word_1_403' title='bbox 915 2607 975 2636; x_wconf 83' lang='lat' dir='ltr'><strong>sibi</strong></span> <span class='ocrx_word' id='word_1_404' title='bbox 991 2608 1176 2646; x_wconf 85' lang='lat' dir='ltr'><strong>quaesierat.</strong></span> 
     </span>
    </p>

    <p class='ocr_par' dir='ltr' id='par_1_7' title="bbox 812 2650 1512 2889">
     <span class='ocr_line' id='line_1_52' title="bbox 857 2650 1512 2691; baseline 0.006 -13"><span class='ocrx_word' id='word_1_405' title='bbox 857 2651 895 2682; x_wconf 85' lang='lat'><strong>57</strong></span> <span class='ocrx_word' id='word_1_406' title='bbox 919 2650 984 2679; x_wconf 78' lang='lat' dir='ltr'><strong>vim</strong></span> <span class='ocrx_word' id='word_1_407' title='bbox 1000 2650 1033 2679; x_wconf 73' lang='lat' dir='ltr'><strong>vi</strong></span> <span class='ocrx_word' id='word_1_408' title='bbox 1046 2650 1228 2690; x_wconf 77' lang='lat' dir='ltr'><strong>repulsam]</strong></span> <span class='ocrx_word' id='word_1_409' title='bbox 1252 2651 1312 2681; x_wconf 90' lang='lat' dir='ltr'><strong>Ed.</strong></span> <span class='ocrx_word' id='word_1_410' title='bbox 1326 2652 1381 2682; x_wconf 94' lang='lat' dir='ltr'><strong>W.</strong></span> <span class='ocrx_word' id='word_1_411' title='bbox 1399 2652 1512 2691; x_wconf 79' lang='lat' dir='ltr'><strong>depul-</strong></span> 
     </span>
     <span class='ocr_line' id='line_1_53' title="bbox 812 2691 1512 2732; baseline 0.004 -11"><span class='ocrx_word' id='word_1_412' title='bbox 812 2701 897 2727; x_wconf 74' lang='lat' dir='ltr'><strong>sam,</strong></span> <span class='ocrx_word' id='word_1_413' title='bbox 912 2691 998 2729; x_wconf 84' lang='lat' dir='ltr'><strong>quod</strong></span> <span class='ocrx_word' id='word_1_414' title='bbox 1017 2693 1140 2732; x_wconf 84' lang='lat' dir='ltr'><strong>recepit</strong></span> <span class='ocrx_word' id='word_1_415' title='bbox 1155 2693 1312 2723; x_wconf 80' lang='lat' dir='ltr'><strong>Graevius.</strong></span> <span class='ocrx_word' id='word_1_416' title='bbox 1357 2694 1418 2723; x_wconf 86' lang='lat' dir='ltr'><strong>Est</strong></span> <span class='ocrx_word' id='word_1_417' title='bbox 1433 2695 1512 2724; x_wconf 84' lang='lat' dir='ltr'><strong>faci-</strong></span> 
     </span>
     <span class='ocr_line' id='line_1_54' title="bbox 813 2733 1512 2772; baseline 0.006 -10"><span class='ocrx_word' id='word_1_418' title='bbox 813 2733 888 2769; x_wconf 87' lang='lat' dir='ltr'><strong>lius,</strong></span> <span class='ocrx_word' id='word_1_419' title='bbox 903 2733 979 2771; x_wconf 89' lang='lat' dir='ltr'><strong>quia</strong></span> <span class='ocrx_word' id='word_1_420' title='bbox 992 2743 1128 2772; x_wconf 86' lang='lat' dir='ltr'><strong>sequens</strong></span> <span class='ocrx_word' id='word_1_421' title='bbox 1142 2735 1277 2764; x_wconf 68' lang='lat' dir='ltr'><strong>verbum</strong></span> <span class='ocrx_word' id='word_1_422' title='bbox 1300 2735 1433 2765; x_wconf 85' lang='lat' dir='ltr'><strong>initium</strong></span> <span class='ocrx_word' id='word_1_423' title='bbox 1453 2735 1512 2767; x_wconf 88' lang='lat' dir='ltr'><strong>ha-</strong></span> 
     </span>
     <span class='ocr_line' id='line_1_55' title="bbox 814 2774 1511 2815; baseline 0.007 -12"><span class='ocrx_word' id='word_1_424' title='bbox 814 2775 869 2804; x_wconf 83' lang='lat' dir='ltr'><strong>bet</strong></span> <span class='ocrx_word' id='word_1_425' title='bbox 895 2774 980 2804; x_wconf 85' lang='lat' dir='ltr'><strong>idem</strong></span> <span class='ocrx_word' id='word_1_426' title='bbox 1007 2785 1081 2805; x_wconf 88' lang='lat' dir='ltr'><strong>cum</strong></span> <span class='ocrx_word' id='word_1_427' title='bbox 1107 2777 1294 2815; x_wconf 76' lang='lat' dir='ltr'><strong>repulsam.-</strong></span> <span class='ocrx_word' id='word_1_428' title='bbox 1315 2777 1371 2807; x_wconf 88' lang='lat' dir='ltr'><strong>sed</strong></span> <span class='ocrx_word' id='word_1_429' title='bbox 1395 2782 1511 2809; x_wconf 88' lang='lat' dir='ltr'><strong>tamen</strong></span> 
     </span>
     <span class='ocr_line' id='line_1_56' title="bbox 815 2816 1512 2860; baseline 0.006 -14"><span class='ocrx_word' id='word_1_430' title='bbox 815 2816 963 2855; x_wconf 83' lang='lat' dir='ltr'><strong>legitima</strong></span> <span class='ocrx_word' id='word_1_431' title='bbox 978 2818 1070 2857; x_wconf 81' lang='lat' dir='ltr'><strong>quasi</strong></span> <span class='ocrx_word' id='word_1_432' title='bbox 1085 2818 1191 2850; x_wconf 81' lang='lat' dir='ltr'><strong>forma</strong></span> <span class='ocrx_word' id='word_1_433' title='bbox 1205 2824 1255 2850; x_wconf 83' lang='lat' dir='ltr'><strong>est</strong></span> <span class='ocrx_word' id='word_1_434' title='bbox 1268 2820 1337 2851; x_wconf 81' lang='lat' dir='ltr'><strong>vim</strong></span> <span class='ocrx_word' id='word_1_435' title='bbox 1355 2821 1388 2850; x_wconf 82' lang='grc' dir='ltr'><strong>υἱ</strong></span> <span class='ocrx_word' id='word_1_436' title='bbox 1408 2822 1512 2860; x_wconf 78' lang='lat' dir='ltr'><strong>repel-</strong></span> 
     </span>
     <span class='ocr_line' id='line_1_57' title="bbox 816 2860 891 2889; baseline 0 0"><span class='ocrx_word' id='word_1_437' title='bbox 816 2860 891 2889; x_wconf 81' lang='lat' dir='ltr'><strong>lere.</strong></span> 
     </span>
    </p>
   </div>
  </div>
 </body>
</html>
