1785 3185
471 113 819 153 PHILIPPICA
846 111 1117 152 SEPTIMA.
1425 113 1526 152 134⁹

88 216 310 275 dignitatis
329 231 432 268 suae,
453 232 580 272 quem
605 231 690 258 non
708 216 886 266 excitet,
907 230 994 257 non
1019 216 1257 256 inflammet
1280 222 1423 256 tantus
1445 215 1527 256 iste

89 285 227 319 vester
244 277 500 316 consensus?
517 273 672 315 multas
686 286 949 329 magnasque
963 272 1093 313 habui
1113 272 1263 312 consul
1280 272 1526 323 conciones,

93 331 238 374 multis
263 330 464 372 interfui:
495 330 655 372 nullam
681 344 884 385 umquam
912 329 997 371 vidi
1025 338 1204 378 tantam,
1227 338 1388 382 quanta
1411 343 1526 370 nunc

93 398 234 430 vestra
252 397 331 428 est.
383 387 529 428 Unum
552 387 719 429 sentitis
739 401 902 438 omneS,
925 400 1054 428 unum
1079 385 1274 435 studetis,
1298 385 1365 425 M.
1387 385 1526 426 Anto-

92 446 152 487 nii
174 453 377 486 conatum
400 454 590 486 avertere
611 459 637 487 a
658 443 891 500 republica,
914 442 1100 484 furorem
1136 442 1427 496 exstinguere,
1450 457 1528 497 op-

93 503 275 559 primere
297 501 533 543 audaciam.
556 503 670 544 idem
697 501 846 543 volunt
869 515 1016 542 omnes
1046 499 1238 540 ordines:
1282 498 1432 538 eodem
1465 499 1528 538 in-

92 559 304 601 cumbunt
332 559 583 615 municipia,
607 558 805 610 coloniae,
836 567 992 599 cuncta
1023 555 1161 597 Italia.
1224 554 1377 610 Itaque
1408 569 1528 595 sena-

95 626 188 658 tum
219 630 295 656 sua
325 626 478 671 sponte
500 618 607 657 bene
629 617 814 666 firmum,
840 615 1067 656 firmiorem
1104 623 1242 654 vestra
1271 613 1528 654 auctoritate

96 672 273 714 fecistis.
322 672 455 714 Venit
485 683 670 728 tempus,
694 673 901 723 Quirites,
924 672 1055 712 serius
1087 670 1280 721 omnino,
1301 684 1429 724 quam
1462 669 1527 710 di-
1544 679 1589 713 19

95 744 228 786 gnum
251 733 288 764 19
300 730 458 786 populo
474 730 673 772 Romano
692 730 800 771 fuit:
821 731 891 770 sed
908 739 1050 769 tamen
1062 730 1121 769 ita
1136 738 1368 778 maturum,
1384 735 1431 768 ut
1444 725 1527 767 dif-
1539 749 1571 780 p.
1587 742 1660 774 209.

98 787 199 828 ferri
216 786 311 842 jam
336 787 441 829 hora
471 803 557 829 non
591 788 739 843 possit.
781 786 865 827 fuit
888 786 1040 842 aliquis
1066 784 1206 826 fatalis
1239 799 1376 834 casm,
1399 793 1447 825 ut
1469 784 1530 825 ita
1542 797 1575 818 a.

96 844 254 895 dicam,
275 858 402 899 quem
428 844 615 895 tulimus,
637 858 811 899 quoquo
837 843 966 885 modo
991 843 1190 884 ferendus
1215 840 1311 882 fuit.
1343 855 1473 891 nunc,
1496 840 1530 881 si

99 900 196 956 quis
214 901 309 952 erit,
329 902 411 942 erit
431 901 712 942 voluntarius.
774 900 987 956 Populum
1013 899 1258 941 Romanum
1289 899 1445 939 servire
1468 898 1532 939 fas

100 972 186 998 non
210 967 298 1000 est:
336 972 464 1013 quem
485 958 545 999 dii
568 957 829 999 immortales
858 958 1059 998 omnibus
1089 957 1291 1013 gentibus
1325 956 1534 1011 imperare

101 1014 342 1056 voluerunt.
405 1015 491 1056 Res
524 1015 568 1056 in
589 1026 830 1056 extremum
863 1024 927 1056 est
948 1015 1133 1056 adducta
1160 1013 1404 1054 discrimen.
1466 1011 1535 1053 De

100 1070 299 1113 libertate
335 1072 590 1114 decernitur.
634 1084 708 1114 aut
743 1072 925 1114 vincatis
957 1081 1142 1127 oportet,
1177 1070 1385 1120 Quirites,
1418 1069 1536 1124 quod

102 1127 299 1184 profecto
322 1140 365 1170 et
386 1130 546 1185 pietate
567 1139 721 1182 vestra,
742 1139 785 1170 et
808 1138 927 1171 tanta
947 1128 1178 1171 concordia
1198 1127 1537 1182 consequemini,

103 1194 179 1226 aut
209 1186 380 1241 quidvis
404 1187 562 1242 potius,
584 1202 711 1242 quam
736 1186 944 1228 serviatis.
1004 1185 1115 1227 Aliae
1138 1185 1334 1226 nationes
1356 1185 1538 1225 servitu-

102 1250 192 1284 tem
213 1244 303 1299 pati
326 1254 520 1300 possunt,
542 1248 583 1275 20
593 1245 741 1301 populi
765 1243 952 1286 Romani
972 1258 1036 1285 res
1058 1252 1123 1285 est
1145 1243 1318 1299 propria
1332 1242 1522 1282 libertas.

151 1359 189 1391 19
229 1366 307 1397 pop.
347 1357 443 1389 Rom.
463 1358 553 1400 fuit]
585 1358 665 1389 Mss.
691 1358 800 1391 Guelf.
844 1357 971 1389 addunt
985 1358 1064 1388 Yat.
1084 1358 1175 1397 (nam
1193 1367 1231 1387 ex
1246 1366 1285 1387 eo
1299 1355 1332 1386 id
1347 1355 1434 1386 Mur.
1450 1355 1542 1385 addi.

104 1398 198 1430 Leid.
230 1399 339 1441 Huyd.
355 1400 491 1439 suisset.
519 1401 617 1432 male.
661 1402 695 1432 Si
724 1406 802 1432 essct
844 1401 926 1431 disse
952 1400 1093 1439 videtur)
1112 1400 1193 1430 Mss.
1220 1399 1327 1439 plures
1352 1398 1420 1434 alii,
1436 1398 1539 1429 etiam

106 1440 278 1479 haberent,
305 1452 372 1473 non
394 1443 588 1482 displiceret.
633 1443 695 1474 Pro
720 1445 801 1474 Ιιονα
843 1443 954 1474 Guelf.
971 1443 1081 1482 itaque
1095 1442 1210 1483 etipse
1235 1451 1310 1472 cum
1326 1441 1454 1472 Graevio
1482 1440 1540 1472 ad-

106 1483 254 1514 Graevius
269 1485 414 1516 malebat
428 1487 554 1516 hora-m.
578 1495 645 1516 non
661 1486 757 1517 male.
844 1486 924 1516 didi.

146 1527 189 1558 20
204 1529 320 1568 populi
342 1527 387 1559 R.
409 1537 460 1558 res
480 1532 526 1558 est
543 1529 697 1569 propria]
734 1528 803 1560 Res

398 1743 469 1792 M.
513 1743 785 1792 TULLII
825 1743 1261 1793 CICERONIS
1558 1770 1593 1801 5,

782 1855 826 1879 1⁸1

206 1938 306 2005 Μ.
409 1935 1461 2002 ANTONIUM

400 2057 860 2113 PHILIPPICA
901 2058 1268 2114 SEPTIMA.

346 2175 576 2214 oRATio
618 2175 1326 2216 UNDEQmNQUAGESJMA.

634 2357 1037 2396 ARGUMENTUM.

125 2429 215 2467 Cum
231 2429 387 2465 Senatus
404 2429 448 2465 de
465 2429 590 2477 Appia
606 2429 667 2464 via
683 2432 719 2463 et
737 2429 780 2464 de
798 2427 951 2463 Moneta
968 2439 990 2462 a
1007 2427 1149 2463 consule
1168 2428 1304 2470 Pansa,
1325 2429 1368 2464 de
1386 2429 1559 2477 Lupercis

176 2486 298 2518 autem
314 2493 338 2517 a
357 2481 438 2518 trib.
464 2482 517 2529 pl.
539 2481 721 2517 consultus
737 2484 839 2522 esset,
861 2479 985 2516 Cicero
1002 2491 1160 2527 egressus
1177 2481 1403 2524 relationem,
1432 2486 1560 2517 contra

177 2546 236 2571 eos
254 2534 371 2570 dicere
384 2545 572 2581 aggressus
589 2538 655 2576 est,
671 2533 734 2580 qui
749 2533 788 2568 in
806 2532 968 2568 omnibus
984 2533 1203 2568 sermonibus
1213 2545 1341 2581 pacem
1360 2533 1560 2569 laudabant

177 2591 215 2623 et
242 2586 333 2622 bello
360 2587 636 2634 anteponebant,
665 2597 704 2620 eo
731 2585 892 2624 consilio,
921 2589 962 2620 ut
979 2586 1027 2627 si,
1054 2596 1132 2632 quoe
1148 2587 1304 2633 suspicio
1322 2589 1413 2625 erat,
1432 2585 1559 2633 paullo

119 2644 121 2647 ⁴
179 2640 331 2675 duriora
352 2650 523 2686 responsa
545 2637 721 2687 referrent
744 2638 789 2673 ab
808 2637 969 2672 Antonio
994 2636 1120 2684 legati,
1148 2638 1272 2673 mitius
1297 2638 1558 2685 acciperentur,

180 2702 308 2739 eosque
319 2695 488 2726 accusant
506 2694 694 2738 tamquam
710 2691 858 2726 minime
866 2689 1062 2736 populares
1074 2694 1110 2725 et
1125 2689 1218 2725 hosti
1232 2691 1367 2737 patriae
1373 2688 1557 2737 faventes.

181 2743 305 2790 Negat
331 2746 453 2779 autem
475 2744 520 2778 de
544 2754 635 2791 pace
651 2753 724 2778 esse
741 2742 985 2789 cogitandum,
1007 2742 1094 2789 quia
1110 2753 1182 2777 non
1199 2741 1305 2777 modo
1324 2742 1442 2788 turpis
1459 2742 1508 2777 sit
1526 2745 1562 2777 et

178 2795 396 2844 periculosa,
414 2795 477 2831 sed
493 2797 604 2831 etiam
617 2794 729 2842 plane
745 2806 817 2830 non
830 2794 945 2841 possit
963 2804 1046 2829 esse.
1099 2793 1272 2840 Denique
1293 2792 1461 2829 hortatur
1478 2805 1561 2828 cou-

120 2896 123 2898 q
180 2848 294 2885 sulem
317 2847 588 2896 universumque
611 2851 789 2891 senatum,
815 2850 856 2883 ut
883 2846 1090 2894 reipublicae
1111 2846 1265 2882 salutem
1284 2845 1444 2883 omnibus
1461 2845 1563 2883 rebus
