1769 3174
235 89 333 123 1020
824 84 1070 122 ORATIO

232 187 410 229 omnino
443 187 697 233 invulnerati
731 188 1009 243 inviolatique
1041 188 1259 229 vixerunt.
1321 186 1381 230 At
1403 203 1503 230 vero
1535 189 1578 239 ii,
1601 202 1656 244 qu

234 253 404 286 senatus
426 245 666 295 consilium,
689 245 761 299 qui
785 247 1084 287 auctoritatem
1119 246 1347 296 bonorum,
1372 247 1444 301 qui
1479 247 1677 287 instituta

236 302 447 357 majorum
477 301 774 357 neglexerunt,
797 312 840 343 et
871 303 1081 358 imperitae
1114 314 1188 342 aut
1218 304 1448 344 concitatae
1482 304 1676 344 multitu-

236 359 325 400 dini
349 359 533 413 jucundi
564 373 654 400 esse
680 358 918 409 voluerunt,
941 373 1088 400 omnes
1122 359 1208 399 fere
1238 359 1484 414 reipublicae
1508 374 1675 416 poenas,

151 424 310 462 14iaut
331 416 531 471 praesenti
555 426 706 465 morte,
729 426 802 456 aut
825 416 937 471 turpi
961 416 1128 466 exsilio,
1151 416 1458 472 dependerunt.
1506 416 1674 463 Quodsi

237 474 348 528 apud
371 471 669 522 Athenienses,
695 472 888 513 homines
912 472 1105 522 Graecos,
1128 472 1255 527 longe
1278 487 1301 512 a
1323 483 1564 514 nostrorum
1597 473 1674 514 ho-

236 530 401 571 minum
432 530 642 585 gravitate
673 529 925 583 disjunctos,
950 543 1035 568 non
1058 529 1246 578 deerant,
1269 530 1341 583 qui
1365 531 1672 585 rempublicam

236 597 385 629 contra
409 586 554 643 populi
583 586 866 626 temeritatem
898 584 1188 634 defenderent,
1212 600 1308 626 cum
1332 601 1495 637 omnes,
1517 588 1589 642 qui
1614 588 1673 627 ita

237 645 440 691 fecerant,
482 658 504 683 e
546 643 721 683 civitate
761 642 1042 696 ejicerentur:
1087 643 1120 683 si
1162 641 1495 684 Themistoclem
1540 643 1672 694 illum,

235 710 578 743 conservatorem
604 699 767 754 patriae,
787 714 871 739 non
895 699 1101 739 deterruit
1120 714 1145 739 a
1166 699 1385 754 republica
1406 700 1672 741 defendenda

237 773 314 799 nec
338 756 550 798 Miltiadis
572 755 806 805 calamitas,
828 756 899 810 qui
925 756 1037 796 illam
1061 756 1280 796 civitatem
1305 756 1446 811 paullo
1469 768 1567 797 ante
1590 771 1674 798 ser-

236 824 370 863 varat,
409 828 486 854 nec
525 812 726 853 Aristidis
765 812 882 868 fuga,
920 814 992 867 qui
1035 827 1142 853 unus
1180 813 1372 854 omnium
1408 813 1673 868 justissimus

237 872 368 912 fuisse
391 871 594 911 traditur:
629 869 662 909 si
683 879 832 924 postea
854 870 1005 909 summi
1031 870 1220 924 ejusdem
1244 870 1432 911 civitatis
1453 871 1545 921 viri,
1564 885 1670 926 quos

236 928 490 970 nominatim
515 925 717 981 appellari
748 941 832 966 non
865 936 930 967 est
960 941 1144 977 neccsse,
1170 928 1400 982 propositis
1434 938 1496 968 tot
1526 942 1672 968 exem-

236 986 316 1041 plis
348 984 578 1026 iracundiae
612 982 881 1037 levitatisque
913 984 1144 1039 popularis,
1176 996 1317 1024 tamen
1351 1000 1468 1025 suam
1502 999 1673 1040 rempu-

237 1043 391 1084 blicam
424 1041 538 1081 illam
569 1039 880 1082 defenderunt:
912 1041 1015 1096 quid
1048 1055 1124 1081 nos
1158 1041 1329 1081 tandem
1368 1041 1507 1082 facere
1544 1042 1672 1083 debe-

234 1115 344 1150 mus,
375 1098 559 1154 primum
591 1097 635 1137 in
666 1110 716 1137 ea
745 1097 921 1138 civitate
953 1097 1056 1147 nati,
1080 1097 1192 1138 unde
1222 1109 1316 1139 orta
1347 1099 1450 1139 mibi
1484 1099 1670 1155 gravitas

235 1167 279 1197 et
300 1154 553 1212 magnitudo
575 1153 706 1194 animi
732 1155 930 1196 videtur?
963 1164 1053 1195 tum
1085 1155 1126 1195 in
1160 1163 1279 1198 tanta
1309 1155 1445 1211 gloria
1476 1156 1674 1197 insisten-

237 1222 315 1265 tes,
350 1223 397 1254 ut
429 1212 574 1253 omnia
606 1210 792 1251 humana
825 1211 985 1252 leviora
1021 1212 1153 1252 videri
1189 1212 1400 1254 debeant?
1430 1213 1583 1254 deinde
1620 1213 1672 1254 ad

194 1286 330 1316 b,cam
364 1269 671 1325 rempublicam
707 1269 907 1309 tuendam
941 1269 1145 1324 aggressi,
1178 1283 1275 1323 quae
1310 1277 1430 1310 tanta
1460 1270 1672 1326 dignitate

239 1339 316 1378 est,
339 1336 386 1368 ut
404 1341 495 1368 eam
519 1325 818 1367 defendentem
842 1326 1037 1367 occidere
1060 1341 1142 1367 non
1168 1326 1282 1366 aliud
1305 1327 1375 1377 sit,
1396 1330 1574 1382 99quam
1596 1342 1674 1383 op-

155 1380 226 1435 68
241 1394 504 1441 pugnantem
537 1397 676 1424 rerum
708 1382 835 1438 potiri
856 1385 869 1423 ?
902 1382 1112 1424 Homines
1137 1382 1298 1433 Graeci,
1321 1398 1427 1439 quos
1451 1393 1576 1425 antea
1597 1399 1673 1424 no-

152 1459 225 1492 142
241 1443 415 1492 minavi‚
437 1441 581 1495 inique
603 1455 628 1480 a
649 1440 734 1480 suis
756 1439 924 1480 civibus
946 1440 1133 1481 damnati
1160 1451 1288 1496 atque
1309 1440 1492 1496 expulsi,
1515 1451 1672 1490 tamen,

238 1500 340 1554 quia
363 1500 471 1540 bene
493 1506 591 1538 sunt
613 1497 666 1538 de
688 1497 774 1537 suis
796 1497 1045 1539 civitatibus
1067 1498 1224 1546 meriti,
1248 1507 1367 1538 tanta
1388 1497 1516 1539 hodie
1538 1498 1677 1554 gloria

233 1566 346 1606 sunt,
368 1570 455 1597 non
488 1555 529 1595 in
562 1554 735 1595 Graecia
766 1554 916 1604 solum,
940 1555 1011 1595 sed
1043 1555 1171 1595 etiam
1203 1555 1316 1611 apud
1347 1569 1439 1605 nos,
1469 1565 1597 1610 atque
1628 1555 1671 1595 in

232 1615 385 1654 ceteris
418 1613 553 1661 terris,
577 1621 623 1652 ut
644 1625 732 1660 ρος,
755 1625 779 1651 a
800 1613 956 1666 quibus
989 1612 1047 1652 illi
1078 1613 1269 1668 oppressi
1302 1621 1416 1662 sunt,
1437 1626 1564 1653 nemo
1594 1627 1671 1653 no-

234 1672 382 1720 minet,
403 1669 556 1711 horum
587 1668 873 1710 calamitatem
906 1669 1189 1710 dominationi
1222 1669 1388 1709 illorum
1421 1683 1568 1710 omnes
1598 1683 1674 1710 an-

234 1737 457 1784 teponant.
490 1726 599 1772 Quis
626 1725 1052 1781 Karthaginiensium
1073 1726 1202 1781 pluris
1225 1726 1307 1766 fuit
1322 1725 1550 1777 Annibale,
1569 1741 1672 1766 con-

234 1786 344 1837 silio,
370 1786 539 1834 virtute,
563 1783 686 1824 rebus
709 1784 866 1838 gestis:
899 1784 971 1838 qui
997 1797 1103 1823 unus
1125 1798 1223 1824 cum
1258 1791 1320 1823 tot
1342 1783 1671 1839 imperatoribus

235 1843 390 1883 nostris
424 1855 497 1897 per
525 1848 591 1880 tot
623 1854 756 1880 annos
789 1840 841 1880 de
871 1840 1051 1896 imperio
1083 1850 1127 1880 et
1154 1841 1206 1881 dc
1240 1840 1376 1896 gloria
1406 1840 1669 1881 decertavit?

237 1899 368 1941 Hunc
391 1900 454 1939 sui
477 1899 591 1939 cives
611 1911 636 1937 e
658 1897 833 1938 civitate
859 1897 1102 1951 ejecerunt:
1136 1912 1213 1938 nos
1241 1897 1372 1937 etiam
1404 1896 1571 1938 bostem
1600 1897 1671 1938 lit-

150 1962 221 1995 143
237 1957 334 1998 teris
359 1955 526 2005 nostris,
549 1964 592 1995 et
619 1954 825 1996 memoria
846 1954 1038 1996 videmus
1069 1969 1161 1995 esse
1188 1954 1464 1995 celebratum.
1525 1954 1671 2000 Quare

235 2015 450 2054 imitemur
477 2023 643 2053 nostros
667 2011 840 2061 Brutos,
863 2010 1082 2062 Camillos,
1105 2011 1279 2062 Ahalas,
1305 2011 1477 2062 Decios,
1501 2010 1670 2061 Curios,

234 2071 468 2121 Fabricios,
503 2069 740 2119 Maximos,
772 2068 1010 2125 Scipiones,
1051 2068 1270 2119 Lentulos,
1301 2068 1514 2118 fflmilios,
1545 2069 1671 2109 innu-

233 2128 455 2169 merabiles
478 2127 596 2176 alios,
619 2126 692 2180 qui
726 2125 835 2166 hanc
866 2125 1176 2181 rempublicam
1207 2125 1530 2166 stabiliverunt:
1561 2139 1668 2179 quos

231 2185 428 2240 equidem
461 2185 504 2225 in
535 2184 711 2223 deorum
743 2183 1049 2224 immortalium
1079 2192 1200 2225 coetu
1222 2198 1272 2224 ac
1294 2196 1470 2223 nurnero
1492 2196 1669 2237 repono.

232 2256 422 2283 amemus
465 2240 661 2296 patriam,
704 2254 925 2295 pareamus
977 2240 1157 2291 senatui,
1199 2238 1470 2280 consulamus
1514 2239 1669 2280 bonis:

234 2307 463 2355 praescntes
487 2297 649 2338 fructus
670 2297 952 2352 negligamus,
980 2300 1037 2328 100
1051 2296 1312 2353 posteritatis
1344 2296 1491 2351 glorioe
1515 2297 1670 2336 servia-

231 2371 357 2397 mus:
389 2355 431 2395 id
470 2368 560 2395 esse
595 2354 808 2409 optimum
842 2363 1055 2409 putemus,
1087 2353 1201 2409 quod
1236 2354 1317 2394 erit
1355 2353 1667 2394 rectissimum:

234 2426 449 2468 speremus
480 2426 577 2465 quae
610 2410 819 2461 volumus,
851 2411 922 2451 sed
953 2411 1068 2466 qnod
1101 2410 1318 2460 acciderit,
1350 2409 1564 2451 feramus:
1597 2424 1669 2450 co-

236 2471 418 2510 citemus
456 2468 654 2522 denique,
686 2482 840 2523 corpus
880 2468 1066 2508 virorum
1106 2467 1296 2517 sortium,
1328 2481 1669 2521 magnorumque

231 2505 473 2577 iiaominum,
494 2539 584 2566 esse
614 2525 792 2566 mortale
813 2542 822 2566 :
855 2525 986 2566 animi
1012 2539 1109 2565 vero
1140 2534 1297 2576 motuS,
1319 2533 1363 2564 et
1385 2524 1554 2565 virtutis
1577 2523 1670 2579 glo-

273 2671 314 2701 99
341 2676 441 2706 qnam
468 2670 708 2706 oppugnantem
737 2675 850 2695 rerum
873 2674 930 2704 po·
972 2672 1022 2696 est
1036 2664 1125 2694 locus
1139 2664 1347 2702 conjecturis.

232 2710 303 2748 tiri]
323 2710 344 2740 i.
361 2720 389 2739 e.
407 2714 442 2738 ut
460 2713 547 2738 recte
561 2708 709 2737 Gra-vius
723 2707 815 2743 vidit,
831 2716 929 2745 quam
1019 2709 1077 2737 loo
1107 2707 1306 2745 posteritatis
1330 2706 1445 2743 gloria?
1471 2704 1666 2744 serviamus]

231 2752 335 2791 ipsam
358 2751 498 2790 patriam
521 2759 711 2789 oppugnare
734 2755 767 2779 ct
788 2750 820 2779 in
837 2758 930 2778 suam
973 2748 1061 2779 Libri
1078 2758 1138 2778 scr.
1154 2754 1186 2778 et
1201 2747 1278 2778 editi
1295 2748 1425 2786 qnidam
1437 2749 1621 2787 posteritati
1637 2751 1668 2777 el

231 2799 430 2832 potestatem
467 2792 635 2829 redigere:
678 2791 763 2830 quod
798 2791 931 2830 parrici—
970 2792 1096 2829 gloriae,
1112 2790 1359 2830 quodpraetulit
1377 2790 1534 2821 Graevius.
1578 2789 1669 2820 Alte-

232 2835 322 2866 dium
346 2835 460 2865 Cicero
478 2840 584 2866 vocat.
627 2833 762 2864 Frustra
782 2837 930 2864 tentatus
973 2843 1047 2863 rum
1061 2831 1250 2872 exquisitius
1265 2837 1324 2863 est.
