<?xml version="1.0" encoding="UTF-8"?>
<!DOCTYPE html PUBLIC "-//W3C//DTD XHTML 1.0 Transitional//EN"
    "http://www.w3.org/TR/xhtml1/DTD/xhtml1-transitional.dtd">
<html xmlns="http://www.w3.org/1999/xhtml" xml:lang="en" lang="en">
 <head>
  <title>
</title>
<meta http-equiv="Content-Type" content="text/html;charset=utf-8" />
  <meta name='ocr-system' content='tesseract 3.04.00' />
  <meta name='ocr-capabilities' content='ocr_page ocr_carea ocr_par ocr_line ocrx_word'/>
</head>
<body>
  <div class='ocr_page' id='page_1' title='image "./p2operaomnia02ciceuoft_0711.png"; bbox 0 0 1785 3185; ppageno 0'>
   <div class='ocr_carea' id='block_1_1' title="bbox 387 108 1530 172">
    <p class='ocr_par' dir='ltr' id='par_1_1' title="bbox 387 108 1530 172">
     <span class='ocr_line' id='line_1_1' title="bbox 387 108 1530 172; baseline -0.006 0"><span class='ocrx_word' id='word_1_1' title='bbox 387 128 741 172; x_wconf 83' lang='lat' dir='ltr'>PHILIPPICA</span> <span class='ocrx_word' id='word_1_2' title='bbox 766 126 1245 168; x_wconf 76' lang='lat' dir='ltr'>TERTIADEcmA.</span> <span class='ocrx_word' id='word_1_3' title='bbox 1428 108 1530 166; x_wconf 59' lang='lat'>&#39;1425</span> 
     </span>
    </p>
   </div>
   <div class='ocr_carea' id='block_1_2' title="bbox 92 229 1660 2406">
    <p class='ocr_par' dir='ltr' id='par_1_2' title="bbox 92 229 1660 2406">
     <span class='ocr_line' id='line_1_2' title="bbox 96 229 1531 289; baseline -0.005 -11"><span class='ocrx_word' id='word_1_4' title='bbox 96 234 201 278; x_wconf 78' lang='lat' dir='ltr'>&#39;miis</span> <span class='ocrx_word' id='word_1_5' title='bbox 230 235 472 287; x_wconf 85' lang='lat' dir='ltr'>mimarum,</span> <span class='ocrx_word' id='word_1_6' title='bbox 501 243 694 277; x_wconf 88' lang='lat' dir='ltr'>mentum</span> <span class='ocrx_word' id='word_1_7' title='bbox 724 241 998 289; x_wconf 84' lang='lat' dir='ltr'>mentemque</span> <span class='ocrx_word' id='word_1_8' title='bbox 1027 233 1275 288; x_wconf 80' lang='lat' dir='ltr'>deponeres.</span> <span class='ocrx_word' id='word_1_9' title='bbox 1336 229 1396 273; x_wconf 81' lang='lat' dir='ltr'>Et</span> <span class='ocrx_word' id='word_1_10' title='bbox 1426 237 1477 281; x_wconf 85' lang='lat' dir='ltr'>te,</span> <span class='ocrx_word' id='word_1_11' title='bbox 1509 245 1531 271; x_wconf 93' lang='grc' dir='ltr'><em>ο</em></span> 
     </span>
     <span class='ocr_line' id='line_1_3' title="bbox 92 288 1528 349; baseline -0.004 -15"><span class='ocrx_word' id='word_1_12' title='bbox 92 307 214 348; x_wconf 80' lang='lat' dir='ltr'>puer.</span> <span class='ocrx_word' id='word_1_13' title='bbox 243 306 422 349; x_wconf 88' lang='lat' dir='ltr'>puerum</span> <span class='ocrx_word' id='word_1_14' title='bbox 455 291 656 349; x_wconf 85' lang='lat' dir='ltr'>appellat,</span> <span class='ocrx_word' id='word_1_15' title='bbox 689 305 816 346; x_wconf 87' lang='lat' dir='ltr'>quem</span> <span class='ocrx_word' id='word_1_16' title='bbox 844 305 931 331; x_wconf 89' lang='lat' dir='ltr'>non</span> <span class='ocrx_word' id='word_1_17' title='bbox 961 290 1090 331; x_wconf 88' lang='lat' dir='ltr'>modo</span> <span class='ocrx_word' id='word_1_18' title='bbox 1118 290 1268 339; x_wconf 86' lang='lat' dir='ltr'>virum,</span> <span class='ocrx_word' id='word_1_19' title='bbox 1300 288 1372 329; x_wconf 85' lang='lat' dir='ltr'>sed</span> <span class='ocrx_word' id='word_1_20' title='bbox 1399 289 1528 329; x_wconf 82' lang='lat' dir='ltr'>etiam</span> 
     </span>
     <span class='ocr_line' id='line_1_4' title="bbox 99 345 1530 400; baseline -0.004 -9"><span class='ocrx_word' id='word_1_21' title='bbox 99 348 380 391; x_wconf 86' lang='lat' dir='ltr'>fortissimum</span> <span class='ocrx_word' id='word_1_22' title='bbox 405 350 542 391; x_wconf 89' lang='lat' dir='ltr'>virum</span> <span class='ocrx_word' id='word_1_23' title='bbox 565 349 696 389; x_wconf 81' lang='lat' dir='ltr'>sensit</span> <span class='ocrx_word' id='word_1_24' title='bbox 717 359 759 388; x_wconf 84' lang='lat' dir='ltr'>et</span> <span class='ocrx_word' id='word_1_25' title='bbox 782 348 951 389; x_wconf 85' lang='lat' dir='ltr'>sentiet.</span> <span class='ocrx_word' id='word_1_26' title='bbox 1014 345 1092 387; x_wconf 91' lang='lat' dir='ltr'>Est</span> <span class='ocrx_word' id='word_1_27' title='bbox 1113 347 1222 387; x_wconf 89' lang='lat' dir='ltr'>istuc</span> <span class='ocrx_word' id='word_1_28' title='bbox 1249 345 1421 400; x_wconf 85' lang='lat' dir='ltr'>quidem</span> <span class='ocrx_word' id='word_1_29' title='bbox 1453 360 1530 386; x_wconf 88' lang='lat' dir='ltr'>no-</span> 
     </span>
     <span class='ocr_line' id='line_1_5' title="bbox 100 402 1528 460; baseline -0.005 -12"><span class='ocrx_word' id='word_1_30' title='bbox 100 419 201 447; x_wconf 86' lang='lat' dir='ltr'>men</span> <span class='ocrx_word' id='word_1_31' title='bbox 223 407 377 459; x_wconf 83' lang='lat' dir='ltr'>aetatis,</span> <span class='ocrx_word' id='word_1_32' title='bbox 399 406 471 448; x_wconf 91' lang='lat' dir='ltr'>sed</span> <span class='ocrx_word' id='word_1_33' title='bbox 494 408 548 448; x_wconf 85' lang='lat' dir='ltr'>ab</span> <span class='ocrx_word' id='word_1_34' title='bbox 566 421 616 447; x_wconf 89' lang='lat' dir='ltr'>eo</span> <span class='ocrx_word' id='word_1_35' title='bbox 633 406 811 446; x_wconf 89' lang='lat' dir='ltr'>minime</span> <span class='ocrx_word' id='word_1_36' title='bbox 826 404 1133 460; x_wconf 87' lang='lat' dir='ltr'>usurpandum,</span> <span class='ocrx_word' id='word_1_37' title='bbox 1154 402 1226 458; x_wconf 88' lang='lat' dir='ltr'>qni</span> <span class='ocrx_word' id='word_1_38' title='bbox 1246 417 1364 442; x_wconf 79' lang='lat' dir='ltr'>suam</span> <span class='ocrx_word' id='word_1_39' title='bbox 1384 415 1528 442; x_wconf 85' lang='lat' dir='ltr'>amen-</span> 
     </span>
     <span class='ocr_line' id='line_1_6' title="bbox 94 457 1587 520; baseline -0.003 -17"><span class='ocrx_word' id='word_1_40' title='bbox 94 463 201 504; x_wconf 83' lang='lat' dir='ltr'><strong>tiam</strong></span> <span class='ocrx_word' id='word_1_41' title='bbox 222 477 354 519; x_wconf 89' lang='lat' dir='ltr'>puero</span> <span class='ocrx_word' id='word_1_42' title='bbox 376 463 477 505; x_wconf 89' lang='lat' dir='ltr'>huic</span> <span class='ocrx_word' id='word_1_43' title='bbox 500 464 663 520; x_wconf 80' lang='lat' dir='ltr'>praebet</span> <span class='ocrx_word' id='word_1_44' title='bbox 681 463 733 504; x_wconf 86' lang='lat' dir='ltr'>ad</span> <span class='ocrx_word' id='word_1_45' title='bbox 758 463 953 519; x_wconf 80' lang='lat' dir='ltr'>gloriam.</span> <span class='ocrx_word' id='word_1_46' title='bbox 1010 460 1094 505; x_wconf 70' lang='lat' dir='ltr'>Qui</span> <span class='ocrx_word' id='word_1_47' title='bbox 1116 460 1250 501; x_wconf 82' lang='grc' dir='ltr'><em>οηιηιά</em></span> <span class='ocrx_word' id='word_1_48' title='bbox 1270 460 1353 516; x_wconf 57' lang='lat' dir='ltr'>ejus</span> <span class='ocrx_word' id='word_1_49' title='bbox 1374 457 1587 500; x_wconf 75' lang='lat' dir='ltr'>uomini25</span> 
     </span>
     <span class='ocr_line' id='line_1_7' title="bbox 98 516 1530 575; baseline -0.003 -15"><span class='ocrx_word' id='word_1_50' title='bbox 98 519 228 561; x_wconf 77' lang='lat' dir='ltr'>debes.</span> <span class='ocrx_word' id='word_1_51' title='bbox 250 521 378 562; x_wconf 85' lang='lat' dir='ltr'>debet</span> <span class='ocrx_word' id='word_1_52' title='bbox 399 535 514 573; x_wconf 89' lang='lat' dir='ltr'>vero,</span> <span class='ocrx_word' id='word_1_53' title='bbox 537 520 747 575; x_wconf 86' lang='lat' dir='ltr'>solvitque</span> <span class='ocrx_word' id='word_1_54' title='bbox 768 519 985 575; x_wconf 85' lang='lat' dir='ltr'>praeclare.</span> <span class='ocrx_word' id='word_1_55' title='bbox 1009 519 1041 558; x_wconf 89' lang='lat' dir='ltr'>si</span> <span class='ocrx_word' id='word_1_56' title='bbox 1060 518 1173 558; x_wconf 86' lang='lat' dir='ltr'>enirn</span> <span class='ocrx_word' id='word_1_57' title='bbox 1197 517 1266 557; x_wconf 86' lang='lat' dir='ltr'>ille</span> <span class='ocrx_word' id='word_1_58' title='bbox 1290 516 1438 571; x_wconf 82' lang='lat' dir='ltr'>patriae</span> <span class='ocrx_word' id='word_1_59' title='bbox 1456 531 1530 572; x_wconf 84' lang='lat' dir='ltr'>pa-</span> 
     </span>
     <span class='ocr_line' id='line_1_8' title="bbox 99 574 1530 634; baseline -0.003 -17"><span class='ocrx_word' id='word_1_60' title='bbox 99 590 196 618; x_wconf 86' lang='lat' dir='ltr'>rens</span> <span class='ocrx_word' id='word_1_61' title='bbox 227 587 306 629; x_wconf 91' lang='lat' dir='ltr'>est,</span> <span class='ocrx_word' id='word_1_62' title='bbox 336 587 385 619; x_wconf 86' lang='lat' dir='ltr'>ut</span> <span class='ocrx_word' id='word_1_63' title='bbox 414 587 461 618; x_wconf 90' lang='lat' dir='ltr'>tu</span> <span class='ocrx_word' id='word_1_64' title='bbox 492 577 703 634; x_wconf 84' lang='lat' dir='ltr'>appellas:</span> <span class='ocrx_word' id='word_1_65' title='bbox 736 583 852 632; x_wconf 83' lang='lat' dir='ltr'>(ego,</span> <span class='ocrx_word' id='word_1_66' title='bbox 883 575 984 631; x_wconf 85' lang='lat' dir='ltr'>quid</span> <span class='ocrx_word' id='word_1_67' title='bbox 1017 575 1213 624; x_wconf 87' lang='lat' dir='ltr'>sentiam,</span> <span class='ocrx_word' id='word_1_68' title='bbox 1237 574 1424 622; x_wconf 81' lang='lat' dir='ltr'>videroz)</span> <span class='ocrx_word' id='word_1_69' title='bbox 1455 587 1530 613; x_wconf 86' lang='lat' dir='ltr'>cur</span> 
     </span>
     <span class='ocr_line' id='line_1_9' title="bbox 99 630 1530 691; baseline -0.003 -17"><span class='ocrx_word' id='word_1_70' title='bbox 99 647 187 674; x_wconf 89' lang='lat' dir='ltr'>non</span> <span class='ocrx_word' id='word_1_71' title='bbox 219 633 292 676; x_wconf 87' lang='lat' dir='ltr'>hic</span> <span class='ocrx_word' id='word_1_72' title='bbox 324 649 477 691; x_wconf 85' lang='lat' dir='ltr'>parens</span> <span class='ocrx_word' id='word_1_73' title='bbox 500 635 652 685; x_wconf 85' lang='lat' dir='ltr'>verior,</span> <span class='ocrx_word' id='word_1_74' title='bbox 681 649 705 674; x_wconf 86' lang='lat' dir='ltr'>a</span> <span class='ocrx_word' id='word_1_75' title='bbox 736 648 821 689; x_wconf 86' lang='lat' dir='ltr'>quo</span> <span class='ocrx_word' id='word_1_76' title='bbox 851 643 965 674; x_wconf 85' lang='lat' dir='ltr'>certe</span> <span class='ocrx_word' id='word_1_77' title='bbox 990 633 1118 673; x_wconf 79' lang='lat' dir='ltr'>vitam</span> <span class='ocrx_word' id='word_1_78' title='bbox 1142 631 1363 680; x_wconf 86' lang='lat' dir='ltr'>habemus,</span> <span class='ocrx_word' id='word_1_79' title='bbox 1394 644 1416 670; x_wconf 87' lang='lat' dir='ltr'>e</span> <span class='ocrx_word' id='word_1_80' title='bbox 1447 630 1530 670; x_wconf 85' lang='lat' dir='ltr'>tuis</span> 
     </span>
     <span class='ocr_line' id='line_1_10' title="bbox 100 685 1531 746; baseline -0.003 -15"><span class='ocrx_word' id='word_1_81' title='bbox 100 689 475 733; x_wconf 83' lang='lat' dir='ltr'>facinorosissimis</span> <span class='ocrx_word' id='word_1_82' title='bbox 502 692 699 732; x_wconf 88' lang='lat' dir='ltr'>manibus</span> <span class='ocrx_word' id='word_1_83' title='bbox 721 700 909 746; x_wconf 85' lang='lat' dir='ltr'>ereptam</span> <span class='ocrx_word' id='word_1_84' title='bbox 927 693 940 731; x_wconf 87' lang='lat'>?</span> <span class='ocrx_word' id='word_1_85' title='bbox 971 688 1015 729; x_wconf 78' lang='lat' dir='ltr'>id</span> <span class='ocrx_word' id='word_1_86' title='bbox 1033 703 1165 745; x_wconf 78' lang='lat' dir='ltr'>agere,</span> <span class='ocrx_word' id='word_1_87' title='bbox 1188 689 1341 745; x_wconf 80' lang='lat' dir='ltr'>utjure</span> <span class='ocrx_word' id='word_1_88' title='bbox 1360 685 1531 728; x_wconf 79' lang='lat' dir='ltr'>damna-</span> 
     </span>
     <span class='ocr_line' id='line_1_11' title="bbox 97 743 1533 804; baseline -0.003 -16"><span class='ocrx_word' id='word_1_89' title='bbox 97 752 162 788; x_wconf 78' lang='lat' dir='ltr'>tus</span> <span class='ocrx_word' id='word_1_90' title='bbox 191 748 243 789; x_wconf 81' lang='lat' dir='ltr'>sit</span> <span class='ocrx_word' id='word_1_91' title='bbox 275 747 532 790; x_wconf 60' lang='lat' dir='ltr'>Dolabella?</span> <span class='ocrx_word' id='word_1_92' title='bbox 561 747 748 804; x_wconf 78' lang='lat' dir='ltr'>Tui-pem</span> <span class='ocrx_word' id='word_1_93' title='bbox 781 761 881 788; x_wconf 86' lang='lat' dir='ltr'>vero</span> <span class='ocrx_word' id='word_1_94' title='bbox 912 747 1141 796; x_wconf 85' lang='lat' dir='ltr'>actionem,</span> <span class='ocrx_word' id='word_1_95' title='bbox 1173 760 1258 800; x_wconf 79' lang='lat' dir='ltr'>qna</span> <span class='ocrx_word' id='word_1_96' title='bbox 1285 743 1533 785; x_wconf 76' lang='lat' dir='ltr'>‘defenditur</span> 
     </span>
     <span class='ocr_line' id='line_1_12' title="bbox 99 801 1530 861; baseline -0.003 -16"><span class='ocrx_word' id='word_1_97' title='bbox 99 804 351 861; x_wconf 84' lang='lat' dir='ltr'>amplissimi</span> <span class='ocrx_word' id='word_1_98' title='bbox 373 806 604 847; x_wconf 84' lang='lat' dir='ltr'>auctoritas</span> <span class='ocrx_word' id='word_1_99' title='bbox 625 805 785 846; x_wconf 84' lang='lat' dir='ltr'>ordinis</span> <span class='ocrx_word' id='word_1_100' title='bbox 807 813 958 846; x_wconf 86' lang='lat' dir='ltr'>contra</span> <span class='ocrx_word' id='word_1_101' title='bbox 979 802 1258 844; x_wconf 85' lang='lat' dir='ltr'>crudelissimi</span> <span class='ocrx_word' id='word_1_102' title='bbox 1281 801 1530 858; x_wconf 84' lang='lat' dir='ltr'>gladiatoris</span> 
     </span>
     <span class='ocr_line' id='line_1_13' title="bbox 99 858 1531 916; baseline -0.003 -14"><span class='ocrx_word' id='word_1_103' title='bbox 99 863 354 904; x_wconf 84' lang='lat' dir='ltr'>amentiam!</span> <span class='ocrx_word' id='word_1_104' title='bbox 387 870 424 903; x_wconf 84' lang='lat' dir='ltr'>et</span> <span class='ocrx_word' id='word_1_105' title='bbox 445 870 491 904; x_wconf 80' lang='lat' dir='ltr'>ut</span> <span class='ocrx_word' id='word_1_106' title='bbox 511 862 684 916; x_wconf 63' lang='lat' dir='ltr'>venefica</span> <span class='ocrx_word' id='word_1_107' title='bbox 704 862 785 903; x_wconf 77' lang='lat' dir='ltr'>haec</span> <span class='ocrx_word' id='word_1_108' title='bbox 803 860 996 902; x_wconf 75' lang='lat' dir='ltr'>liberetur</span> <span class='ocrx_word' id='word_1_109' title='bbox 1017 858 1250 900; x_wconf 63' lang='lat' dir='ltr'>obsidione?</span> <span class='ocrx_word' id='word_1_110' title='bbox 1283 858 1531 899; x_wconf 79' lang='lat' dir='ltr'>veneficam</span> 
     </span>
     <span class='ocr_line' id='line_1_14' title="bbox 98 915 1530 975; baseline -0.003 -16"><span class='ocrx_word' id='word_1_111' title='bbox 98 918 228 960; x_wconf 85' lang='lat' dir='ltr'>audes</span> <span class='ocrx_word' id='word_1_112' title='bbox 250 919 462 975; x_wconf 89' lang='lat' dir='ltr'>appellare</span> <span class='ocrx_word' id='word_1_113' title='bbox 488 934 586 960; x_wconf 88' lang='lat' dir='ltr'>eum</span> <span class='ocrx_word' id='word_1_114' title='bbox 610 919 764 970; x_wconf 88' lang='lat' dir='ltr'>virum,</span> <span class='ocrx_word' id='word_1_115' title='bbox 793 918 867 974; x_wconf 90' lang='lat' dir='ltr'>qui</span> <span class='ocrx_word' id='word_1_116' title='bbox 900 918 984 959; x_wconf 89' lang='lat' dir='ltr'>tuis</span> <span class='ocrx_word' id='word_1_117' title='bbox 1007 917 1223 958; x_wconf 84' lang='lat' dir='ltr'>veneficiis</span> <span class='ocrx_word' id='word_1_118' title='bbox 1252 915 1440 957; x_wconf 82' lang='lat' dir='ltr'>remedia</span> <span class='ocrx_word' id='word_1_119' title='bbox 1466 915 1530 956; x_wconf 91' lang='lat' dir='ltr'>in-</span> 
     </span>
     <span class='ocr_line' id='line_1_15' title="bbox 98 972 1530 1031; baseline -0.001 -15"><span class='ocrx_word' id='word_1_120' title='bbox 98 976 246 1017; x_wconf 80' lang='lat' dir='ltr'>venit?</span> <span class='ocrx_word' id='word_1_121' title='bbox 268 990 394 1031; x_wconf 87' lang='lat' dir='ltr'>quem</span> <span class='ocrx_word' id='word_1_122' title='bbox 418 977 478 1018; x_wconf 85' lang='lat' dir='ltr'>ita</span> <span class='ocrx_word' id='word_1_123' title='bbox 498 976 682 1027; x_wconf 90' lang='lat' dir='ltr'>obsides,</span> <span class='ocrx_word' id='word_1_124' title='bbox 703 991 814 1017; x_wconf 84' lang='lat' dir='ltr'>nove</span> <span class='ocrx_word' id='word_1_125' title='bbox 837 974 1072 1025; x_wconf 86' lang='lat' dir='ltr'>Hannibal,</span> <span class='ocrx_word' id='word_1_126' title='bbox 1095 982 1169 1015; x_wconf 84' lang='lat' dir='ltr'>aut</span> <span class='ocrx_word' id='word_1_127' title='bbox 1190 974 1223 1014; x_wconf 89' lang='lat' dir='ltr'>si</span> <span class='ocrx_word' id='word_1_128' title='bbox 1246 973 1340 1029; x_wconf 90' lang='lat' dir='ltr'>quis</span> <span class='ocrx_word' id='word_1_129' title='bbox 1363 972 1530 1014; x_wconf 87' lang='lat' dir='ltr'>acutior</span> 
     </span>
     <span class='ocr_line' id='line_1_16' title="bbox 97 1030 1529 1090; baseline -0.003 -16"><span class='ocrx_word' id='word_1_130' title='bbox 97 1032 335 1089; x_wconf 88' lang='lat' dir='ltr'>imperator</span> <span class='ocrx_word' id='word_1_131' title='bbox 367 1033 463 1085; x_wconf 90' lang='lat' dir='ltr'>fuit,</span> <span class='ocrx_word' id='word_1_132' title='bbox 494 1045 542 1075; x_wconf 89' lang='lat' dir='ltr'>ut</span> <span class='ocrx_word' id='word_1_133' title='bbox 571 1043 612 1075; x_wconf 88' lang='lat' dir='ltr'>te</span> <span class='ocrx_word' id='word_1_134' title='bbox 641 1034 732 1090; x_wconf 90' lang='lat' dir='ltr'>ipse</span> <span class='ocrx_word' id='word_1_135' title='bbox 761 1033 971 1084; x_wconf 85' lang='lat' dir='ltr'>obsideas,</span> <span class='ocrx_word' id='word_1_136' title='bbox 1001 1046 1139 1087; x_wconf 88' lang='lat' dir='ltr'>neque</span> <span class='ocrx_word' id='word_1_137' title='bbox 1162 1040 1203 1072; x_wconf 87' lang='lat' dir='ltr'>te</span> <span class='ocrx_word' id='word_1_138' title='bbox 1233 1030 1375 1082; x_wconf 87' lang='lat' dir='ltr'>istinc,</span> <span class='ocrx_word' id='word_1_139' title='bbox 1399 1030 1431 1069; x_wconf 88' lang='lat' dir='ltr'>si</span> <span class='ocrx_word' id='word_1_140' title='bbox 1455 1044 1529 1071; x_wconf 91' lang='lat' dir='ltr'>cu-</span> 
     </span>
     <span class='ocr_line' id='line_1_17' title="bbox 94 1088 1530 1147; baseline -0.002 -17"><span class='ocrx_word' id='word_1_141' title='bbox 94 1090 204 1146; x_wconf 86' lang='lat' dir='ltr'>pias,</span> <span class='ocrx_word' id='word_1_142' title='bbox 227 1091 363 1147; x_wconf 90' lang='lat' dir='ltr'>possis</span> <span class='ocrx_word' id='word_1_143' title='bbox 384 1091 614 1147; x_wconf 87' lang='lat' dir='ltr'>explicare.</span> <span class='ocrx_word' id='word_1_144' title='bbox 646 1091 890 1132; x_wconf 86' lang='lat' dir='ltr'>recesseris:</span> <span class='ocrx_word' id='word_1_145' title='bbox 921 1088 1110 1144; x_wconf 89' lang='lat' dir='ltr'>undique</span> <span class='ocrx_word' id='word_1_146' title='bbox 1133 1102 1280 1129; x_wconf 87' lang='lat' dir='ltr'>omnes</span> <span class='ocrx_word' id='word_1_147' title='bbox 1304 1088 1530 1142; x_wconf 87' lang='lat' dir='ltr'>insequen-</span> 
     </span>
     <span class='ocr_line' id='line_1_18' title="bbox 93 1141 1527 1201; baseline -0.002 -14"><span class='ocrx_word' id='word_1_148' title='bbox 93 1156 178 1188; x_wconf 91' lang='lat' dir='ltr'>tur.</span> <span class='ocrx_word' id='word_1_149' title='bbox 203 1148 431 1190; x_wconf 83' lang='lat' dir='ltr'>manseris:</span> <span class='ocrx_word' id='word_1_150' title='bbox 456 1148 652 1190; x_wconf 86' lang='lat' dir='ltr'>haerebis.</span> <span class='ocrx_word' id='word_1_151' title='bbox 673 1148 874 1188; x_wconf 86' lang='lat' dir='ltr'>nimirum</span> <span class='ocrx_word' id='word_1_152' title='bbox 895 1155 1009 1188; x_wconf 87' lang='lat' dir='ltr'>recte</span> <span class='ocrx_word' id='word_1_153' title='bbox 1026 1145 1260 1186; x_wconf 78' lang='lat' dir='ltr'>veneficam</span> <span class='ocrx_word' id='word_1_154' title='bbox 1280 1141 1482 1201; x_wconf 84' lang='lat' dir='ltr'>appellas,</span> <span class='ocrx_word' id='word_1_155' title='bbox 1504 1159 1527 1184; x_wconf 85' lang='lat' dir='ltr'>a</span> 
     </span>
     <span class='ocr_line' id='line_1_19' title="bbox 96 1201 1590 1262; baseline -0.002 -18"><span class='ocrx_word' id='word_1_156' title='bbox 96 1218 183 1259; x_wconf 91' lang='lat' dir='ltr'>quo</span> <span class='ocrx_word' id='word_1_157' title='bbox 207 1205 284 1246; x_wconf 86' lang='lat' dir='ltr'>tibi</span> <span class='ocrx_word' id='word_1_158' title='bbox 306 1215 558 1261; x_wconf 77' lang='lat' dir='ltr'>praesentem</span> <span class='ocrx_word' id='word_1_159' title='bbox 579 1215 743 1262; x_wconf 87' lang='lat' dir='ltr'>pestem</span> <span class='ocrx_word' id='word_1_160' title='bbox 763 1205 879 1246; x_wconf 87' lang='lat' dir='ltr'>vides</span> <span class='ocrx_word' id='word_1_161' title='bbox 900 1212 1208 1259; x_wconf 84' lang='lat' dir='ltr'>comparatam.</span> <span class='ocrx_word' id='word_1_162' title='bbox 1247 1201 1301 1242; x_wconf 84' lang='lat' dir='ltr'>Ut</span> <span class='ocrx_word' id='word_1_163' title='bbox 1320 1216 1439 1257; x_wconf 78' lang='lat' dir='ltr'>qnam</span> <span class='ocrx_word' id='word_1_164' title='bbox 1453 1216 1528 1256; x_wconf 82' lang='lat' dir='ltr'>po·</span> <span class='ocrx_word' id='word_1_165' title='bbox 1539 1207 1590 1242; x_wconf 64' lang='lat'>226</span> 
     </span>
     <span class='ocr_line' id='line_1_20' title="bbox 96 1259 1529 1319; baseline -0.002 -18"><span class='ocrx_word' id='word_1_166' title='bbox 96 1261 337 1303; x_wconf 77' lang='lat' dir='ltr'>tentissimus</span> <span class='ocrx_word' id='word_1_167' title='bbox 355 1262 407 1304; x_wconf 80' lang='lat' dir='ltr'>sic</span> <span class='ocrx_word' id='word_1_168' title='bbox 437 1262 597 1304; x_wconf 73' lang='lat' dir='ltr'>Cassius</span> <span class='ocrx_word' id='word_1_169' title='bbox 621 1269 743 1319; x_wconf 81' lang='lat' dir='ltr'>atque</span> <span class='ocrx_word' id='word_1_170' title='bbox 770 1260 958 1304; x_wconf 63' lang='lat' dir='ltr'>Brutus?</span> <span class='ocrx_word' id='word_1_171' title='bbox 991 1261 1121 1301; x_wconf 82' lang='lat' dir='ltr'>Putes</span> <span class='ocrx_word' id='word_1_172' title='bbox 1155 1259 1439 1301; x_wconf 83' lang='lat' dir='ltr'>Censorinum</span> <span class='ocrx_word' id='word_1_173' title='bbox 1464 1259 1529 1299; x_wconf 88' lang='lat' dir='ltr'>di-</span> 
     </span>
     <span class='ocr_line' id='line_1_21' title="bbox 93 1316 1527 1375; baseline -0.002 -16"><span class='ocrx_word' id='word_1_174' title='bbox 93 1332 204 1369; x_wconf 88' lang='lat' dir='ltr'>cere,</span> <span class='ocrx_word' id='word_1_175' title='bbox 226 1329 301 1360; x_wconf 88' lang='lat' dir='ltr'>aut</span> <span class='ocrx_word' id='word_1_176' title='bbox 322 1319 585 1371; x_wconf 81' lang='lat' dir='ltr'>Ventidium,</span> <span class='ocrx_word' id='word_1_177' title='bbox 605 1331 679 1361; x_wconf 88' lang='lat' dir='ltr'>aut</span> <span class='ocrx_word' id='word_1_178' title='bbox 699 1319 828 1360; x_wconf 81' lang='lat' dir='ltr'>etiam</span> <span class='ocrx_word' id='word_1_179' title='bbox 846 1319 962 1375; x_wconf 90' lang='lat' dir='ltr'>ipsos</span> <span class='ocrx_word' id='word_1_180' title='bbox 984 1317 1214 1358; x_wconf 85' lang='lat' dir='ltr'>Antonios.</span> <span class='ocrx_word' id='word_1_181' title='bbox 1275 1316 1364 1357; x_wconf 83' lang='lat' dir='ltr'>Cur</span> <span class='ocrx_word' id='word_1_182' title='bbox 1385 1325 1527 1357; x_wconf 86' lang='lat' dir='ltr'>autem</span> 
     </span>
     <span class='ocr_line' id='line_1_22' title="bbox 94 1373 1528 1432; baseline -0.001 -17"><span class='ocrx_word' id='word_1_183' title='bbox 94 1375 236 1417; x_wconf 86' lang='lat' dir='ltr'>nolint</span> <span class='ocrx_word' id='word_1_184' title='bbox 258 1385 454 1432; x_wconf 87' lang='lat' dir='ltr'>potentes</span> <span class='ocrx_word' id='word_1_185' title='bbox 477 1391 582 1429; x_wconf 88' lang='lat' dir='ltr'>esse,</span> <span class='ocrx_word' id='word_1_186' title='bbox 610 1391 695 1418; x_wconf 88' lang='lat' dir='ltr'>non</span> <span class='ocrx_word' id='word_1_187' title='bbox 718 1377 847 1417; x_wconf 85' lang='lat' dir='ltr'>modo</span> <span class='ocrx_word' id='word_1_188' title='bbox 870 1375 1058 1432; x_wconf 85' lang='lat' dir='ltr'>optimos</span> <span class='ocrx_word' id='word_1_189' title='bbox 1087 1385 1129 1415; x_wconf 91' lang='lat' dir='ltr'>et</span> <span class='ocrx_word' id='word_1_190' title='bbox 1149 1373 1438 1415; x_wconf 85' lang='lat' dir='ltr'>nobilissimos</span> <span class='ocrx_word' id='word_1_191' title='bbox 1465 1374 1528 1413; x_wconf 81' lang='lat' dir='ltr'>vi-</span> 
     </span>
     <span class='ocr_line' id='line_1_23' title="bbox 95 1431 1660 1489; baseline -0.003 -17"><span class='ocrx_word' id='word_1_192' title='bbox 95 1446 181 1483; x_wconf 77' lang='grc' dir='ltr'>ῐοε,</span> <span class='ocrx_word' id='word_1_193' title='bbox 204 1434 277 1475; x_wconf 91' lang='lat' dir='ltr'>sed</span> <span class='ocrx_word' id='word_1_194' title='bbox 300 1443 442 1475; x_wconf 89' lang='lat' dir='ltr'>tecum</span> <span class='ocrx_word' id='word_1_195' title='bbox 463 1435 592 1475; x_wconf 86' lang='lat' dir='ltr'>etiam</span> <span class='ocrx_word' id='word_1_196' title='bbox 616 1435 660 1475; x_wconf 89' lang='lat' dir='ltr'>in</span> <span class='ocrx_word' id='word_1_197' title='bbox 683 1433 931 1489; x_wconf 67' lang='lat' dir='ltr'>reipublicae</span> <span class='ocrx_word' id='word_1_198' title='bbox 961 1432 1209 1473; x_wconf 86' lang='lat' dir='ltr'>defensione</span> <span class='ocrx_word' id='word_1_199' title='bbox 1239 1431 1498 1486; x_wconf 84' lang='lat' dir='ltr'>conjunctos</span> <span class='ocrx_word' id='word_1_200' title='bbox 1516 1433 1572 1478; x_wconf 88' lang='lat' dir='ltr'>?p.</span> <span class='ocrx_word' id='word_1_201' title='bbox 1588 1438 1660 1467; x_wconf 69' lang='lat'>252.</span> 
     </span>
     <span class='ocr_line' id='line_1_24' title="bbox 97 1489 1568 1545; baseline -0.001 -15"><span class='ocrx_word' id='word_1_202' title='bbox 97 1489 291 1531; x_wconf 78' lang='lat' dir='ltr'>nimirum</span> <span class='ocrx_word' id='word_1_203' title='bbox 320 1491 453 1532; x_wconf 84' lang='lat' dir='ltr'>eodem</span> <span class='ocrx_word' id='word_1_204' title='bbox 473 1491 588 1532; x_wconf 80' lang='lat' dir='ltr'>modo</span> <span class='ocrx_word' id='word_1_205' title='bbox 610 1491 690 1532; x_wconf 71' lang='lat' dir='ltr'>lzaec</span> <span class='ocrx_word' id='word_1_206' title='bbox 711 1490 932 1545; x_wconf 75' lang='lat' dir='ltr'>adspicitis‚</span> <span class='ocrx_word' id='word_1_207' title='bbox 954 1497 996 1531; x_wconf 81' lang='lat' dir='ltr'>ut</span> <span class='ocrx_word' id='word_1_208' title='bbox 1013 1489 1173 1545; x_wconf 79' lang='lat' dir='ltr'>priora.</span> <span class='ocrx_word' id='word_1_209' title='bbox 1205 1503 1301 1544; x_wconf 84' lang='lat' dir='ltr'>quae</span> <span class='ocrx_word' id='word_1_210' title='bbox 1327 1489 1496 1529; x_wconf 84' lang='lat' dir='ltr'>tandem</span> <span class='ocrx_word' id='word_1_211' title='bbox 1514 1490 1568 1529; x_wconf 69' lang='lat'>?³·</span> 
     </span>
     <span class='ocr_line' id='line_1_25' title="bbox 95 1545 1607 1603; baseline -0.002 -15"><span class='ocrx_word' id='word_1_212' title='bbox 95 1553 230 1589; x_wconf 81' lang='lat' dir='ltr'>castra</span> <span class='ocrx_word' id='word_1_213' title='bbox 254 1547 444 1603; x_wconf 79' lang='lat' dir='ltr'>Pompeii</span> <span class='ocrx_word' id='word_1_214' title='bbox 463 1556 644 1590; x_wconf 76' lang='lat' dir='ltr'>senatum</span> <span class='ocrx_word' id='word_1_215' title='bbox 664 1547 892 1603; x_wconf 76' lang='lat' dir='ltr'>appellatis,</span> <span class='ocrx_word' id='word_1_216' title='bbox 951 1546 1021 1587; x_wconf 89' lang='lat' dir='ltr'>An</span> <span class='ocrx_word' id='word_1_217' title='bbox 1045 1560 1144 1588; x_wconf 89' lang='lat' dir='ltr'>vero</span> <span class='ocrx_word' id='word_1_218' title='bbox 1179 1556 1252 1586; x_wconf 91' lang='lat' dir='ltr'>tua</span> <span class='ocrx_word' id='word_1_219' title='bbox 1283 1555 1422 1587; x_wconf 82' lang='lat' dir='ltr'>castra</span> <span class='ocrx_word' id='word_1_220' title='bbox 1450 1560 1526 1601; x_wconf 94' lang='lat' dir='ltr'>po-</span> <span class='ocrx_word' id='word_1_221' title='bbox 1546 1545 1607 1592; x_wconf 72' lang='lat'>12</span> 
     </span>
     <span class='ocr_line' id='line_1_26' title="bbox 94 1603 1528 1662; baseline -0.001 -18"><span class='ocrx_word' id='word_1_222' title='bbox 94 1603 180 1645; x_wconf 88' lang='lat' dir='ltr'>tius</span> <span class='ocrx_word' id='word_1_223' title='bbox 203 1608 242 1636; x_wconf 80' lang='lat'>5³</span> <span class='ocrx_word' id='word_1_224' title='bbox 259 1616 452 1647; x_wconf 87' lang='lat' dir='ltr'>senatum</span> <span class='ocrx_word' id='word_1_225' title='bbox 475 1606 812 1662; x_wconf 81' lang='lat' dir='ltr'>appellaremus?</span> <span class='ocrx_word' id='word_1_226' title='bbox 843 1605 886 1645; x_wconf 93' lang='lat' dir='ltr'>in</span> <span class='ocrx_word' id='word_1_227' title='bbox 908 1605 1064 1660; x_wconf 92' lang='lat' dir='ltr'>quibus</span> <span class='ocrx_word' id='word_1_228' title='bbox 1089 1613 1132 1644; x_wconf 86' lang='lat' dir='ltr'>tu</span> <span class='ocrx_word' id='word_1_229' title='bbox 1159 1603 1355 1644; x_wconf 81' lang='lat' dir='ltr'>videlicet</span> <span class='ocrx_word' id='word_1_230' title='bbox 1374 1617 1528 1643; x_wconf 86' lang='lat' dir='ltr'>consu-</span> 
     </span>
     <span class='ocr_line' id='line_1_27' title="bbox 93 1660 1530 1718; baseline -0.001 -16"><span class='ocrx_word' id='word_1_231' title='bbox 93 1660 208 1713; x_wconf 85' lang='lat' dir='ltr'>laris,</span> <span class='ocrx_word' id='word_1_232' title='bbox 240 1663 362 1718; x_wconf 87' lang='lat' dir='ltr'>cujus</span> <span class='ocrx_word' id='word_1_233' title='bbox 396 1672 511 1704; x_wconf 90' lang='lat' dir='ltr'>totus</span> <span class='ocrx_word' id='word_1_234' title='bbox 541 1663 786 1705; x_wconf 90' lang='lat' dir='ltr'>consulatus</span> <span class='ocrx_word' id='word_1_235' title='bbox 817 1672 882 1702; x_wconf 86' lang='lat' dir='ltr'>est</span> <span class='ocrx_word' id='word_1_236' title='bbox 911 1675 965 1702; x_wconf 80' lang='lat' dir='ltr'>ex</span> <span class='ocrx_word' id='word_1_237' title='bbox 1002 1662 1118 1702; x_wconf 88' lang='lat' dir='ltr'>omni</span> <span class='ocrx_word' id='word_1_238' title='bbox 1151 1670 1530 1702; x_wconf 86' lang='lat' dir='ltr'>monumentorum</span> 
     </span>
     <span class='ocr_line' id='line_1_28' title="bbox 96 1717 1534 1776; baseline -0.001 -17"><span class='ocrx_word' id='word_1_239' title='bbox 96 1720 306 1761; x_wconf 85' lang='lat' dir='ltr'>memoria</span> <span class='ocrx_word' id='word_1_240' title='bbox 326 1720 515 1761; x_wconf 84' lang='lat' dir='ltr'>revulsus</span> <span class='ocrx_word' id='word_1_241' title='bbox 534 1737 542 1762; x_wconf 93' lang='lat'>:</span> <span class='ocrx_word' id='word_1_242' title='bbox 575 1723 615 1752; x_wconf 74' lang='lat'>54</span> <span class='ocrx_word' id='word_1_243' title='bbox 627 1720 712 1761; x_wconf 89' lang='lat' dir='ltr'>duo</span> <span class='ocrx_word' id='word_1_244' title='bbox 736 1729 940 1776; x_wconf 85' lang='lat' dir='ltr'>praetores</span> <span class='ocrx_word' id='word_1_245' title='bbox 963 1719 1052 1759; x_wconf 86' lang='lat' dir='ltr'>sine</span> <span class='ocrx_word' id='word_1_246' title='bbox 1074 1734 1203 1760; x_wconf 84' lang='lat' dir='ltr'>causa</span> <span class='ocrx_word' id='word_1_247' title='bbox 1223 1717 1367 1768; x_wconf 81' lang='lat' dir='ltr'>diffisi,</span> <span class='ocrx_word' id='word_1_248' title='bbox 1391 1732 1434 1759; x_wconf 87' lang='lat' dir='ltr'>se</span> <span class='ocrx_word' id='word_1_249' title='bbox 1455 1717 1534 1758; x_wconf 84' lang='lat' dir='ltr'>ali-</span> 
     </span>
     <span class='ocr_line' id='line_1_29' title="bbox 96 1773 1530 1831; baseline 0 -14"><span class='ocrx_word' id='word_1_250' title='bbox 96 1776 202 1831; x_wconf 89' lang='lat' dir='ltr'>quid</span> <span class='ocrx_word' id='word_1_251' title='bbox 235 1777 482 1819; x_wconf 81' lang='lat' dir='ltr'>habituros:</span> <span class='ocrx_word' id='word_1_252' title='bbox 514 1792 592 1818; x_wconf 90' lang='lat' dir='ltr'>nos</span> <span class='ocrx_word' id='word_1_253' title='bbox 629 1778 742 1818; x_wconf 89' lang='lat' dir='ltr'>enim</span> <span class='ocrx_word' id='word_1_254' title='bbox 782 1775 966 1817; x_wconf 81' lang='lat' dir='ltr'>Caesaris</span> <span class='ocrx_word' id='word_1_255' title='bbox 1001 1776 1207 1816; x_wconf 87' lang='lat' dir='ltr'>beneficia</span> <span class='ocrx_word' id='word_1_256' title='bbox 1236 1773 1530 1817; x_wconf 87' lang='lat' dir='ltr'>defendimus:</span> 
     </span>
     <span class='ocr_line' id='line_1_30' title="bbox 96 1832 1534 1890; baseline -0.001 -16"><span class='ocrx_word' id='word_1_257' title='bbox 96 1835 305 1889; x_wconf 65' lang='lat' dir='ltr'>praetorii,</span> <span class='ocrx_word' id='word_1_258' title='bbox 335 1833 642 1890; x_wconf 87' lang='lat' dir='ltr'>Philadelphus</span> <span class='ocrx_word' id='word_1_259' title='bbox 670 1835 853 1885; x_wconf 91' lang='lat' dir='ltr'>Annius,</span> <span class='ocrx_word' id='word_1_260' title='bbox 875 1843 918 1874; x_wconf 86' lang='lat' dir='ltr'>et</span> <span class='ocrx_word' id='word_1_261' title='bbox 946 1834 1149 1874; x_wconf 85' lang='lat' dir='ltr'>innocens</span> <span class='ocrx_word' id='word_1_262' title='bbox 1173 1832 1363 1873; x_wconf 84' lang='lat' dir='ltr'>Gallius:</span> <span class='ocrx_word' id='word_1_263' title='bbox 1397 1832 1534 1873; x_wconf 84' lang='lat' dir='ltr'>aedili-</span> 
     </span>
     <span class='ocr_line' id='line_1_31' title="bbox 95 1889 1534 1944; baseline -0.001 -13"><span class='ocrx_word' id='word_1_264' title='bbox 95 1890 168 1942; x_wconf 89' lang='lat' dir='ltr'>cii,</span> <span class='ocrx_word' id='word_1_265' title='bbox 191 1893 231 1922; x_wconf 80' lang='lat'>5¹⁵</span> <span class='ocrx_word' id='word_1_266' title='bbox 247 1891 426 1933; x_wconf 91' lang='lat' dir='ltr'>Coricus</span> <span class='ocrx_word' id='word_1_267' title='bbox 448 1892 627 1932; x_wconf 88' lang='lat' dir='ltr'>laterum</span> <span class='ocrx_word' id='word_1_268' title='bbox 650 1902 693 1932; x_wconf 87' lang='lat' dir='ltr'>et</span> <span class='ocrx_word' id='word_1_269' title='bbox 715 1891 832 1932; x_wconf 89' lang='lat' dir='ltr'>vocis</span> <span class='ocrx_word' id='word_1_270' title='bbox 864 1905 970 1931; x_wconf 85' lang='lat' dir='ltr'>meae</span> <span class='ocrx_word' id='word_1_271' title='bbox 1008 1890 1169 1941; x_wconf 83' lang='lat' dir='ltr'>Bestia,</span> <span class='ocrx_word' id='word_1_272' title='bbox 1199 1899 1242 1931; x_wconf 88' lang='lat' dir='ltr'>et</span> <span class='ocrx_word' id='word_1_273' title='bbox 1265 1889 1362 1929; x_wconf 86' lang='lat' dir='ltr'>fidei</span> <span class='ocrx_word' id='word_1_274' title='bbox 1389 1898 1534 1944; x_wconf 86' lang='lat' dir='ltr'>patro-</span> 
     </span>
     <span class='ocr_line' id='line_1_32' title="bbox 99 1947 1536 2002; baseline -0.001 -14"><span class='ocrx_word' id='word_1_275' title='bbox 99 1961 207 1989; x_wconf 90' lang='lat' dir='ltr'>nus:</span> <span class='ocrx_word' id='word_1_276' title='bbox 240 1947 460 1990; x_wconf 85' lang='lat' dir='ltr'>fraudator</span> <span class='ocrx_word' id='word_1_277' title='bbox 479 1949 738 1990; x_wconf 87' lang='lat' dir='ltr'>creditorum</span> <span class='ocrx_word' id='word_1_278' title='bbox 760 1948 1011 1998; x_wconf 78' lang='lat' dir='ltr'>Trebellius,</span> <span class='ocrx_word' id='word_1_279' title='bbox 1034 1958 1078 1988; x_wconf 85' lang='lat' dir='ltr'>et</span> <span class='ocrx_word' id='word_1_280' title='bbox 1099 1947 1229 1988; x_wconf 87' lang='lat' dir='ltr'>homo</span> <span class='ocrx_word' id='word_1_281' title='bbox 1251 1947 1448 2002; x_wconf 88' lang='lat' dir='ltr'>diruptus</span> <span class='ocrx_word' id='word_1_282' title='bbox 1470 1947 1536 1987; x_wconf 84' lang='lat' dir='ltr'>di-</span> 
     </span>
     <span class='ocr_line' id='line_1_33' title="bbox 99 2003 1535 2061; baseline -0.001 -16"><span class='ocrx_word' id='word_1_283' title='bbox 99 2013 322 2061; x_wconf 86' lang='lat' dir='ltr'>rutusque,</span> <span class='ocrx_word' id='word_1_284' title='bbox 357 2006 414 2053; x_wconf 84' lang='lat' dir='ltr'>Q.</span> <span class='ocrx_word' id='word_1_285' title='bbox 449 2005 631 2057; x_wconf 76' lang='lat' dir='ltr'>Coelius,</span> <span class='ocrx_word' id='word_1_286' title='bbox 662 2006 945 2060; x_wconf 88' lang='lat' dir='ltr'>columenque</span> <span class='ocrx_word' id='word_1_287' title='bbox 967 2005 1202 2046; x_wconf 87' lang='lat' dir='ltr'>amicorum</span> <span class='ocrx_word' id='word_1_288' title='bbox 1227 2003 1425 2052; x_wconf 84' lang='lat' dir='ltr'>Antonii,</span> <span class='ocrx_word' id='word_1_289' title='bbox 1448 2003 1535 2044; x_wconf 87' lang='lat' dir='ltr'>Co-</span> 
     </span>
     <span class='ocr_line' id='line_1_34' title="bbox 99 2060 1536 2119; baseline 0 -17"><span class='ocrx_word' id='word_1_290' title='bbox 99 2060 190 2118; x_wconf 80' lang='lat' dir='ltr'>tyla</span> <span class='ocrx_word' id='word_1_291' title='bbox 212 2063 388 2115; x_wconf 76' lang='lat' dir='ltr'>Varius3</span> <span class='ocrx_word' id='word_1_292' title='bbox 419 2078 527 2119; x_wconf 92' lang='lat' dir='ltr'>quos</span> <span class='ocrx_word' id='word_1_293' title='bbox 547 2062 763 2104; x_wconf 88' lang='lat' dir='ltr'>Antonius</span> <span class='ocrx_word' id='word_1_294' title='bbox 787 2063 1034 2104; x_wconf 85' lang='lat' dir='ltr'>deliciarum</span> <span class='ocrx_word' id='word_1_295' title='bbox 1068 2076 1195 2102; x_wconf 86' lang='lat' dir='ltr'>causa</span> <span class='ocrx_word' id='word_1_296' title='bbox 1226 2061 1325 2102; x_wconf 79' lang='lat' dir='ltr'>loris</span> <span class='ocrx_word' id='word_1_297' title='bbox 1357 2061 1400 2101; x_wconf 89' lang='lat' dir='ltr'>in</span> <span class='ocrx_word' id='word_1_298' title='bbox 1431 2076 1536 2102; x_wconf 89' lang='lat' dir='ltr'>con-</span> 
     </span>
     <span class='ocr_line' id='line_1_35' title="bbox 98 2117 1535 2176; baseline -0.001 -15"><span class='ocrx_word' id='word_1_299' title='bbox 98 2119 217 2160; x_wconf 80' lang='lat' dir='ltr'>vivio</span> <span class='ocrx_word' id='word_1_300' title='bbox 238 2120 347 2161; x_wconf 87' lang='lat' dir='ltr'>caedi</span> <span class='ocrx_word' id='word_1_301' title='bbox 366 2120 554 2175; x_wconf 86' lang='lat' dir='ltr'>jubebat</span> <span class='ocrx_word' id='word_1_302' title='bbox 572 2136 597 2161; x_wconf 88' lang='lat' dir='ltr'>a</span> <span class='ocrx_word' id='word_1_303' title='bbox 618 2120 748 2161; x_wconf 90' lang='lat' dir='ltr'>servis</span> <span class='ocrx_word' id='word_1_304' title='bbox 770 2119 979 2176; x_wconf 87' lang='lat' dir='ltr'>publicis:</span> <span class='ocrx_word' id='word_1_305' title='bbox 1013 2118 1357 2175; x_wconf 65' lang='lat' dir='ltr'>septemvir-ales,</span> <span class='ocrx_word' id='word_1_306' title='bbox 1383 2117 1535 2171; x_wconf 89' lang='lat' dir='ltr'>Lento,</span> 
     </span>
     <span class='ocr_line' id='line_1_36' title="bbox 99 2174 1537 2233; baseline 0.001 -16"><span class='ocrx_word' id='word_1_307' title='bbox 99 2175 292 2219; x_wconf 86' lang='lat' dir='ltr'>Nucula:</span> <span class='ocrx_word' id='word_1_308' title='bbox 326 2186 418 2218; x_wconf 92' lang='lat' dir='ltr'>tum</span> <span class='ocrx_word' id='word_1_309' title='bbox 449 2177 615 2219; x_wconf 83' lang='lat' dir='ltr'>deliciae</span> <span class='ocrx_word' id='word_1_310' title='bbox 643 2188 771 2233; x_wconf 85' lang='lat' dir='ltr'>atque</span> <span class='ocrx_word' id='word_1_311' title='bbox 792 2191 956 2218; x_wconf 86' lang='lat' dir='ltr'>amores</span> <span class='ocrx_word' id='word_1_312' title='bbox 987 2175 1134 2231; x_wconf 86' lang='lat' dir='ltr'>populi</span> <span class='ocrx_word' id='word_1_313' title='bbox 1159 2175 1344 2216; x_wconf 86' lang='lat' dir='ltr'>Romani</span> <span class='ocrx_word' id='word_1_314' title='bbox 1373 2174 1420 2215; x_wconf 90' lang='lat' dir='ltr'>L.</span> <span class='ocrx_word' id='word_1_315' title='bbox 1444 2174 1537 2218; x_wconf 92' lang='lat' dir='ltr'>An-</span> 
     </span>
     <span class='ocr_line' id='line_1_37' title="bbox 98 2231 1537 2290; baseline 0.001 -16"><span class='ocrx_word' id='word_1_316' title='bbox 98 2233 269 2278; x_wconf 76' lang='lat' dir='ltr'>tonius:</span> <span class='ocrx_word' id='word_1_317' title='bbox 313 2235 474 2276; x_wconf 90' lang='lat' dir='ltr'>tribuni</span> <span class='ocrx_word' id='word_1_318' title='bbox 512 2235 698 2290; x_wconf 88' lang='lat' dir='ltr'>primum</span> <span class='ocrx_word' id='word_1_319' title='bbox 734 2235 818 2276; x_wconf 92' lang='lat' dir='ltr'>duo</span> <span class='ocrx_word' id='word_1_320' title='bbox 857 2234 1086 2290; x_wconf 82' lang='lat' dir='ltr'>designati,</span> <span class='ocrx_word' id='word_1_321' title='bbox 1119 2232 1266 2274; x_wconf 88' lang='lat' dir='ltr'>Tullus</span> <span class='ocrx_word' id='word_1_322' title='bbox 1306 2231 1537 2285; x_wconf 85' lang='lat' dir='ltr'>Hostilius,</span> 
     </span>
     <span class='ocr_line' id='line_1_38' title="bbox 96 2289 1538 2347; baseline 0.001 -15"><span class='ocrx_word' id='word_1_323' title='bbox 96 2289 224 2345; x_wconf 77' lang='lat' dir='ltr'>⁵⁶qui</span> <span class='ocrx_word' id='word_1_324' title='bbox 246 2292 434 2347; x_wconf 88' lang='lat' dir='ltr'>suojure</span> <span class='ocrx_word' id='word_1_325' title='bbox 456 2293 500 2333; x_wconf 89' lang='lat' dir='ltr'>in</span> <span class='ocrx_word' id='word_1_326' title='bbox 529 2302 654 2347; x_wconf 86' lang='lat' dir='ltr'>porta</span> <span class='ocrx_word' id='word_1_327' title='bbox 675 2306 832 2333; x_wconf 90' lang='lat' dir='ltr'>nomen</span> <span class='ocrx_word' id='word_1_328' title='bbox 863 2291 1107 2346; x_wconf 88' lang='lat' dir='ltr'>inscripsit:</span> <span class='ocrx_word' id='word_1_329' title='bbox 1138 2291 1213 2346; x_wconf 89' lang='lat' dir='ltr'>qui</span> <span class='ocrx_word' id='word_1_330' title='bbox 1236 2304 1333 2331; x_wconf 90' lang='lat' dir='ltr'>cum</span> <span class='ocrx_word' id='word_1_331' title='bbox 1360 2291 1538 2345; x_wconf 86' lang='lat' dir='ltr'>prodere</span> 
     </span>
     <span class='ocr_line' id='line_1_39' title="bbox 98 2346 1538 2406; baseline 0.001 -17"><span class='ocrx_word' id='word_1_332' title='bbox 98 2346 401 2405; x_wconf 88' lang='lat' dir='ltr'>imperatorem</span> <span class='ocrx_word' id='word_1_333' title='bbox 425 2363 548 2390; x_wconf 89' lang='lat' dir='ltr'>suum</span> <span class='ocrx_word' id='word_1_334' title='bbox 570 2363 654 2390; x_wconf 93' lang='lat' dir='ltr'>non</span> <span class='ocrx_word' id='word_1_335' title='bbox 674 2359 833 2406; x_wconf 86' lang='lat' dir='ltr'>posset,</span> <span class='ocrx_word' id='word_1_336' title='bbox 856 2348 1041 2403; x_wconf 88' lang='lat' dir='ltr'>reliquit.</span> <span class='ocrx_word' id='word_1_337' title='bbox 1073 2350 1113 2382; x_wconf 82' lang='lat'>57</span> <span class='ocrx_word' id='word_1_338' title='bbox 1127 2347 1232 2388; x_wconf 89' lang='lat' dir='ltr'>alter</span> <span class='ocrx_word' id='word_1_339' title='bbox 1253 2357 1316 2388; x_wconf 89' lang='lat' dir='ltr'>est</span> <span class='ocrx_word' id='word_1_340' title='bbox 1339 2347 1538 2405; x_wconf 82' lang='lat' dir='ltr'>designa-</span> 
     </span>
    </p>
   </div>
   <div class='ocr_carea' id='block_1_3' title="bbox 94 2460 1544 2925">
    <p class='ocr_par' dir='ltr' id='par_1_3' title="bbox 96 2460 1540 2630">
     <span class='ocr_line' id='line_1_40' title="bbox 135 2460 1537 2503; baseline 0.001 -12"><span class='ocrx_word' id='word_1_341' title='bbox 135 2462 177 2492; x_wconf 86' lang='lat'>53</span> <span class='ocrx_word' id='word_1_342' title='bbox 200 2466 351 2493; x_wconf 80' lang='lat' dir='ltr'>senatum</span> <span class='ocrx_word' id='word_1_343' title='bbox 367 2462 618 2503; x_wconf 78' lang='lat' dir='ltr'>appellaremus]</span> <span class='ocrx_word' id='word_1_344' title='bbox 645 2462 795 2493; x_wconf 75' lang='lat' dir='ltr'>Sci-iben—</span> <span class='ocrx_word' id='word_1_345' title='bbox 837 2471 922 2492; x_wconf 89' lang='lat' dir='ltr'>mus.</span> <span class='ocrx_word' id='word_1_346' title='bbox 944 2471 1019 2492; x_wconf 84' lang='lat' dir='ltr'>mox</span> <span class='ocrx_word' id='word_1_347' title='bbox 1035 2463 1125 2492; x_wconf 81' lang='lat' dir='ltr'>homo</span> <span class='ocrx_word' id='word_1_348' title='bbox 1140 2461 1292 2501; x_wconf 73' lang='lat' dir='ltr'>diruptus</span> <span class='ocrx_word' id='word_1_349' title='bbox 1304 2460 1497 2502; x_wconf 81' lang='lat' dir='ltr'>dirutusque</span> <span class='ocrx_word' id='word_1_350' title='bbox 1507 2473 1537 2495; x_wconf 74' lang='lat' dir='ltr'>v.</span> 
     </span>
     <span class='ocr_line' id='line_1_41' title="bbox 96 2501 931 2545; baseline 0.001 -12"><span class='ocrx_word' id='word_1_351' title='bbox 96 2501 177 2533; x_wconf 85' lang='lat' dir='ltr'>dum</span> <span class='ocrx_word' id='word_1_352' title='bbox 189 2508 240 2534; x_wconf 88' lang='lat' dir='ltr'>est</span> <span class='ocrx_word' id='word_1_353' title='bbox 254 2507 462 2544; x_wconf 78' lang='lat' dir='ltr'>appellemus.</span> <span class='ocrx_word' id='word_1_354' title='bbox 507 2506 541 2537; x_wconf 86' lang='lat' dir='ltr'>Si</span> <span class='ocrx_word' id='word_1_355' title='bbox 556 2515 615 2545; x_wconf 85' lang='lat' dir='ltr'>pro</span> <span class='ocrx_word' id='word_1_356' title='bbox 624 2506 733 2545; x_wconf 75' lang='lat' dir='ltr'>potius</span> <span class='ocrx_word' id='word_1_357' title='bbox 746 2515 796 2535; x_wconf 84' lang='lat' dir='ltr'>es·</span> <span class='ocrx_word' id='word_1_358' title='bbox 840 2505 931 2534; x_wconf 84' lang='lat' dir='ltr'>Clav.</span> 
     </span>
     <span class='ocr_line' id='line_1_42' title="bbox 97 2544 1540 2587; baseline 0.001 -12"><span class='ocrx_word' id='word_1_359' title='bbox 97 2550 149 2576; x_wconf 85' lang='lat' dir='ltr'>set</span> <span class='ocrx_word' id='word_1_360' title='bbox 170 2547 301 2583; x_wconf 80' lang='lat' dir='ltr'>rectius,</span> <span class='ocrx_word' id='word_1_361' title='bbox 325 2557 399 2578; x_wconf 82' lang='lat' dir='ltr'>vera</span> <span class='ocrx_word' id='word_1_362' title='bbox 420 2551 506 2578; x_wconf 80' lang='lat' dir='ltr'>esset</span> <span class='ocrx_word' id='word_1_363' title='bbox 530 2547 664 2586; x_wconf 78' lang='lat' dir='ltr'>mlgata</span> <span class='ocrx_word' id='word_1_364' title='bbox 687 2547 796 2580; x_wconf 77' lang='lat' dir='ltr'>lectio,</span> <span class='ocrx_word' id='word_1_365' title='bbox 883 2547 922 2576; x_wconf 81' lang='lat'>56</span> <span class='ocrx_word' id='word_1_366' title='bbox 937 2546 992 2586; x_wconf 81' lang='lat' dir='ltr'>qui</span> <span class='ocrx_word' id='word_1_367' title='bbox 1005 2544 1370 2587; x_wconf 64' lang='lat' dir='ltr'>mojam—inscripsit]</span> <span class='ocrx_word' id='word_1_368' title='bbox 1391 2545 1427 2576; x_wconf 87' lang='lat' dir='ltr'>ln</span> <span class='ocrx_word' id='word_1_369' title='bbox 1445 2551 1540 2587; x_wconf 82' lang='lat' dir='ltr'>porta</span> 
     </span>
     <span class='ocr_line' id='line_1_43' title="bbox 99 2587 1540 2630; baseline 0.001 -12"><span class='ocrx_word' id='word_1_370' title='bbox 99 2596 178 2618; x_wconf 80' lang='lat' dir='ltr'>mox</span> <span class='ocrx_word' id='word_1_371' title='bbox 193 2594 268 2628; x_wconf 87' lang='lat' dir='ltr'>post</span> <span class='ocrx_word' id='word_1_372' title='bbox 281 2593 318 2619; x_wconf 82' lang='lat' dir='ltr'>tu</span> <span class='ocrx_word' id='word_1_373' title='bbox 334 2589 399 2620; x_wconf 87' lang='lat' dir='ltr'>Ms.</span> <span class='ocrx_word' id='word_1_374' title='bbox 418 2589 528 2630; x_wconf 87' lang='lat' dir='ltr'>Huyd.</span> <span class='ocrx_word' id='word_1_375' title='bbox 544 2589 634 2620; x_wconf 85' lang='lat' dir='ltr'>addit</span> <span class='ocrx_word' id='word_1_376' title='bbox 646 2599 688 2619; x_wconf 75' lang='lat' dir='ltr'>es.</span> <span class='ocrx_word' id='word_1_377' title='bbox 840 2597 884 2618; x_wconf 88' lang='lat' dir='ltr'>sc.</span> <span class='ocrx_word' id='word_1_378' title='bbox 908 2588 1061 2619; x_wconf 80' lang='lat' dir='ltr'>Hostilia.</span> <span class='ocrx_word' id='word_1_379' title='bbox 1086 2598 1148 2628; x_wconf 88' lang='lat' dir='ltr'>quo</span> <span class='ocrx_word' id='word_1_380' title='bbox 1172 2587 1204 2617; x_wconf 88' lang='lat' dir='ltr'>id</span> <span class='ocrx_word' id='word_1_381' title='bbox 1227 2594 1338 2618; x_wconf 85' lang='lat' dir='ltr'>autem</span> <span class='ocrx_word' id='word_1_382' title='bbox 1362 2590 1540 2627; x_wconf 80' lang='lat' dir='ltr'>pertineat,</span> 
     </span>
    </p>

    <p class='ocr_par' dir='ltr' id='par_1_4' title="bbox 95 2630 1540 2745">
     <span class='ocr_line' id='line_1_44' title="bbox 138 2630 1540 2671; baseline 0.001 -11"><span class='ocrx_word' id='word_1_383' title='bbox 138 2632 180 2661; x_wconf 89' lang='grc'>54</span> <span class='ocrx_word' id='word_1_384' title='bbox 201 2631 264 2661; x_wconf 82' lang='lat' dir='ltr'>duo</span> <span class='ocrx_word' id='word_1_385' title='bbox 279 2631 448 2671; x_wconf 82' lang='lat' dir='ltr'>proetores]</span> <span class='ocrx_word' id='word_1_386' title='bbox 473 2631 579 2662; x_wconf 85' lang='lat' dir='ltr'>intell.</span> <span class='ocrx_word' id='word_1_387' title='bbox 602 2630 796 2662; x_wconf 85' lang='lat' dir='ltr'>Ventidium</span> <span class='ocrx_word' id='word_1_388' title='bbox 838 2640 936 2661; x_wconf 82' lang='lat' dir='ltr'>nemo</span> <span class='ocrx_word' id='word_1_389' title='bbox 972 2631 1101 2661; x_wconf 81' lang='lat' dir='ltr'>dixerit.</span> <span class='ocrx_word' id='word_1_390' title='bbox 1151 2630 1388 2669; x_wconf 82' lang='lat' dir='ltr'>Imperatorem</span> <span class='ocrx_word' id='word_1_391' title='bbox 1421 2641 1540 2670; x_wconf 55' lang='lat' dir='ltr'>fuum:</span> 
     </span>
     <span class='ocr_line' id='line_1_45' title="bbox 95 2672 1540 2714; baseline 0.001 -12"><span class='ocrx_word' id='word_1_392' title='bbox 95 2675 131 2702; x_wconf 82' lang='lat' dir='ltr'>et</span> <span class='ocrx_word' id='word_1_393' title='bbox 147 2672 341 2704; x_wconf 86' lang='lat' dir='ltr'>Censorium</span> <span class='ocrx_word' id='word_1_394' title='bbox 364 2673 475 2714; x_wconf 84' lang='lat' dir='ltr'>paullo</span> <span class='ocrx_word' id='word_1_395' title='bbox 496 2678 574 2705; x_wconf 85' lang='lat' dir='ltr'>ante</span> <span class='ocrx_word' id='word_1_396' title='bbox 594 2683 795 2705; x_wconf 84' lang='lat' dir='ltr'>commemo·</span> <span class='ocrx_word' id='word_1_397' title='bbox 839 2673 1002 2703; x_wconf 82' lang='lat' dir='ltr'>incertum</span> <span class='ocrx_word' id='word_1_398' title='bbox 1021 2679 1146 2710; x_wconf 87' lang='lat' dir='ltr'>utrum,</span> <span class='ocrx_word' id='word_1_399' title='bbox 1162 2673 1325 2703; x_wconf 76' lang='lat' dir='ltr'>Caesarein</span> <span class='ocrx_word' id='word_1_400' title='bbox 1340 2681 1382 2702; x_wconf 84' lang='lat' dir='ltr'>an</span> <span class='ocrx_word' id='word_1_401' title='bbox 1395 2673 1540 2704; x_wconf 81' lang='lat' dir='ltr'>Brutum</span> 
     </span>
     <span class='ocr_line' id='line_1_46' title="bbox 98 2716 901 2745; baseline 0.001 -1"><span class='ocrx_word' id='word_1_402' title='bbox 98 2717 200 2745; x_wconf 82' lang='lat' dir='ltr'>ratos.</span> <span class='ocrx_word' id='word_1_403' title='bbox 842 2716 901 2745; x_wconf 86' lang='lat' dir='ltr'>&amp;c.</span> 
     </span>
    </p>

    <p class='ocr_par' dir='ltr' id='par_1_5' title="bbox 94 2754 1544 2925">
     <span class='ocr_line' id='line_1_47' title="bbox 138 2754 1543 2796; baseline 0.001 -10"><span class='ocrx_word' id='word_1_404' title='bbox 138 2758 179 2787; x_wconf 85' lang='lat'>55</span> <span class='ocrx_word' id='word_1_405' title='bbox 200 2756 484 2788; x_wconf 73' lang='lat' dir='ltr'>coricuslaaeerum</span> <span class='ocrx_word' id='word_1_406' title='bbox 497 2762 528 2788; x_wconf 84' lang='lat' dir='ltr'>et</span> <span class='ocrx_word' id='word_1_407' title='bbox 541 2758 625 2789; x_wconf 71' lang='lat' dir='ltr'>vocis</span> <span class='ocrx_word' id='word_1_408' title='bbox 638 2766 716 2788; x_wconf 84' lang='lat' dir='ltr'>meae</span> <span class='ocrx_word' id='word_1_409' title='bbox 729 2755 797 2788; x_wconf 79' lang='lat' dir='ltr'>Be·</span> <span class='ocrx_word' id='word_1_410' title='bbox 883 2759 923 2790; x_wconf 79' lang='grc'>57</span> <span class='ocrx_word' id='word_1_411' title='bbox 945 2758 1031 2787; x_wconf 78' lang='lat' dir='ltr'>alter</span> <span class='ocrx_word' id='word_1_412' title='bbox 1056 2761 1102 2787; x_wconf 81' lang='lat' dir='ltr'>est</span> <span class='ocrx_word' id='word_1_413' title='bbox 1128 2754 1331 2795; x_wconf 66' lang='lat' dir='ltr'>designatus]</span> <span class='ocrx_word' id='word_1_414' title='bbox 1359 2757 1457 2793; x_wconf 87' lang='lat' dir='ltr'>Puto,</span> <span class='ocrx_word' id='word_1_415' title='bbox 1483 2766 1543 2796; x_wconf 81' lang='lat' dir='ltr'>per</span> 
     </span>
     <span class='ocr_line' id='line_1_48' title="bbox 94 2798 1541 2840; baseline 0.001 -12"><span class='ocrx_word' id='word_1_416' title='bbox 94 2799 161 2828; x_wconf 67' lang='lat' dir='ltr'>Stia</span> <span class='ocrx_word' id='word_1_417' title='bbox 172 2798 250 2838; x_wconf 84' lang='lat' dir='ltr'>&amp;c.]</span> <span class='ocrx_word' id='word_1_418' title='bbox 269 2798 350 2829; x_wconf 85' lang='lat' dir='ltr'>Haee</span> <span class='ocrx_word' id='word_1_419' title='bbox 364 2809 426 2840; x_wconf 78' lang='lat' dir='ltr'>ego</span> <span class='ocrx_word' id='word_1_420' title='bbox 440 2809 520 2831; x_wconf 85' lang='lat' dir='ltr'>sana</span> <span class='ocrx_word' id='word_1_421' title='bbox 535 2810 602 2830; x_wconf 92' lang='lat' dir='ltr'>non</span> <span class='ocrx_word' id='word_1_422' title='bbox 618 2807 699 2840; x_wconf 85' lang='lat' dir='ltr'>puto</span> <span class='ocrx_word' id='word_1_423' title='bbox 710 2810 721 2830; x_wconf 70' lang='grc' dir='ltr'>ι</span> <span class='ocrx_word' id='word_1_424' title='bbox 737 2808 798 2829; x_wconf 87' lang='lat' dir='ltr'>nec</span> <span class='ocrx_word' id='word_1_425' title='bbox 841 2799 983 2837; x_wconf 67' lang='lat' dir='ltr'>glossam</span> <span class='ocrx_word' id='word_1_426' title='bbox 999 2798 1146 2829; x_wconf 83' lang='lat' dir='ltr'>additum</span> <span class='ocrx_word' id='word_1_427' title='bbox 1170 2808 1253 2834; x_wconf 79' lang='lat' dir='ltr'>esse,</span> <span class='ocrx_word' id='word_1_428' title='bbox 1275 2802 1320 2828; x_wconf 75' lang='lat' dir='ltr'>esc</span> <span class='ocrx_word' id='word_1_429' title='bbox 1342 2798 1541 2838; x_wconf 77' lang='lat' dir='ltr'>designatus.</span> 
     </span>
     <span class='ocr_line' id='line_1_49' title="bbox 94 2839 1542 2883; baseline 0.003 -15"><span class='ocrx_word' id='word_1_430' title='bbox 94 2840 266 2872; x_wconf 84' lang='lat' dir='ltr'>commode</span> <span class='ocrx_word' id='word_1_431' title='bbox 283 2840 438 2881; x_wconf 84' lang='lat' dir='ltr'>explicari</span> <span class='ocrx_word' id='word_1_432' title='bbox 457 2848 606 2883; x_wconf 90' lang='lat' dir='ltr'>possunt.</span> <span class='ocrx_word' id='word_1_433' title='bbox 630 2852 702 2878; x_wconf 86' lang='lat' dir='ltr'>nec,</span> <span class='ocrx_word' id='word_1_434' title='bbox 722 2841 800 2880; x_wconf 89' lang='lat' dir='ltr'>quia</span> <span class='ocrx_word' id='word_1_435' title='bbox 841 2850 939 2881; x_wconf 82' lang='lat' dir='ltr'>supra</span> <span class='ocrx_word' id='word_1_436' title='bbox 951 2842 984 2870; x_wconf 86' lang='lat' dir='ltr'>in</span> <span class='ocrx_word' id='word_1_437' title='bbox 999 2841 1115 2871; x_wconf 73' lang='lat' dir='ltr'>Tullus</span> <span class='ocrx_word' id='word_1_438' title='bbox 1131 2840 1178 2872; x_wconf 92' lang='lat' dir='ltr'>H.</span> <span class='ocrx_word' id='word_1_439' title='bbox 1192 2839 1542 2882; x_wconf 74' lang='lat' dir='ltr'>intelligitur-primus.</span> 
     </span>
     <span class='ocr_line' id='line_1_50' title="bbox 97 2881 1544 2925; baseline 0.001 -11"><span class='ocrx_word' id='word_1_440' title='bbox 97 2881 268 2915; x_wconf 75' lang='lat' dir='ltr'>historiam</span> <span class='ocrx_word' id='word_1_441' title='bbox 283 2883 485 2924; x_wconf 75' lang='lat' dir='ltr'>ignoramus,</span> <span class='ocrx_word' id='word_1_442' title='bbox 501 2885 674 2915; x_wconf 79' lang='lat' dir='ltr'>emendare</span> <span class='ocrx_word' id='word_1_443' title='bbox 687 2893 799 2925; x_wconf 82' lang='lat' dir='ltr'>possu-</span> <span class='ocrx_word' id='word_1_444' title='bbox 843 2882 882 2925; x_wconf 75' lang='lat'>,¹¹¹</span> <span class='ocrx_word' id='word_1_445' title='bbox 899 2885 1032 2914; x_wconf 82' lang='lat' dir='ltr'>nomine</span> <span class='ocrx_word' id='word_1_446' title='bbox 1048 2883 1140 2913; x_wconf 79' lang='lat' dir='ltr'>valde</span> <span class='ocrx_word' id='word_1_447' title='bbox 1156 2883 1284 2914; x_wconf 78' lang='lat' dir='ltr'>variant</span> <span class='ocrx_word' id='word_1_448' title='bbox 1303 2882 1391 2921; x_wconf 86' lang='lat' dir='ltr'>libri,</span> <span class='ocrx_word' id='word_1_449' title='bbox 1409 2883 1494 2916; x_wconf 79' lang='lat' dir='ltr'>unde</span> <span class='ocrx_word' id='word_1_450' title='bbox 1509 2887 1544 2915; x_wconf 81' lang='lat' dir='ltr'>et</span> 
     </span>
    </p>
   </div>
   <div class='ocr_carea' id='block_1_4' title="bbox 766 2931 890 2967">
    <p class='ocr_par' dir='ltr' id='par_1_6' title="bbox 766 2931 890 2967">
     <span class='ocr_line' id='line_1_51' title="bbox 766 2931 890 2967; baseline 0 -1"><span class='ocrx_word' id='word_1_451' title='bbox 766 2931 890 2967; x_wconf 78' lang='lat'>423</span> 
     </span>
    </p>
   </div>
  </div>
 </body>
</html>
