1785 3185
630 93 1020 137 RESPONSIO.
1451 96 1551 131 145³

110 202 354 244 censorium
384 202 575 258 elogium
608 202 743 258 Appii
768 201 936 244 Claudii
959 210 1003 242 et
1034 200 1084 242 L.
1117 198 1304 249 Pisonis,
1326 197 1553 253 integerri-

110 273 279 301 morum
313 261 517 312 virorum,
537 274 624 315 quo
650 275 747 300 usus
782 271 846 300 est
868 259 1049 313 quisque
1069 271 1232 307 eorum,
1253 269 1329 312 pro
1352 255 1445 311 lege
1476 269 1552 310 pa-

108 315 195 358 lam
229 318 438 358 universis
471 317 720 358 recitarem:
765 330 908 358 nonne
939 315 1019 355 tibi
1055 314 1217 355 viderer
1249 323 1431 354 aeternas
1454 312 1551 352 inu-

108 387 201 415 rere
223 373 426 426 maculas,
449 389 554 429 quas
579 374 740 429 reliqua
763 374 852 414 vita
874 382 947 413 tua
969 371 1108 412 eluere
1130 385 1214 411 non
1236 371 1399 425 possit?
1461 369 1550 409 Ne-

109 445 195 486 que
218 441 316 487 post
341 431 457 472 illum
493 431 706 473 delectum
730 441 900 471 senatus
922 443 1124 483 umquam
1159 439 1201 467 te
1226 427 1434 467 vidimus:
1466 426 1549 466 nisi

110 488 223 529 forte
242 489 284 529 in
308 502 358 529 ea
380 498 422 529 te
454 498 591 530 castra
613 487 856 544 conjecisti,
873 501 959 542 quo
993 485 1133 526 omnis
1155 484 1322 525 sentina
1345 482 1548 538 reipubli-

110 559 174 586 cae
206 545 492 586 confluxerat.
552 546 612 586 At
642 546 755 587 idem
787 544 1027 593 Sallustius,
1049 541 1122 597 qui
1150 543 1192 582 in
1224 555 1329 597 pace
1350 556 1403 581 ne
1426 541 1610 583 sena-17

109 610 178 642 tor
214 602 387 657 quidem
429 613 661 645 manserat:
712 612 989 659 posteaquam
1023 599 1264 655 respublica
1303 598 1431 638 armis
1468 612 1546 653 op-

108 673 256 715 pressa
275 669 354 711 est,
375 670 419 700 et
442 660 553 701 idem
578 661 775 710 victores,
797 659 870 714 qui
892 657 1038 699 exules
1060 656 1252 697 reduxit:
1286 655 1327 695 in
1351 665 1547 696 senatum

108 726 210 772 post
231 727 492 772 quaestnram
514 728 578 758 est
608 717 821 758 reductus.
852 729 979 770 quem
1009 715 1214 755 honorem
1247 713 1309 753 ita
1329 713 1477 768 gessit,
1499 723 1548 753 ut

110 773 220 814 nihil
244 776 285 815 in
309 788 360 814 eo
382 789 467 815 non
494 774 640 815 venale
668 773 881 823 habuerit,
903 772 1026 827 cujus
1057 771 1209 826 aliquis
1241 781 1381 810 emtor
1403 769 1546 810 fuerit.

111 828 182 871 Ita
203 831 336 887 igitur
357 832 462 887 egit,
485 842 532 872 ut
551 831 657 872 nihil
674 846 760 872 uon
783 845 954 885 aequum
978 843 1028 870 ae
1052 843 1194 868 verum
1221 827 1409 877 duxerit,
1430 828 1547 882 quod

111 887 194 942 ipsi
226 888 366 929 facere
395 889 684 931 collibuisset:
717 902 855 943 neque
877 887 1000 928 aliter
1033 885 1221 935 vexavit,
1242 899 1291 925 ac
1321 884 1486 935 debuit,
1510 885 1545 925 si

111 944 209 999 quis
243 945 400 1001 praedae
436 946 532 988 loco
565 947 865 1002 magistratum
901 944 1151 999 accepisset.
1216 942 1394 982 Peracta
1426 957 1543 996 quae-
1560 949 1606 983 18

110 1011 241 1053 stura,
266 1012 544 1058 posteaquam
576 1018 734 1059 magna
755 1003 936 1058 pignora
957 1001 1017 1041 eis
1048 1000 1236 1050 dederat,
1259 1013 1357 1040 cum
1387 1000 1543 1054 quibus

111 1059 393 1100 similitudine
425 1061 527 1102 vitae
561 1075 605 1101 se
636 1061 938 1115 conjunxerat,
961 1073 1070 1099 unus
1095 1057 1187 1112 jam
1223 1071 1276 1097 ex
1307 1056 1380 1097 illo
1413 1070 1545 1113 grege

108 1115 351 1158 videbatur.
400 1116 507 1173 Ejus
528 1119 642 1158 enim
675 1118 806 1174 partis
828 1126 918 1157 erat
939 1116 1159 1170 exemplar
1181 1114 1421 1164 Sallustius,
1443 1129 1543 1169 quo,
1556 1121 1676 1158 p-275.

107 1180 328 1228 tamquam
353 1175 395 1215 in
419 1176 546 1216 imam
580 1175 843 1231 voraginem,
865 1182 1007 1214 coetus
1029 1172 1222 1213 omnium
1246 1171 1447 1211 vitiorum
1469 1185 1545 1212 ex·
1557 1170 1587 1189 ³·

108 1242 310 1271 cesserat.
349 1232 557 1287 quidquid
589 1232 921 1287 impudicorum,
954 1229 1187 1286 cyllonum,
1224 1228 1546 1284 parricidarum,

108 1288 431 1345 sacrilegorum,
461 1290 705 1330 debitorum
739 1288 823 1329 fuit
846 1288 888 1328 in
919 1288 1036 1337 urbe,
1065 1286 1328 1340 municipiiS‚
1351 1285 1548 1337 coloniis,

109 1343 238 1386 Italia
286 1354 391 1397 tota,
430 1346 541 1388 sicut
585 1347 628 1387 in
666 1346 786 1387 fretis
828 1345 1120 1395 subsederant,
1163 1344 1350 1384 nominis
1389 1344 1544 1399 perditi

107 1416 160 1441 ac
184 1402 413 1454 notissimi,
436 1404 551 1444 nulla
574 1405 615 1444 in
641 1413 758 1459 parte
787 1403 936 1444 castris
969 1402 1075 1457 apti,
1098 1401 1178 1442 nisi
1212 1400 1386 1441 lieentia
1420 1401 1548 1441 vitio-

106 1472 219 1511 rum,
241 1470 285 1500 et
307 1461 546 1517 cupiditate
567 1476 706 1502 rerum
726 1474 951 1501 novarum.
1009 1458 1070 1499 At
1089 1467 1367 1514 posteaquam
1388 1450 1593 1513 praetor7

107 1525 175 1556 est
209 1516 364 1569 factus,
401 1518 594 1559 modeste
627 1532 671 1559 se
703 1518 850 1574 gessit,
881 1527 925 1558 et
956 1516 1235 1557 abstinenter.
1297 1515 1455 1555 Nonne
1487 1516 1548 1556 ita
1564 1523 1609 1559 19

109 1574 378 1628 provinciam
404 1577 602 1626 vastavit,
625 1585 671 1616 ut
693 1575 799 1616 nihil
823 1588 960 1630 neque
983 1574 1095 1630 passi
1118 1574 1217 1623 sint,
1242 1587 1377 1627 neque
1396 1587 1550 1628 exspe-

109 1631 270 1671 ctarint
292 1632 465 1687 gravius
497 1634 538 1674 in
565 1632 675 1674 bello
711 1632 816 1673 socii
851 1631 1001 1682 nostri,
1024 1645 1152 1686 qnam
1186 1630 1354 1684 experti
1385 1642 1481 1669 sunt
1507 1632 1550 1670 in

108 1701 231 1744 pace,
252 1689 337 1731 hoc
369 1688 563 1731 Africam
587 1690 831 1732 interiorem
869 1689 1122 1730 obtinente?
1153 1687 1265 1728 unde
1287 1696 1456 1728 tantum
1481 1687 1552 1728 hic

106 1744 324 1796 exhausit,
346 1757 555 1802 quantum
578 1748 723 1804 potuit
744 1757 818 1788 aut
851 1746 935 1787 fide
967 1747 1192 1787 nominum
1217 1744 1372 1798 trajici,
1395 1754 1470 1784 aut
1506 1746 1553 1786 in

107 1815 240 1843 naves
269 1804 485 1845 contrudi.
546 1814 730 1856 tantum,
775 1805 966 1859 inquam,
1001 1814 1142 1860 patres
1184 1800 1437 1857 conscripti,
1469 1816 1549 1842 ex-

107 1858 268 1912 hausit,
290 1872 500 1916 quantum
530 1863 680 1904 voluit.
743 1862 810 1903 Ne
831 1876 1001 1902 causam
1027 1861 1202 1910 diceret,
1226 1859 1421 1899 sestertio
1443 1858 1545 1899 duo-

107 1916 250 1958 decies
279 1934 378 1959 cum
403 1918 575 1960 Caesare
598 1920 843 1975 paciscitur.
867 1918 1034 1966 Quodsi
1058 1917 1281 1973 quidpiam
1302 1931 1449 1956 eorum
1473 1916 1552 1956 fal-

109 1988 202 2014 sum
234 1985 315 2027 est,
337 1976 404 2017 his
428 1976 566 2032 palam
596 1977 754 2028 refelle,
778 1976 890 2017 unde
923 1987 982 2026 tu,
1005 1976 1078 2030 qui
1101 1974 1230 2016 modo
1253 1988 1304 2014 ne
1329 1985 1549 2028 paternam

106 2031 283 2086 quidem
315 2034 494 2075 domum
527 2035 737 2075 redimere
767 2034 973 2090 potueris,
997 2042 1170 2088 repente
1194 2043 1410 2086 tamquam
1435 2046 1549 2071 som—

104 2088 180 2130 nio
214 2090 380 2142 beatus,
404 2091 552 2132 hortos
577 2091 922 2148 pretiosissimos,
948 2090 1088 2131 villam
1111 2088 1298 2139 Tiburti,
1323 2087 1374 2128 C.
1400 2087 1547 2129 Caesa·

104 2146 163 2186 ris
197 2146 380 2203 reliquas
414 2149 703 2204 possessiones
736 2149 966 2204 paraveris.
998 2156 1003 2159 ’
1029 2147 1181 2202 Neque
1210 2146 1351 2201 piguit
1380 2150 1609 2200 quaere-‘zo

104 2217 164 2254 re,
187 2219 264 2245 cur
284 2219 367 2261 ego
392 2205 444 2247 P.
462 2206 605 2248 Crassi
627 2207 804 2248 domum
827 2206 1041 2255 emissem,
1064 2218 1161 2245 cuin
1188 2214 1231 2243 tu
1259 2203 1410 2243 veteris
1434 2202 1545 2244 villae

104 2259 307 2303 dominus
330 2263 401 2314 siS,
423 2264 548 2320 cujus
566 2264 710 2320 paullo
732 2273 832 2305 ante
850 2263 990 2304 fuerat
1009 2261 1170 2303 Caesar.
1194 2260 1338 2310 modo,
1357 2260 1547 2315 inquam,

101 2318 367 2373 patrimonio
389 2335 475 2362 non
495 2335 683 2372 comeSO,
707 2322 788 2362 sed.
802 2321 1023 2371 devorato,
1044 2319 1201 2374 quibus
1220 2318 1460 2358 rationibus
1482 2332 1547 2358 re-

100 2385 233 2430 pente
265 2375 405 2419 factus
437 2393 481 2419 es
522 2388 608 2420 tam
631 2378 826 2430 affluens,
847 2388 891 2418 et
927 2388 1014 2418 tam
1038 2377 1217 2417 beatus?
1249 2389 1348 2415 nam
1385 2375 1481 2430 quis
1506 2384 1548 2416 te

98 2430 263 2474 faceret
284 2434 501 2487 heredem,
522 2451 651 2491 quem
673 2450 726 2476 ne
741 2435 927 2477 amicum
948 2433 1122 2490 quidem
1136 2431 1262 2474 'suum
1286 2431 1389 2472 satis
1411 2432 1544 2473 hone-

99 2497 216 2530 stum
237 2491 463 2547 quisquam
489 2494 571 2534 sibi
603 2493 739 2544 ducit,
761 2493 842 2534 nisi
865 2492 1014 2533 similis
1041 2506 1092 2532 ac
1114 2505 1190 2547 par
1212 2490 1305 2531 tui?
1364 2488 1425 2530 At
1446 2489 1590 2538 her-8

100 2546 198 2588 cule
226 2550 402 2605 egregia
431 2550 546 2592 facta
578 2551 792 2606 majorum
826 2561 998 2591 tuorum
1022 2559 1065 2590 te
1096 2547 1326 2589 extollunt.
1357 2561 1542 2602 quorum

100 2603 193 2645 sive
216 2613 260 2646 tu
284 2606 434 2649 similis
455 2622 515 2660 es,
531 2609 621 2650 sive
642 2608 702 2649 illi
725 2608 804 2660 tui,
823 2607 933 2648 nihil
953 2607 1006 2647 ad
1026 2606 1222 2647 omnium
1243 2604 1379 2645 scelus
1399 2619 1448 2644 ac
1470 2619 1544 2644 ne-

100 2662 285 2716 quitiam
316 2665 414 2706 addi
450 2675 606 2722 potest.
666 2665 842 2716 Verum,
863 2674 913 2705 ut
934 2664 1102 2720 opinor,
1126 2663 1309 2704 honores
1334 2661 1392 2701 tui
1419 2672 1460 2701 te
1482 2662 1604 2702 ἵει-21

99 2722 224 2763 ciunt
246 2722 518 2764 insolentem.
576 2722 657 2764 Tu.
681 2722 733 2764 C.
754 2722 943 2773 Sallusti,
966 2721 1173 2762 tantidem
1199 2730 1320 2775 putas
1342 2732 1448 2769 esse,
1477 2719 1544 2761 bis

101 2791 343 2822 senatorem
358 2789 402 2821 et
415 2781 481 2822 bis
494 2791 754 2836 quaestorem
767 2779 875 2830 fieri,
888 2779 1037 2834 quanti
1054 2778 1118 2818 bis
1140 2775 1406 2818 consularem
1419 2786 1463 2816 et
1480 2775 1545 2816 bis

101 2837 439 2894 triumphalem?
500 2837 658 2879 Carere
679 2838 809 2882 debet
828 2837 946 2878 omni
968 2835 1088 2887 vitio,
1108 2834 1181 2890 qui
1205 2834 1248 2875 in
1267 2833 1447 2874 alterum
1470 2847 1545 2887 pa÷

166 2909 277 2937 vor..
303 2909 358 2937 ιι.
384 2908 425 2936 Ρ.
450 2909 505 2937 11.
834 2907 860 2935 o
886 2907 912 2934 B
