1812 3147
403 115 510 152 PRO
538 114 694 152 DOMO
721 114 822 152 SUA'
848 114 922 150 AD
949 115 1151 153 PONTIF.
1424 119 1503 156 393

58 226 190 266 aram,
219 225 263 256 et
296 217 536 268 aediculam‚
558 225 601 258 et
632 217 827 274 pulvinar
858 218 938 258 sub
968 232 1073 258 saxo
1105 232 1225 259 sacro
1247 217 1500 270 dedicasset,

57 284 145 312 non
167 286 260 313 eam
283 289 370 315 reni
393 290 447 316 ex
471 275 726 316 auctoritate
757 284 928 315 senatus
962 274 1016 315 ad
1040 274 1121 315 hoc
1143 273 1371 330 collegium
1396 276 1498 316 Sex.

56 326 199 370 Julius
223 343 381 385 praetor
402 332 571 373 retulit?
602 346 700 372 cum
728 331 777 372 P.
803 330 1012 381 Scaevola,
1034 330 1233 386 pontifex
1264 333 1495 383 maximus,

57 399 136 440 pro
158 386 341 443 coliegio
369 389 600 445 respondit,
633 388 748 443 quod
783 388 824 428 in
858 387 953 429 loco
982 387 1158 443 publico
1192 388 1373 438 Licinia,
1398 388 1494 430 Caii

56 441 158 493 filia,
181 443 344 499 injussu
369 445 516 502 populi
537 445 790 495 dedicasset,
812 459 980 486 sacrum
1001 447 1039 475 31
1052 459 1137 485 non
1162 445 1310 486 videri.
1349 445 1494 491 Quam

55 499 229 554 quidem
262 516 347 543 rem
371 512 532 558 quanta
551 502 791 552 severitate,
811 510 1057 557 quantaque
1077 501 1304 557 diligentia
1324 504 1364 532 32
1374 516 1495 543 sena-

56 565 123 597 tus
162 559 394 609 sustulerit,
425 575 480 600 ex
516 559 609 615 ipso
644 559 1014 601 senatusconsulto
1047 557 1172 599 facile
1205 559 1494 614 cognoscetis.

57 611 212 655 Recita
241 617 672 658 senatusconsultum.
707 629 1254 658 SENATuscoNsuLTUM.
1306 615 1492 657 Videtis-
1509 621 1581 661 137

54 684 123 721 ne,
158 673 332 727 praetori
365 675 528 715 urbano
551 673 775 729 negotium
805 673 968 723 datum,
992 682 1040 714 ut
1060 683 1242 723 curaret,
1272 687 1325 713 ne
1356 673 1398 714 id
1427 688 1491 715 sa·
1503 673 1623 711 P·‘24¹·

55 742 175 769 crum
197 732 335 771 esset?
365 741 408 771 et
431 740 491 780 ut,
515 731 548 771 si
571 746 667 786 quae
689 739 831 771 essent
853 730 1000 772 incisae
1031 739 1107 771 aut
1127 730 1347 786 inscriptae
1377 730 1493 771 litte·
1504 723 1534 744 λ’

55 799 129 836 rae,
153 785 427 829 tollerentur?
461 787 500 828 O
524 789 739 843 tempora!
773 802 798 828 ο
820 788 983 829 mores!
1023 786 1134 828 Tum
1157 801 1393 839 censorem,
1415 787 1493 829 ho-

20 844 23 849 '
53 842 214 884 minem
234 845 566 896 sanctissimum,
589 845 862 886 simulacrum
887 844 1144 886 Concordiae
1166 844 1365 886 dedicare
1387 860 1495 901 pon-

56 899 194 940 tifices
231 901 275 942 in
307 904 346 932 33
363 902 521 958 templo
557 902 813 957 inaugurato
843 901 1181 958 prohibuerunt:
1215 911 1314 958 post
1350 912 1497 945 autem

13 968 19 970 ·
56 967 226 998 senatus
257 959 298 998 in
332 958 427 1001 loco
450 969 633 1015 augusto
656 969 950 1000 consecratam
979 973 1074 1000 eam
1107 973 1240 1010 aram,
1261 958 1495 1002 tollendam

56 1027 110 1055 ex
132 1016 389 1057 auctoritate
410 1017 666 1073 pontificum
685 1017 867 1067 censuit,
881 1031 1019 1072 neque
1039 1016 1170 1057 ullum
1185 1026 1251 1057 est
1273 1031 1419 1072 passus
1438 1031 1495 1059 ex

56 1084 106 1112 ea
126 1071 396 1115 dedicatione
418 1075 654 1115 litterarum
674 1084 843 1114 exstare
864 1085 1207 1114 monumentum.
1229 1083 1290 1125 tu,
1310 1074 1496 1129 procella

54 1129 221 1184 patriae,
245 1131 370 1172 turbo
389 1146 438 1172 ac
459 1140 689 1187 tempestas
712 1131 829 1187 pacis
852 1140 980 1186 atque
1002 1132 1096 1182 otii,
1119 1131 1236 1186 quod
1258 1131 1299 1172 in
1324 1131 1496 1173 naufra-

54 1186 143 1241 gi0‚
176 1187 422 1244 reipublicae
457 1189 640 1230 tenebris
672 1188 835 1239 offusis,
858 1189 1052 1230 demerso
1083 1188 1245 1244 populo
1279 1188 1494 1239 Romano,

53 1257 201 1284 everso
237 1255 366 1300 atque
401 1245 540 1300 ejecto
574 1257 737 1297 senatu,
774 1246 969 1296 dirueris,
1005 1245 1246 1297 aedificaris,
1285 1243 1494 1302 religione

55 1301 172 1341 omni
207 1303 379 1354 violata,
411 1302 710 1359 34reipublicae
745 1312 913 1344 tantum
948 1304 1123 1344 nomine
1161 1303 1492 1345 contaminaris:

55 1357 98 1401 in
121 1358 225 1399 civis
249 1359 427 1415 hujusce
450 1361 629 1411 aedibus,
651 1371 694 1401 et
717 1361 760 1401 in
786 1362 902 1412 urbe,
925 1375 1053 1416 quam
1086 1360 1172 1401 suis
1202 1359 1421 1402 laboribus
1444 1375 1494 1401 ac

54 1416 252 1471 periculis
275 1429 581 1469 conservasset,
604 1429 930 1459 monumentum
953 1417 1104 1459 deletae
1133 1417 1382 1473 reipublicae
1405 1417 1494 1458 col-

54 1472 221 1525 locaris,
243 1476 284 1504 35
298 1475 351 1515 ad
372 1476 566 1530 equitum
588 1484 750 1526 notam,
769 1475 819 1516 ad
840 1475 1030 1516 dolorem
1052 1476 1263 1516 bonorum
1283 1475 1493 1526 omnium,

53 1530 94 1561 36
107 1530 359 1587 sublatoque
382 1533 439 1579 Q.
464 1532 608 1573 Catuli
640 1532 814 1573 nomine
844 1532 1071 1574 incideris:
1104 1532 1147 1572 id
1179 1532 1358 1588 sperasti
1381 1541 1491 1573 rem-

51 1587 270 1642 publicam
292 1589 467 1640 diutius‚
489 1603 632 1644 quam,
655 1589 797 1644 quoad
826 1604 997 1631 mecum
1028 1589 1154 1630 simul
1174 1589 1354 1645 expulsa
1375 1604 1493 1630 care-

51 1654 116 1684 ret
138 1644 203 1685 his
224 1646 458 1697 moeuibus,
479 1661 570 1687 esse
590 1646 800 1688 laturam?

107 1700 168 1742 At
198 1703 247 1753 si,
270 1703 511 1758 pontifices,
533 1718 672 1759 neque
704 1704 754 1754 is,
776 1704 846 1745 cui
880 1703 1016 1755 licuit,
1040 1718 1177 1759 neque
1208 1703 1266 1754 id,
1288 1704 1404 1759 quod
1426 1703 1490 1745 fas
1506 1713 1578 1747 138

51 1756 149 1810 fuit,
181 1759 421 1803 dedicavit:
454 1761 558 1816 quid
590 1776 658 1802 me
693 1760 849 1802 attinet
880 1761 974 1816 jam
1011 1761 1116 1803 illud
1150 1761 1340 1811 tertium,
1373 1762 1490 1817 quod

52 1829 371 1871 proposueram,
399 1818 567 1870 docere,
599 1834 686 1859 non
719 1818 785 1859 his
821 1819 1030 1860 institutis
1064 1834 1114 1859 ac
1147 1819 1300 1869 verbis,
1333 1819 1489 1874 quibus

53 1875 321 1917 caeremoniae
361 1875 593 1931 postulant,
624 1875 871 1917 dedicasse?
910 1875 1019 1917 Dixi
1057 1891 1082 1916 a
1114 1876 1343 1931 principio,
1381 1870 1573 1921 nihil54

53 1943 122 1972 me
152 1930 204 1972 de
237 1932 415 1974 scientia
438 1943 590 1985 vestra,
622 1933 730 1975 nihil
759 1933 812 1974 de
845 1933 989 1984 sacris,
1014 1933 1120 1974 nihil
1144 1933 1196 1974 de
1233 1933 1489 1975 abscondito

93 2098 130 2127 31
155 2106 218 2127 non
233 2096 336 2127 videri
354 2097 432 2137 esse]
457 2098 603 2128 Graevius
618 2106 681 2127 esse
697 2096 750 2126 de-

52 2137 112 2169 leri
127 2138 268 2176 volebat,
284 2141 359 2178 quia
373 2141 406 2170 in
431 2140 490 2170 'nac
508 2140 652 2170 formula
666 2149 750 2168 nun-

835 2098 877 2127 34
898 2096 977 2135 reip.
1002 2100 1133 2126 tantum
1157 2096 1300 2136 nomine]
1329 2097 1494 2137 Quorsum

794 2137 846 2169 hic
875 2143 1008 2168 tantum
1041 2139 1160 2175 valeat,
1199 2148 1266 2169 non
1294 2140 1396 2169 video.
1442 2141 1495 2170 An

50 2189 148 2219 quam
175 2181 316 2212 additur.
362 2183 447 2222 Quia
471 2183 506 2212 iu
533 2183 659 2222 optimo
684 2182 748 2211 ΜΞ.

52 2221 88 2253 S.
109 2222 251 2254 Victoris
280 2233 346 2254 non
374 2225 450 2262 fuit,
482 2230 568 2255 teste
595 2224 749 2260 Grutero,

53 2263 166 2295 delevi.

94 2308 135 2337 32
146 2312 278 2339 senatus
290 2308 471 2347 sustulerit]
488 2308 565 2338 Non
578 2308 659 2339 benc
673 2318 751 2338 con-

52 2349 142 2379 venit
157 2351 291 2380 verbum
305 2352 486 2381 sustulerit.
509 2360 621 2381 sensus
645 2352 750 2391 requi-

53 2390 99 2421 rit
115 2393 263 2430 gessen't,
284 2394 425 2430 curarit,
452 2399 510 2424 aut
529 2393 635 2423 simile
660 2393 748 2432 quid.

53 2440 123 2463 non
143 2434 231 2464 enim
253 2435 382 2465 videtur
403 2435 445 2466 ad
469 2436 601 2474 signum
625 2436 748 2471 referri,

53 2474 109 2505 sed
141 2475 181 2506 ad
207 2481 313 2507 totam
341 2479 505 2508 actionem
532 2479 601 2517 ejus
628 2478 687 2514 rei,
714 2482 751 2507 ut

54 2525 76 2548 e
86 2526 172 2557 seqq.
187 2523 291 2558 patet.

95 2561 135 2590 33
164 2563 282 2600 templo
315 2561 533 2600 inaugurato]
574 2561 613 2591 ln
646 2562 748 2595 curia,

53 2609 127 2640 quae
148 2611 231 2642 saepe
247 2604 407 2644 templum
427 2613 482 2644 ap.
496 2603 688 2634 Ciceronem
705 2601 750 2633 di-

55 2642 152 2674 citur.
189 2644 399 2684 Inaugurato
413 2644 592 2676 redundat:
618 2655 696 2676 nam
718 2646 751 2674 in

56 2686 173 2725 tempto
188 2685 398 2727 intelligitur,
415 2689 469 2727 qui
484 2692 534 2718 est
554 2687 644 2717 locus
659 2687 753 2718 inau-

56 2732 211 2766 guratus:
235 2729 290 2759 sed
305 2729 428 2760 addidit
451 2730 618 2769 aequandae
631 2731 752 2759 oratio-

56 2768 108 2798 nis
127 2778 254 2806 caussa,
276 2771 361 2810 quod
383 2772 497 2802 statim
520 2777 594 2811 post
615 2778 665 2801 est
688 2773 753 2801 Ioco

58 2814 209 2848 augttsco,
236 2821 354 2853 nempe
389 2814 449 2844 sub
476 2823 553 2844 saxo
581 2823 686 2850 sacro,
705 2820 753 2847 >ut

58 2859 157 2892 supra
170 2852 263 2884 dixit.

115 2907 292 2938 VOL.11.
318 2909 358 2938 P.
376 2910 430 2938 11.

795 2184 927 2211 tautum
955 2190 1016 2210 non
1044 2183 1173 2211 nomine
1198 2191 1226 2212 c.
1272 2181 1418 2212 Gra-vius
1446 2193 1496 2212 re-

794 2223 883 2262 cepit
897 2227 1019 2259 tamen,
1043 2228 1080 2252 ut
1104 2223 1226 2254 habent
1250 2224 1322 2254 edd.
1346 2224 1496 2263 quiedam

793 2272 875 2295 vett.
921 2264 984 2295 Sed
1006 2265 1037 2294 id
1054 2265 1144 2296 vaide
1160 2266 1275 2306 friget:
1301 2276 1360 2296 nec
1384 2267 1495 2302 habet,

793 2317 857 2347 quo
875 2307 1046 2337 referatur.

837 2352 877 2380 35
894 2349 940 2379 ad
957 2350 1101 2388 equitum
1125 2349 1251 2388 notam]
1279 2349 1317 2379 lu
1333 2351 1495 2388 equitibus

793 2391 846 2421 hie
861 2393 979 2422 merito
996 2391 1091 2421 haesit
1114 2391 1305 2422 Lambinus.
1343 2394 1496 2433 Conjecit

793 2432 875 2474 ejus,
892 2444 936 2464 sc.
961 2434 1156 2473 reipublicae.
1176 2443 1243 2464 non
1265 2434 1383 2474 placet.
1407 2435 1496 2465 aliud

794 2476 845 2506 hic
863 2475 956 2512 latet,
973 2476 1057 2514 quod
1081 2477 1114 2506 in
1139 2484 1282 2506 mentem
1308 2485 1374 2505 non
1394 2478 1495 2507 venit.

794 2519 838 2548 ua?
859 2523 1040 2558 temporum
1059 2523 1170 2548 notam
1193 2519 1270 2548 alibi
1294 2525 1362 2549 est:
1387 2519 1494 2548 s¹mile

792 2561 870 2599 quid
884 2568 918 2591 et
933 2561 987 2591 hic
1001 2570 1068 2590 esse
1083 2559 1188 2591 debet.

835 2603 877 2633 36
909 2603 988 2633 subl.
1021 2602 1128 2633 Catuli
1163 2602 1290 2632 nomine
1326 2602 1490 2642 incideris]

794 2643 934 2684 Nempe,
970 2645 1045 2683 quia
1074 2646 1145 2684 jam
1183 2654 1248 2674 non
1279 2645 1401 2681 Catuli,
1440 2645 1496 2674 sed

796 2687 901 2717 Clodii
933 2687 1077 2726 porticus
1103 2692 1186 2717 erat.
1238 2686 1385 2716 Graevius
1410 2688 1496 2716 exci-

794 2728 876 2759 disse
906 2734 1004 2768 putat
1030 2734 1144 2761 tuum.·
1170 2729 1270 2758 immo
1298 2733 1370 2757 mo.-
1397 2729 1496 2758 refer-

795 2775 851 2800 tur
873 2771 962 2803 enim
976 2771 1082 2801 oratio
1105 2769 1145 2800 ad
1166 2770 1268 2810 quod:
1292 2770 1498 2809 tir—quod—

795 2813 936 2843 diruet-is
944 2829 986 2834 —
994 2817 1087 2842 conta
1093 2813 1230 2844 minaris
1237 2827 1278 2834 ·—-
1288 2812 1496 2843 collocaris&—

796 2855 958 2884 incideris.

715 2903 794 2938 ΒΝ
