1769 3174
244 99 341 134 100⁸
833 95 1084 132 ORATIO

240 199 483 240 honestates
505 198 706 250 civitatis,
727 213 874 240 omnes
904 207 1066 249 aetates,
1089 211 1235 239 omnes
1258 195 1427 237 ordines
1458 210 1541 236 una
1562 209 1664 236 con-

240 257 456 297 sentiunt?
488 271 539 297 an
575 257 618 298 in
649 271 733 311 qua
764 256 886 297 furiae
920 256 1165 304 concitatae,
1200 263 1414 307 tamquam
1454 252 1507 293 ad
1538 252 1663 293 funus

156 314 488 368 llOreipublicae
509 315 766 355 convolant?
814 313 897 363 Au,
929 312 1065 354 sicubi
1099 311 1233 353 aderit
1258 309 1437 360 Gellius,
1470 309 1599 350 bomo
1620 318 1664 348 et

240 370 369 411 fratre
402 371 617 427 indignus,
643 372 732 411 viro
761 369 1009 420 clarissimo,
1042 370 1237 423 [52atque
1269 366 1433 422 optimo
1456 364 1664 418 eonsule,]

238 436 282 468 et
312 428 460 469 ordine
490 428 689 483 equestri,
711 427 834 481 cujus
866 426 934 466 ille
965 425 1125 466 ordinis
1162 438 1316 464 nomeu
1351 423 1518 473 retinet,
1541 437 1665 463 orna-

239 495 384 526 menta
406 484 620 535 confecit3
654 484 694 524 id
717 486 796 524 erit
820 483 1050 539 populare?
1096 481 1171 522 Est
1192 481 1304 521 euim
1327 479 1457 521 homo
1476 481 1556 521 iste
1587 493 1665 533 po-

239 541 339 598 pulo
376 541 573 582 Romano
605 541 787 581 deditus.
849 540 969 580 Nihil
1011 539 1092 579 vidi
1133 538 1292 592 magis:
1325 537 1397 591 qui
1435 551 1534 578 eum
1571 536 1664 591 ejus

239 598 527 640 adolescentia
549 599 590 638 iu
622 597 894 652 amplissimis
930 596 1162 636 honoribus
1193 594 1345 635 summi
1370 593 1463 644 viri,
1488 593 1537 634 L.
1562 592 1665 634 Phi-

237 655 358 711 lippi,
385 656 537 705 vitrici,
562 656 711 695 florere
736 655 958 709 potuisset,
983 667 1113 707 usque
1135 667 1186 693 co
1212 666 1295 692 uon
1320 650 1402 691 fuit
1433 649 1664 707 popularis,

238 723 285 752 ut
323 713 434 752 bona
464 712 575 752 solus
608 721 830 752 comesset.
861 710 1014 750 deiude
1046 725 1098 750 ex
1135 710 1302 765 impuro
1325 707 1593 748 adolescente
1622 716 1666 747 et

238 769 468 824 petulante,
494 780 771 824 posteaquam
794 771 831 798 53
850 782 936 807 rem
970 776 1188 822 paternam
1220 766 1274 806 ab
1305 765 1530 806 idiotarum
1555 763 1666 804 divi-

240 826 308 865 tiis
329 826 382 866 ad
407 826 758 882 philosophorum
783 824 970 879 regulam
997 824 1222 879 perduxit:
1256 821 1503 863 Graeculum
1535 835 1578 861 se
1600 830 1664 861 at-

237 897 318 937 que
343 883 526 923 otiosum
555 882 690 938 putari
716 881 864 930 voluit,
888 881 1028 921 studio
1054 881 1288 921 litterarum
1311 894 1353 919 se
1381 879 1523 919 subito
1545 877 1665 918 dedi-

237 940 313 980 dit.
375 942 413 969 5⁴
431 940 548 980 ‘Nihil
581 954 679 979 saue
703 937 819 979 Attae
844 938 1072 993 juvabant.
1095 946 1359 993 anagnostae,
1382 935 1510 976 libelli
1534 935 1664 976 etiam

238 1011 314 1052 pro
342 996 440 1037 vino
469 1007 582 1052 saepe
607 996 1017 1050 oppignerabantur.
1050 996 1252 1035 manebat
1285 991 1560 1034 insaturabile
1589 993 1664 1033 ab·

237 1053 407 1103 domen,
440 1056 577 1109 copia:
612 1052 884 1093 deficiebant.
945 1051 1095 1106 Itaque
1129 1065 1294 1106 semper
1327 1051 1571 1091 versabatur
1620 1049 1664 1090 in

238 1124 312 1166 spe
346 1125 480 1151 rerum
514 1124 744 1151 novarum:
777 1110 867 1150 otio
890 1118 933 1149 et
956 1108 1262 1164 tranquillitate
1294 1107 1539 1163 reipublieae
1561 1120 1666 1147 con·-

157 1166 222 1216 52
239 1169 499 1208 senescebat.
563 1166 721 1222 Ecquae
756 1167 907 1207 seditio
933 1181 1132 1220 umquam
1164 1165 1261 1215 fuit,
1294 1165 1334 1206 iu
1366 1180 1449 1220 qua
1480 1178 1564 1204 non
1597 1163 1665 1204 ille

241 1225 461 1280 princeps?
492 1225 615 1279 ecqui
648 1224 888 1273 seditiosus,
919 1223 987 1264 cui
1020 1222 1086 1264 ille
1121 1238 1205 1264 non
1240 1222 1486 1263 familiaris?
1516 1234 1664 1275 ecqua:

241 1281 483 1322 turbulenta
504 1282 671 1330 concio,
694 1281 816 1336 cujus
839 1281 907 1320 ille
930 1294 1013 1321 nou
1036 1280 1303 1321 concitator?
1334 1279 1403 1320 eui
1428 1279 1535 1320 bene
1553 1277 1667 1319 dixit

238 1353 439 1393 umquam
468 1340 606 1379 bono?
642 1339 746 1379 bene
767 1338 906 1379 dixit?
937 1339 1084 1388 immo,
1106 1351 1233 1392 quem
1263 1335 1417 1377 fortem
1439 1345 1481 1376 et
1503 1336 1664 1376 bonum

238 1395 376 1436 civem
401 1411 484 1436 non
507 1395 845 1451 petulantissime
868 1404 931 1435 est
954 1396 1210 1436 insectatus?
1241 1394 1328 1449 qui,
1351 1403 1395 1434 ut
1416 1393 1559 1443 credo,
1577 1406 1665 1433 non

239 1452 427 1493 libidinis
450 1468 591 1503 causa,
614 1453 685 1493 sed
708 1455 746 1483 55
763 1462 808 1492 ut
840 1451 1049 1508 plebicola
1072 1451 1298 1501 videretur,
1321 1449 1563 1492 libertinam
1585 1449 1663 1490 du-

152 1517 221 1550 111
241 1510 304 1550 xit
328 1524 519 1551 uxorem.
561 1510 601 1550 Is
626 1510 677 1550 de
700 1524 766 1549 me
788 1509 1036 1564 suffragium
1063 1508 1173 1558 tulit,
1196 1508 1230 1548 is
1252 1507 1391 1559 affuit,
1413 1508 1447 1548 is
1470 1505 1666 1548 interfuit

236 1567 387 1622 epulis,
418 1578 462 1607 et
493 1566 850 1622 gratulationibus
883 1566 1202 1621 parricidarum.
1234 1566 1276 1606 in
1312 1580 1397 1620 quo
1429 1573 1570 1606 tamen
1601 1572 1665 1604 est

235 1638 305 1664 me
336 1624 464 1675 ultus,
494 1638 591 1665 cum
624 1623 695 1664 illo
727 1638 799 1663 ore
833 1623 1028 1664 inimicos
1063 1634 1127 1663 est
1163 1637 1279 1663 meos
1311 1622 1541 1663 suaviatus.
1574 1621 1663 1676 qui,

237 1682 356 1736 quasi
379 1696 473 1722 mea
495 1680 620 1736 culpa
645 1682 754 1721 bona
780 1681 1024 1735 perdiderit,
1048 1679 1108 1721 ita
1129 1680 1185 1720 ob
1207 1693 1300 1720 eain
1332 1679 1467 1735 ipsam
1490 1692 1662 1719 causam

237 1748 301 1779 est
323 1739 427 1778 mihi
452 1739 665 1788 inimicus,
688 1739 787 1793 quia
811 1737 913 1778 nihil
938 1737 1080 1777 babet.
1145 1737 1298 1779 Utrum
1320 1751 1401 1792 ego
1426 1736 1502 1776 tibi
1533 1736 1664 1791 patri-

124 1812 156 1849 Ρ.
172 1805 223 1834 95,
239 1797 431 1836 monium
453 1795 605 1850 eripui,
629 1795 756 1845 Gelli,
780 1809 831 1834 an
857 1804 899 1835 tu
922 1794 1174 1836 comedisti?
1205 1794 1335 1849 quid?
1368 1804 1411 1834 tu
1436 1807 1530 1834 ineo
1555 1793 1665 1848 peri-

195 1852 349 1903 ³·eulo‚
383 1866 538 1908 gurges
571 1867 620 1893 ac
652 1866 811 1907 vorago
838 1851 1097 1907 patrimonii,
1130 1851 1391 1892 lielluabare:
1425 1860 1486 1900 ut,
1518 1850 1548 1890 si
1581 1864 1663 1904 ego

237 1910 386 1950 consul
410 1909 715 1964 rempublicam
734 1918 885 1950 contra
905 1919 944 1948 te
967 1919 1008 1948 ct
1031 1908 1222 1963 gregales
1247 1918 1341 1948 tuos
1364 1906 1664 1958 defendissem,

237 1967 278 2006 in
311 1967 486 2007 civitate
518 1980 608 2007 esse
647 1981 714 2006 me
742 1966 902 2008 nolles?
933 1964 992 2006 Te
1024 1979 1149 2005 nemo
1182 1975 1352 2005 tuorum
1383 1964 1524 2005 videre
1548 1963 1662 2005 vult:

236 2038 383 2065 omnes
422 2024 600 2073 aditum,
635 2038 888 2073 sermonem,
920 2036 1197 2077 congressum
1232 2032 1351 2063 tuum
1391 2021 1588 2078 fugiunt:
1621 2029 1664 2061 te

236 2081 389 2121 sororis
423 2081 533 2121 filius
572 2080 814 2130 Postumus,
852 2079 1096 2121 adolescens
1129 2080 1285 2135 gravis,
1324 2079 1444 2119 senili
1478 2077 1664 2133 judicio,

236 2138 419 2186 notavit,
443 2138 593 2178 56cum
616 2137 659 2178 in
683 2152 841 2194 magno
865 2147 1040 2178 numero
1065 2146 1249 2177 tutorem
1269 2136 1411 2177 liberis
1431 2149 1515 2176 non
1542 2135 1664 2176 insti-

236 2195 332 2235 tuit.
394 2194 476 2235 Sed
499 2194 632 2235 elatus
656 2195 770 2244 odio,
793 2204 835 2235 et
857 2208 968 2245 meo,
990 2203 1032 2234 et
1064 2194 1312 2249 reipublicae
1347 2193 1534 2241 nomine,
1556 2206 1662 2248 quo-

234 2265 326 2293 rum
357 2251 425 2291 ille
457 2252 538 2291 utri
574 2252 630 2292 sit
661 2251 889 2302 inimicior,
913 2251 1071 2301 nescio,
1097 2252 1218 2306 plura
1238 2250 1346 2301 dixi,
1368 2264 1495 2305 quain
1518 2249 1664 2290 dicen-

232 2307 332 2349 dum
357 2307 453 2359 fuit,
478 2309 519 2348 iu
542 2307 872 2349 furiosissimum
903 2318 1032 2363 atque
1052 2308 1376 2364 egentissimum
1408 2320 1661 2363 ganeonem.

273 2423 312 2450 52
340 2425 438 2460 atque
473 2422 590 2460 optimo
615 2421 755 2460 consule]
792 2420 923 2451 Induxit
967 2419 1060 2450 malis
1087 2430 1161 2451 cum
1187 2420 1238 2452 ed.
1264 2420 1432 2460 Hei-vagii,
1459 2429 1532 2460 quoe
1556 2420 1662 2460 prima

232 2461 404 2492 Victorius.
429 2472 494 2493 non
517 2463 612 2492 credo
634 2473 700 2492 esse·
722 2474 740 2492 a
757 2463 923 2494 Cir-etone.
967 2463 1132 2501 plerasque
1168 2462 1265 2502 liujus
1293 2464 1450 2493 orationis
1478 2462 1610 2493 lacunas
1643 2473 1663 2494 e

231 2504 354 2537 Consul
367 2505 496 2543 quidem
513 2511 583 2534 tum
598 2505 722 2535 Gellius
737 2514 802 2534 non
817 2511 898 2535 ciat.
966 2504 1029 2534 Ms.
1045 2505 1200 2544 explevit,
1215 2505 1334 2545 legere,
1358 2506 1440 2535 nihil
1459 2514 1538 2535 sane
1559 2509 1590 2534 te
1602 2503 1662 2545 ju-

273 2549 311 2577 53
334 2557 403 2577 rem
421 2551 599 2586 paternam
616 2547 691 2585 ocra]
717 2547 926 2579 Fam—tissima
968 2547 1100 2577 valiant.

230 2587 334 2619 ironia
348 2590 380 2619 in
396 2588 640 2628 hominem‚qui
655 2589 781 2619 divitias
797 2589 923 2626 effudit,
1011 2591 1048 2618 55
1072 2593 1108 2618 ut
1127 2590 1296 2629 plebicola]
1323 2589 1375 2620 Sic
1394 2588 1443 2619 ed.
1460 2588 1613 2628 Hei-vagii
1628 2591 1663 2620 et

228 2636 262 2662 et
279 2641 401 2670 pauper
416 2631 520 2661 factus
535 2637 596 2661 cst.
610 2641 640 2659 v.
654 2631 743 2660 Clav.
761 2631 922 2662 iuldz'nta.
967 2629 1075 2670 plures
1111 2637 1184 2671 post
1212 2641 1295 2662 eam.
1329 2641 1395 2661 non
1423 2631 1594 2671 poplicola,
1623 2635 1662 2660 ut

271 2676 310 2703 54
336 2673 436 2704 Nihil
462 2684 487 2705 S.
511 2673 597 2703 Attoe
614 2672 797 2713 juvabant]
828 2673 924 2703 Varie
967 2672 1051 2703 aliae.

226 2718 379 2745 tentatur
414 2715 465 2745 hic
501 2716 600 2745 locus.
645 2714 813 2745 Fac-illium
842 2715 921 2745 mihi
1007 2715 1046 2744 56
1061 2724 1135 2744 cum
1158 2715 1192 2744 in
1216 2725 1336 2753 magno
1349 2724 1482 2745 numero
1498 2719 1521 2745 t.
1536 2715 1557 2744 l.
1573 2711 1656 2751 n.z'.]

229 2757 355 2786 videtur
381 2759 464 2787 ratio
487 2758 630 2788 Abramii
656 2761 689 2786 ct
712 2757 842 2791 Gra-vii,
868 2758 922 2795 qui
965 2757 1026 2786 int.
1056 2760 1228 2795 tutorum,
1250 2766 1330 2797 quos
1358 2762 1556 2789 testamento
1582 2755 1659 2786 scri-

227 2799 324 2831 Attus
351 2798 507 2839 intelligit
544 2801 628 2839 ipsos
661 2808 752 2828 senes
782 2799 922 2838 philoso-
966 2799 1168 2839 pseratfilio.

225 2840 326 2879 pho-5:
352 2840 482 2874 Gallim.
494 2852 544 2883 ep.
563 2843 591 2879 l,
606 2845 635 2875 3.
652 2841 735 2871 ἅττα
750 2841 832 2884 γὲξσι.
852 2841 923 2872 Nisi
