1769 3174
251 72 332 111 *956
851 65 1100 105 ORATIO

258 171 411 228 Cispio
443 170 606 212 mihine
642 177 688 211 tu
721 169 916 227 objicieS,
946 185 1073 226 quem
1115 184 1212 227 ego,
1241 169 1295 212 de
1326 184 1394 212 me
1427 170 1535 213 bene
1566 171 1693 214 meri-

256 239 352 270 tum
383 228 498 284 quia,
528 236 570 269 te
600 236 722 278 teste,
753 242 1058 284 cognoveram,
1087 236 1128 268 te
1160 227 1310 269 eodem
1343 237 1517 270 auctore
1544 229 1693 272 defen-

260 287 334 327 di?
385 288 425 316 52
442 294 486 326 et
534 285 571 326 ei
623 285 754 336 dices,
814 284 1043 341 Quousque,
1084 299 1212 340 quem
1261 298 1409 340 negas,
1449 286 1564 340 quod
1616 302 1695 344 pro

264 342 416 398 Cispio
452 342 736 393 contenderit,
771 342 1001 398 impetrare
1034 341 1252 398 potuisse?
1285 341 1398 382 Nam
1442 343 1564 383 istius
1603 358 1695 385 ver-

218 410 250 441 b.
266 400 325 450 bi,
365 398 594 455 Quousque,
635 399 731 441 haec
772 408 942 455 poterat
977 412 1067 439 esse
1106 398 1268 438 invidia
1289 415 1298 439 :
1341 398 1464 439 datus
1507 408 1572 440 est
1613 401 1693 442 tibi

263 457 359 499 ille:
393 457 660 498 condonatus
700 456 795 496 ille:
831 470 916 496 non
953 455 1058 496 facis
1091 454 1248 496 finem:
1281 454 1390 495 ferre
1424 471 1511 497 non
1548 471 1699 513 possu-

261 528 374 555 mus.
435 512 485 555 Ei
510 513 697 569 quidem,
720 513 792 567 qui
816 527 892 567 pro
916 526 1001 552 uno
1023 511 1243 562 laborarit,
1265 514 1304 542 53
1320 522 1363 552 et
1385 513 1527 568 ipsum
1547 514 1589 555 id
1611 529 1699 557 non

261 571 512 622 obtinuerit,
533 570 633 620 dici,
658 568 885 625 Quousque,
910 568 1123 609 irridentis
1147 568 1284 624 magis
1305 577 1384 619 est,
1405 584 1534 624 quam
1557 586 1698 627 repre-

261 628 503 670 hendentis.
527 628 606 667 nisi
632 626 741 667 forte
762 640 844 681 ego
866 640 976 666 unus
999 625 1059 666 ita
1079 640 1148 665 me
1170 625 1281 681 gessi
1306 626 1555 681 injudiciiS,
1578 628 1638 669 ita
1655 637 1699 669 et

261 700 363 727 cum
387 685 452 725 his
474 695 516 725 et
539 685 648 724 inter
681 684 758 724 lios
782 683 887 733 vixi,
911 683 944 723 is
969 683 1012 723 in
1046 683 1184 723 causis
1208 692 1427 738 patronus,
1450 684 1484 724 is
1507 683 1549 725 in
1572 699 1702 741 repu--

266 743 380 783 blica
400 742 506 782 civis
540 751 583 781 et
604 755 697 781 sum
720 750 763 781 et
792 754 958 795 semper
991 739 1068 790 fui,
1091 739 1202 780 solus
1237 748 1284 779 ut
1320 755 1346 780 a
1378 750 1419 781 te
1448 741 1699 792 constituar,

202 810 254 850 76
267 800 340 855 qui
364 798 471 839 ni'nil
492 815 515 839 a
531 797 754 853 judicibus
786 797 966 837 debeam
988 811 1189 851 umquam
1213 797 1456 852 impetrare.
1516 797 1573 839 Et
1594 800 1703 840 mihi

267 855 545 912 lacrymulam
570 854 764 911 Cispiani
781 853 938 909 judicii
961 854 1170 909 objectaS.
1194 854 1254 895 sic
1283 854 1398 895 enim
1419 854 1595 898 dixisti:
1630 854 1703 897 Vi-

265 913 309 954 di
338 928 409 969 ego
433 920 545 954 tuam
574 910 854 968 lamymulmn.
915 910 1040 962 Vide,
1064 913 1103 942 54
1119 925 1247 965 quam
1270 925 1339 951 me
1369 912 1487 953 verbi
1520 913 1583 953 tui
1606 928 1703 969 poe-

260 972 417 1015 niteat.
439 985 524 1011 non
560 970 688 1010 modo
713 967 1004 1023 lacrymulam,
1035 968 1106 1008 sed
1130 967 1284 1008 multas
1306 967 1530 1024 lacrymas,
1551 978 1595 1010 et
1627 971 1702 1012 fle·-

267 1037 361 1068 tum
393 1042 489 1069 eum
526 1026 716 1082 singultu
750 1025 893 1066 videre
927 1025 1121 1081 potuisti.
1182 1024 1251 1065 An
1285 1040 1382 1082 ego,
1404 1026 1477 1081 qui
1510 1041 1704 1069 meorum

266 1085 482 1140 lacrymis,
505 1098 573 1125 me
605 1085 795 1134 absente,
823 1090 1085 1127 commotus,
1115 1082 1367 1134 simultates,
1399 1098 1504 1138 quas
1534 1098 1704 1126 mecum

267 1142 471 1192 habebat,
493 1141 774 1196 deposuisset,
801 1154 993 1194 meaeque
1015 1139 1161 1180 salutis
1183 1154 1268 1181 non
1296 1140 1426 1180 modo
1459 1155 1544 1182 non
1567 1157 1705 1198 oppu-

271 1208 426 1256 gnator
444 1203 512 1251 (ut
530 1198 693 1239 inimici
717 1198 799 1238 mei
825 1199 1043 1253 putarant)
1066 1197 1137 1237 sed
1167 1198 1295 1238 etiam
1319 1197 1517 1239 defensor
1539 1197 1704 1250 fuisset,

209 1271 260 1310 77
273 1256 400 1311 hujus
424 1256 466 1296 in
490 1255 679 1311 periculo
713 1269 797 1295 non
821 1254 1011 1295 dolorem
1034 1269 1176 1294 meum
1200 1254 1517 1311 significarem?
1545 1255 1612 1296 Tu
1634 1272 1708 1297 au-
1739 1257 1743 1260 ’

273 1323 376 1364 tem,
400 1312 654 1363 Laterensis,
679 1312 752 1366 qui
776 1322 866 1352 tuin
882 1311 1088 1366 lacrymas
1113 1326 1225 1352 meas
1242 1321 1385 1368 gratas
1407 1326 1497 1353 esse
1518 1312 1706 1365 diCebas,

274 1386 390 1412 nunc
411 1371 581 1411 easdem
608 1371 668 1410 vis
693 1369 922 1410 invidiosas
945 1369 1094 1409 videri.

191 1438 260 1486 32
337 1428 496 1482 Negas,
518 1427 783 1468 tribunatum
820 1426 983 1467 Planeii
1006 1426 1239 1481 quidqiiam
1273 1426 1466 1469 attulisse
1486 1427 1710 1483 adjumen-

276 1486 308 1526 ti
328 1485 531 1541 dignitati
554 1499 675 1525 meat.
698 1493 826 1538 atque
848 1483 930 1524 hoc
955 1483 1047 1524 loeo
1072 1484 1205 1538 (quod
1231 1484 1448 1524 verissime
1470 1483 1609 1526 faeere
1631 1499 1710 1540 po·

275 1544 356 1593 tes)
391 1542 438 1582 L.
472 1541 658 1592 Racillii‚
691 1541 913 1582 fortissimi
939 1551 980 1581 et
1013 1541 1348 1582 constantissimi
1375 1541 1469 1591 viri,
1497 1542 1645 1582 divina.
1667 1542 1710 1582 in

273 1615 342 1641 me
361 1599 501 1639 meriti
521 1613 846 1640 commemoras.
910 1597 991 1638 Cui
1010 1598 1182 1652 quidem
1201 1612 1299 1653 ego,
1315 1599 1427 1639 sicut
1448 1599 1492 1639 in
1519 1599 1711 1651 Plancio,

274 1672 510 1711 numquam
533 1655 796 1697 dissimulavi
819 1669 887 1696 me
907 1655 1137 1710 plurimum
1159 1656 1329 1706 debere,
1352 1670 1602 1712 semperque
1624 1671 1712 1712 prae

275 1729 345 1756 me
368 1714 516 1754 feram.
550 1713 686 1753 nullas
707 1712 822 1753 enim
857 1713 938 1753 sibi
972 1711 1040 1752 ille
1069 1727 1208 1767 neque
1229 1713 1541 1763 contentiones,
1574 1727 1714 1769 neque

276 1771 541 1820 inimicitias,
564 1784 702 1825 neque
725 1770 825 1811 vitae
848 1770 1164 1821 dimicationes,
1183 1785 1260 1811 nec
1284 1785 1361 1826 pro
1379 1770 1615 1826 republica,
1636 1784 1716 1818 nec

275 1845 354 1885 pro
377 1843 446 1869 me
467 1827 749 1883 defugiendas
769 1827 953 1884 putavit.
1012 1825 1158 1882 Atque
1177 1828 1355 1878 utinam,
1375 1842 1504 1882 quam
1521 1842 1604 1884 ego
1622 1841 1716 1869 sum

278 1889 321 1927 in
345 1886 463 1926 illum
487 1896 649 1941 gratus,
673 1893 761 1925 tam
782 1884 987 1934 licuisset,
1011 1899 1084 1940 per
1106 1884 1331 1925 hominum
1354 1885 1457 1935 vim,
1480 1888 1519 1916 55
1533 1894 1578 1925 et
1601 1885 1716 1940 inju-

279 1945 384 1985 riam
407 1943 555 1999 populi
581 1941 784 1992 Romani,
806 1942 844 1982 ei
867 1942 1049 1997 gratiam
1071 1941 1241 1982 referri!
1273 1942 1373 1993 Sed,
1401 1942 1435 1982 si
1457 1957 1545 1983 non
1566 1942 1716 1983 eadem

280 2001 505 2042 contendit
543 2000 588 2040 in
626 2000 848 2040 tribunatu
892 1998 1118 2040 Plancius:
1160 1999 1409 2040 existimare
1446 1999 1590 2051 debes,
1628 2013 1716 2040 non

282 2058 384 2100 huic
406 2058 672 2099 voluntatem
691 2055 892 2107 defuisse,
914 2056 987 2098 sed
1010 2070 1092 2107 me,
1112 2055 1152 2087 56
1165 2070 1262 2097 cum
1275 2056 1369 2112 jam
1395 2055 1572 2098 Plancio
1591 2056 1720 2097 debe-

221 2126 272 2166 78
284 2130 388 2168 rem,
423 2114 580 2157 Racilii
614 2113 835 2156 beneficiis
866 2112 999 2156 fuisse
1029 2122 1299 2156 contentum.
1355 2112 1428 2156 An
1454 2128 1554 2156 vero
1577 2123 1717 2170 putas,

283 2294 423 2325 Graevio.
466 2293 572 2324 Possis
591 2296 626 2324 et
645 2295 813 2330 obvanam,
829 2292 850 2323 ὶ.
864 2303 894 2324 e.
909 2291 982 2323 irri-
1024 2303 1053 2322 e.
1077 2302 1176 2332 quam
1198 2292 1297 2323 nimis
1322 2303 1439 2333 parum
1462 2292 1578 2323 dixisse
1599 2296 1633 2323 te
1660 2301 1724 2333 pu-

282 2343 327 2367 toe
338 2348 349 2369 z
372 2341 559 2367 consumtus
573 2335 703 2375 quidem
717 2336 763 2366 sic
778 2335 910 2372 dicitur,
925 2335 982 2366 sed
1025 2340 1106 2371 tem,
1122 2335 1218 2365 verbo
1233 2334 1430 2365 diminutivo
1443 2346 1519 2366 cum
1535 2345 1611 2364 usus
1626 2344 1668 2365 es,

279 2379 364 2410 illud
377 2378 504 2409 melius.
1067 2379 1106 2408 55
1128 2382 1160 2407 et
1183 2375 1346 2417 injuriam
1363 2387 1437 2417 pop.
1461 2377 1519 2417 R.]
1548 2377 1621 2408 Hoc
1636 2387 1726 2408 vere·

322 2424 363 2452 52
385 2426 416 2451 et
429 2422 458 2451 ei
478 2420 577 2459 dices]
607 2419 754 2450 Graevius
769 2419 905 2458 corrigit
920 2419 982 2449 mi·
1023 2429 1072 2456 or,
1086 2426 1123 2449 ut
1136 2419 1255 2449 dixerit
1270 2420 1383 2450 Cicero
1398 2419 1574 2459 injudicio,
1589 2419 1724 2450 audien?

279 2464 324 2494 hi.
346 2463 402 2494 sed
423 2462 539 2494 deinde
560 2462 828 2501 interrogationis
849 2462 980 2502 signum
1022 2466 1056 2492 te
1072 2461 1207 2501 populo.
1236 2461 1281 2492 Et
1295 2462 1358 2492 fuit
1374 2462 1623 2502 illudjudicium
1641 2471 1724 2502 prae-

279 2515 349 2537 esse
363 2505 492 2536 debebit
508 2509 580 2545 post
593 2514 762 2544 quousque.
786 2506 885 2535 Porro
902 2505 980 2536 Mss.
1022 2505 1103 2535 toris
1111 2514 1185 2534 cum
1192 2503 1324 2534 delectis
1326 2504 1502 2544 judicibus.
1513 2504 1658 2534 Fuerunt
1669 2504 1724 2543 qui

281 2553 316 2579 et
341 2547 413 2578 edd.
429 2557 479 2587 pr.
505 2548 736 2584 contenderim,
754 2547 841 2586 quod
862 2548 979 2587 probat
1023 2546 1170 2584 legerent
1196 2545 1367 2583 prauam,
1381 2547 1457 2586 quia
1483 2546 1517 2577 in
1531 2546 1722 2586 quibusdam

283 2590 452 2621 Graevius:
476 2589 574 2625 male,
597 2590 725 2620 etiamsi
740 2590 820 2620 mila·
834 2599 982 2620 eorrexe·
1023 2589 1096 2619 edd.
1111 2599 1159 2629 pr.
1175 2594 1208 2619 et
1224 2589 1303 2618 Mss.
1318 2595 1367 2619 est
1386 2589 1418 2619 1².
1432 2589 1473 2620 R.
1488 2589 1573 2628 quod
1597 2593 1632 2619 et
1654 2588 1725 2618 aliis

285 2633 406 2664 rimus:
431 2641 497 2662 non
512 2632 639 2672 patitur
651 2642 758 2671 quem.
1024 2631 1103 2661 locis
1132 2642 1171 2661 ex
1196 2630 1354 2662 Pra‘toris
1388 2632 1486 2661 verbo
1508 2631 1632 2662 factum
1661 2635 1724 2662 est⁴

327 2677 367 2705 53
403 2679 434 2704 et
459 2675 567 2714 ipsum
594 2674 645 2714 id]
682 2673 863 2705 Lambinus
894 2678 981 2704 reete
1025 2673 1206 2704 Lambinus
1219 2674 1341 2704 omisit.
1387 2673 1475 2704 Illud
1487 2671 1702 2714 praetulerim.

284 2717 482 2755 corrigebat,
496 2721 527 2748 et
549 2717 584 2747 id
604 2717 723 2757 ipsum.
749 2725 823 2747 nam
839 2716 885 2747 sie
899 2725 984 2746 sem·
1069 2716 1108 2747 56
1131 2726 1206 2747 cum
1223 2715 1303 2756 jam
1332 2716 1403 2755 PL]
1443 2715 1590 2747 Graevius
1616 2725 1635 2746 e
1663 2714 1728 2746 Ms.

285 2768 344 2800 per
358 2759 483 2791 Cicero.
1026 2758 1096 2791 Erf.
1112 2758 1235 2791 addidit
1250 2763 1393 2790 tantum.

329 2803 369 2832 54
390 2810 491 2842 quam
513 2810 563 2832 me
584 2801 672 2832 verbi
691 2801 742 2832 tui
759 2799 930 2842 paeniteat]
960 2800 982 2832 i.
