1785 3185
254 100 353 136 1426
844 98 1092 139 ORATIO

253 208 337 251 tus,
367 200 536 244 Viseius
569 203 713 245 nescio
748 203 837 258 qui,
872 202 995 245 fortis
1025 208 1094 256 (ut
1124 204 1261 255 aiunt)
1293 204 1429 247 latro:
1460 218 1589 260 quem
1622 214 1693 246 ta«

190 265 351 305 27men
377 267 685 315 temperantem
716 259 846 301 fuisse
875 259 1017 302 ferunt
1045 261 1211 302 Pisauri
1242 261 1550 304 balneatorem.
1611 261 1687 303 Sc-

253 325 443 370 quuntur
464 316 549 368 alii,
572 317 808 368 tribunicii,
830 315 881 358 T.
903 317 1085 360 Plancus
1111 318 1153 359 in
1187 319 1357 373 primis:
1401 318 1474 374 qui
1504 320 1538 360 si
1566 333 1688 360 sena-

252 381 344 412 tum
377 372 611 426 dilexisset,
645 388 877 429 numquam
911 376 1071 416 curiam
1104 375 1375 416 incendisset.
1408 390 1493 430 quo
1530 375 1686 416 scelere

252 428 493 482 damnatus,
515 431 559 472 in
580 445 674 472 eam
698 432 841 471 urbem
865 432 991 472 rediit
1013 432 1154 481 armis,
1176 446 1199 471 e
1218 447 1302 487 qua
1316 442 1561 473 excesserat
1580 432 1688 487 legi-

253 487 348 526 bus.
372 486 444 527 sed
463 487 545 529 hoc
559 489 597 528 ei
615 502 842 529 commune
866 490 904 517 58
918 503 1014 529 cum
1040 488 1233 544 plurimis
1252 488 1561 530 dissimillimis.
1583 491 1623 523 ⁵9
1638 488 1689 529 il-

254 542 329 584 lud
362 552 503 585 tamen
528 559 689 595 verum,
716 545 831 599 quod
863 546 904 586 in
934 545 1017 586 hoc
1049 545 1208 586 Planco
1240 546 1452 601 proverbii
1483 545 1578 586 loco
1600 545 1687 586 dici

258 599 389 642 solet:
424 601 559 656 perire
580 616 678 642 eum
697 616 783 642 non
808 616 944 657 posse,
969 602 1048 642 nisi
1070 603 1108 643 ei
1132 617 1256 643 crura
1277 601 1411 643 fracta
1428 613 1580 643 essent.
1604 602 1691 643 fra-

259 665 330 698 cta
352 667 464 709 sunt,
494 669 537 699 et
558 659 680 699 vivit.
710 658 794 699 hoe
827 668 984 708 tamen,
1019 669 1065 699 ut
1093 658 1175 700 alia
1196 659 1342 710 multa,
1364 658 1532 713 Aquilae
1555 659 1689 700 fertur

180 705 247 757 13
261 724 499 770 acceptum.
562 715 640 756 Est
660 715 788 755 etiam
812 715 870 755 ibi
897 715 1071 766 Decius,
1094 716 1148 756 ab
1170 716 1266 767 illis,
1288 726 1336 756 ut
1357 717 1524 771 opinor,
1547 715 1688 756 Muri-

262 771 339 811 bus
364 771 524 812 Deciis.
548 772 692 827 itaque
710 771 892 813 Caesaris
913 787 1100 823 munere,
1123 772 1353 814 Deciorum
1374 772 1560 827 quidem,
1580 772 1689 813 mul-

260 837 305 868 to
329 828 565 878 intervallo,
598 844 673 884 per
694 829 809 869 hune
839 829 1088 884 praeclarum
1115 830 1251 870 virum
1278 830 1484 870 memoria
1513 844 1690 870 renova-

258 893 303 925 ta
325 896 402 925 est.
455 886 612 926 Saxam
638 901 735 926 vero
761 886 990 927 Decidium
1012 887 1228 942 praeterire
1250 887 1321 941 qui
1344 901 1530 942 possum,
1549 886 1690 927 homi-

214 945 245 975 b·
260 955 355 982 nem
379 942 610 984 deductum
634 957 688 983 ex
713 942 872 983 ultimis
896 944 1111 999 gentibus,
1146 953 1192 985 ut
1225 958 1321 984 eum
1353 944 1571 984 tribunum
1601 943 1689 998 ple-

195 997 246 1032 98
263 998 324 1039 bis
347 999 600 1050 videremus,
631 1014 757 1054 quem
780 1001 917 1040 civem
942 1015 1173 1055 numquam
1196 1000 1463 1041 videramus?
1496 999 1571 1040 Est
1595 1001 1690 1055 qui-

258 1056 355 1096 dem
378 1055 482 1097 alter
502 1057 708 1098 Saserna:
743 1057 814 1097 sed
836 1071 983 1098 omnes
1010 1068 1150 1098 tamen
1173 1067 1336 1098 tantam
1358 1058 1517 1098 habent
1541 1057 1689 1098 simili-

259 1113 452 1153 tudinem
480 1114 591 1154 inter
614 1129 671 1163 se,
698 1123 744 1155 ut
767 1114 809 1154 in
840 1129 986 1155 eorum
1019 1115 1355 1170 praenominibus
1385 1129 1533 1155 errem.
1596 1114 1690 1156 Nec

259 1184 358 1210 vero
393 1169 578 1222 Exitius,
606 1170 875 1226 Philadelphi
909 1171 1052 1222 frater,
1075 1182 1278 1226 quaestor,
1300 1171 1692 1227 praetermittendus

258 1236 338 1276 cst,
360 1241 428 1277 ne,
451 1228 484 1269 si
515 1228 567 1268 de
589 1227 823 1268 clarissimo
846 1228 1113 1270 adolescente
1135 1229 1302 1279 siluero,
1326 1228 1526 1269 invidisse
1549 1228 1694 1269 videar

258 1283 466 1325 Antonio.
530 1284 605 1325 Est
636 1285 766 1325 etiam
798 1284 973 1326 Asinius
1006 1286 1179 1340 quidam
1213 1294 1382 1326 senator
1413 1285 1692 1336 voluntarius,

258 1340 392 1382 lectus
425 1342 516 1398 ipse
549 1357 574 1383 a
603 1357 660 1382 se.
688 1352 882 1397 apertam
914 1343 1073 1384 curiam
1098 1343 1205 1384 vidit
1239 1352 1334 1398 post
1365 1341 1547 1383 Caesaris
1580 1357 1693 1383 mor-

258 1406 370 1441 tem:
403 1398 443 1428 60
458 1399 639 1440 mutavit
673 1399 860 1440 calceos:
894 1409 1014 1455 pater
1046 1400 1314 1456 conscriptus
1347 1411 1521 1455 repente
1553 1397 1693 1440 factus

257 1465 336 1496 est.
398 1454 499 1497 Non
530 1456 630 1499 novi
669 1456 770 1496 Sex.
791 1455 1050 1498 Albedium:
1083 1458 1155 1497 sed
1188 1466 1329 1498 tamen
1361 1457 1574 1497 neminem
1606 1465 1695 1498 tam

257 1511 512 1554 maledicum
548 1512 722 1564 offendi,
746 1513 818 1568 qui
853 1513 971 1554 illum
1003 1524 1180 1569 negaret
1211 1514 1391 1569 dignum
1415 1513 1595 1554 Antonii
1629 1528 1694 1554 se-

255 1580 375 1611 natu,
435 1569 634 1611 Arbitror
665 1585 732 1612 me
763 1570 927 1626 aliquos
962 1571 1241 1626 praeteriisse:
1275 1571 1326 1611 de
1358 1571 1407 1611 iis
1437 1580 1594 1621 tamen,
1619 1570 1692 1626 qui

255 1628 554 1678 occurrebant,
577 1637 716 1668 tacere
745 1642 830 1668 non
864 1628 1002 1684 potui.
1063 1627 1163 1669 Hoc
1197 1628 1328 1684 igitur
1364 1627 1494 1668 fretus
1529 1638 1694 1678 senatu,

258 1683 572 1741 Pompeianum
597 1695 789 1725 senatum
812 1684 1020 1740 despicit;
1053 1685 1094 1725 in
1119 1700 1203 1740 quo
1231 1685 1377 1726 decem
1409 1684 1567 1725 fuimus
1589 1699 1693 1726 con·

258 1740 441 1784 sulares:
474 1743 545 1796 qui
570 1743 602 1782 si
635 1756 782 1781 omnes
807 1742 1012 1792 viverent,
1035 1742 1191 1783 bellum
1215 1742 1390 1782 omnino
1412 1741 1496 1783 hoc
1519 1756 1603 1782 non
1627 1741 1694 1782 fu-

195 1797 387 1841 wis-set:
419 1799 666 1840 auctoritati
695 1798 888 1839 cessisset
910 1799 1102 1840 audacia.
1162 1799 1242 1839 Sed
1267 1809 1473 1853 quantuni
1504 1799 1693 1854 praesidii

259 1854 388 1896 fuerit
420 1856 463 1896 in
500 1856 667 1906 ceteris,
691 1855 791 1896 hinc
830 1856 1010 1911 intelligi
1044 1864 1201 1912 potest,
1222 1856 1334 1911 quod
1371 1871 1452 1912 ego
1485 1870 1593 1897 unus
1627 1870 1692 1896 re-

257 1910 384 1953 lictus
406 1927 429 1953 e
456 1913 616 1963 multis,
638 1913 814 1954 contudi
847 1922 889 1953 et
920 1913 1043 1967 fregi,
1066 1913 1369 1968 adjuvantibus
1392 1913 1528 1962 vobis,
1551 1913 1694 1954 exsul-

178 1961 389 2011 14tantis
427 1971 642 2025 praedonis
679 1970 917 2010 audaciam.
979 1970 1145 2017 Quodsi
1187 1969 1360 2011 fortuna
1401 1970 1524 2011 nobis
1562 1970 1692 2011 modo

256 2041 344 2067 non
377 2027 602 2082 eripuisset
636 2026 726 2067 Ser.
750 2027 1004 2082 Sulpicium,
1033 2027 1211 2083 ejusque
1243 2027 1449 2083 collegam
1485 2036 1598 2078 ante,
1625 2026 1693 2069 M.

257 2082 538 2126 NIarcellum:
562 2099 669 2139 quos
692 2084 837 2126 cives?
867 2099 974 2139 quos
999 2084 1108 2125 viros
1129 2088 1141 2128 ?
1173 2084 1206 2125 si
1229 2084 1335 2126 duos
1357 2083 1565 2135 consules,
1587 2085 1695 2126 ami-

254 2140 449 2181 cissimos
488 2142 653 2197 patriae,
678 2140 800 2181 simul
838 2155 891 2181 ex
929 2140 1055 2182 Italia
1089 2141 1281 2195 ejectos3
1314 2141 1346 2181 si
1380 2141 1426 2184 L.
1449 2135 1692 2192 Afranium,

256 2211 469 2238 summum
493 2199 644 2239 ducem
664 2215 674 2249 ;
707 2199 738 2238 si
766 2197 815 2238 P.
841 2198 1084 2249 Lentulum,
1108 2199 1245 2239 civem
1269 2213 1366 2239 cum
1390 2199 1431 2238 in
1456 2199 1606 2239 ceteris
1629 2212 1693 2238 re-

255 2254 350 2305 bus,
375 2264 465 2295 tum
489 2255 531 2295 in
561 2255 694 2296 salute
726 2270 819 2295 mea
850 2255 1134 2310 singulareni3
1166 2256 1200 2296 si
1224 2255 1451 2305 Bibulum,
1475 2256 1597 2309 cujus
1629 2265 1693 2296 est

255 2312 297 2351 in
332 2312 640 2367 rempublicam
673 2311 825 2353 merito
860 2327 1025 2368 semper
1063 2312 1233 2353 laudata
1265 2312 1534 2363 constantia3
1566 2312 1599 2352 si
1643 2312 1693 2354 L.

256 2365 516 2418 Domitium,
540 2369 939 2424 p1·a:stantissimurn
971 2369 1137 2420 civem3
1169 2370 1201 2409 si
1225 2368 1415 2424 Appium
1449 2368 1694 2421 Claudium,

254 2425 346 2483 pari
370 2426 594 2467 nobilitate
616 2436 659 2466 et
679 2426 899 2466 voluntate
925 2426 1179 2481 praeditum3
1202 2426 1233 2466 si
1260 2425 1309 2466 P.
1325 2425 1588 2481 Scipionem,
1606 2426 1692 2468 cla-

254 2482 468 2525 rissimum
503 2483 656 2534 virum,
691 2483 989 2539 majorumque
1026 2498 1197 2526 suorum
1235 2482 1513 2534 simillimum,
1547 2497 1694 2541 respu-

252 2638 453 2674 conjeoturae
479 2636 586 2666 variae.
617 2634 663 2666 nil
688 2640 738 2665 est
761 2635 863 2672 certi3
892 2644 952 2665 nec
995 2633 1051 2664 lud
1066 2634 1205 2664 verum?
1232 2634 1316 2664 Puto
1330 2634 1691 2676 scr.ill11dproprium:

252 2684 302 2709 est
318 2679 414 2709 tanti.
996 2686 1072 2706 nam
1085 2677 1205 2716 opponi
1217 2676 1344 2707 videtur
1355 2679 1396 2717 on?
1404 2687 1581 2709 commune.
1592 2675 1696 2709 etiam

294 2723 332 2751 58
369 2731 443 2752 cum
467 2721 516 2759 pl.
548 2718 786 2757 dissimillimis]
819 2718 953 2757 Pighius
995 2723 1106 2748 tamen
1120 2725 1306 2758 suspectum
1322 2725 1382 2749 est.

249 2763 384 2801 corrigit
400 2762 440 2793 ad
455 2773 484 2793 a.
509 2761 644 2793 DCCII.
669 2771 743 2792 cum
759 2763 809 2800 pl.
831 2761 890 2790 sihi
911 2761 954 2790 si-
1037 2761 1078 2790 60
1101 2762 1243 2791 mutavit
1257 2761 1391 2805 calceos]
1410 2760 1598 2792 Senator-ios
1617 2770 1695 2794 cum

249 2805 408 2837 millimis.
434 2805 527 2834 bene.
996 2802 1193 2844 vulgaribus,

291 2849 331 2881 59
346 2847 430 2877 illud
443 2851 553 2877 tumen
569 2845 697 2887 verum]
716 2845 764 2876 An
781 2854 847 2877 non
862 2848 896 2876 et
912 2844 951 2878 il-
