1785 3185
477 99 829 140 PHILIPPICA
863 100 1112 145 omNTA.
1413 109 1510 146 1341

74 203 265 246 dentiam
287 201 561 253 admiramur,
591 203 685 258 ejus
718 202 946 244 stultitiam
977 204 1207 248 timemus?
1252 206 1373 255 Quid
1393 208 1512 256 enim

72 257 258 311 btultius,
293 273 423 314 quam
455 259 652 300 inutilem
686 260 942 316 potentiam,
975 260 1208 303 invidiosas
1237 279 1356 320 opes,
1388 266 1512 322 cupi-

68 316 248 358 ditatem
270 315 519 358 dominandi
553 316 823 373 praecipitem
851 325 896 357 et
916 316 1126 359 lubricam
1148 321 1359 362 anteferre
1381 336 1511 375 verae,

70 373 207 429 gravi,
226 372 371 414 solidae
394 371 574 429 gloriae?
631 372 702 415 Au
729 373 813 415 hoc
836 373 944 414 vidit
964 388 1093 429 puer:
1125 375 1159 416 si
1180 385 1309 417 aetate
1337 392 1511 433 proces-

69 430 290 482 aerit‚non
321 429 513 472 videbit?
547 429 608 471 At
636 440 701 472 est
732 430 990 486 quibusdam
1028 431 1229 473 inimicus
1262 433 1509 478 clarissimis

67 496 196 542 atque
225 486 402 543 optimis
432 487 616 528 civibus.
679 487 834 529 Nullus
856 488 937 528 iste
967 487 1098 529 timor
1126 502 1217 530 esse
1240 489 1382 531 debet.
1415 506 1509 534 om..

66 557 141 584 nes
163 543 311 586 Caesar
333 544 581 586 inimicitias
610 544 860 602 reipublicae
882 544 1168 588 condonavit:
1202 546 1314 588 lianc
1336 547 1417 588 sibi
1433 548 1509 603 ju-

62 600 204 642 dicem
238 601 481 653 constituit,
521 602 631 643 hanc
672 601 999 643 moderatricem
1038 604 1234 644 omnium
1275 603 1506 650 factorum.

65 655 135 698 Ita
154 658 270 700 enim
292 659 345 700 ad
369 658 677 715 rempublicam
698 658 894 709 accessit,
921 669 968 700 ut
989 673 1083 700 eam
1106 660 1396 713 confirmaret,
1417 676 1505 706 non

62 723 112 756 ut
131 727 355 757 everteret.
385 730 535 757 omnes
558 716 695 756 habeo
718 716 919 771 cognitos
943 730 1088 757 sensus
1111 717 1409 760 adolescentis.
1438 720 1507 760 ni-

60 770 122 813 hil
140 782 205 814 est
228 773 287 814 illi
318 773 537 829 republica
555 773 713 824 carius,
735 773 843 813 nihil
866 783 1006 814 vestra
1034 775 1291 815 auctoritate
1313 776 1503 832 gravius,

60 828 171 872 nihil
202 830 412 872 bonorum
445 830 636 870 virorum
657 829 828 885 judicio
851 831 1057 885 optatiuS‚
1091 831 1199 872 nihil
1232 846 1331 873 vera
1362 833 1501 888 gloria

58 886 242 929 dulcius.
274 886 568 934 Quamobrem
591 887 647 928 ab
667 901 720 928 eo
740 901 828 928 non
847 887 974 940 modo
996 887 1105 930 nihil
1127 889 1293 939 timere,
1316 892 1387 931 sed
1408 891 1558 931 rna-51

63 942 154 990 'ora
173 954 217 986 et
234 944 411 985 meliora
437 955 690 999 exspectare
710 943 899 985 debetis:
931 958 1085 1000 neque,
1116 945 1157 986 in
1181 960 1247 997 eo,
1269 946 1342 1001 qui
1365 948 1419 988 ad
1441 947 1498 990 D.

51 958 243 1042 {Mutum
262 1000 490 1043 obsidione
519 1001 786 1042 liberandum
811 1000 1028 1056 profectus
1051 1003 1121 1053 sit,
1144 1003 1311 1054 timere,
1335 1018 1388 1044 ne
1410 1019 1501 1045 me-

54 1058 192 1100 moria
212 1068 383 1099 maneat
402 1058 630 1100 domestici
654 1058 829 1109 doloris,
851 1073 948 1113 quae
972 1058 1066 1114 plus
1089 1060 1201 1115 apud
1225 1074 1322 1101 eum
1348 1062 1499 1116 possit,

55 1129 185 1170 quam
209 1115 320 1157 salus
352 1115 558 1157 civitatis.
619 1115 803 1157 Audebo
825 1116 955 1156 etiam
978 1115 1173 1171 obligare
1195 1117 1322 1158 fidem
1342 1133 1498 1170 meam,

55 1182 198 1228 patres
215 1172 466 1228 conscripti,
489 1172 629 1223 vobis,
651 1176 692 1204 85
707 1172 954 1229 populoque
988 1172 1217 1225 Roman03
1250 1175 1366 1229 quod
1399 1191 1500 1231 pro-

53 1228 186 1281 fecto,
229 1245 327 1272 cum
348 1245 417 1271 me
447 1229 564 1271 nulla
584 1230 649 1271 vis
673 1240 863 1286 cogeret,
886 1229 1028 1271 facere
1048 1244 1135 1271 non
1154 1231 1371 1283 auderem,
1401 1247 1500 1289 per-

54 1286 409 1343 timesceremque
431 1287 474 1328 in
497 1301 540 1328 re
559 1287 750 1329 maxima
777 1287 1060 1342 periculosam
1092 1288 1342 1344 opinionem
1365 1298 1498 1330 teme-

54 1343 220 1386 ritatis:
261 1345 484 1401 promitto,
525 1344 702 1401 recipio,
735 1344 941 1400 spondeo,
981 1354 1122 1401 patres
1156 1346 1407 1401 conscripti,
1441 1346 1542 1396 ΟΛ),

52 1400 287 1453 Caesarem,
309 1401 437 1443 talem
469 1416 636 1458 semper
666 1401 758 1443 fore
786 1401 943 1452 civem,
965 1402 1102 1456 qualis
1134 1401 1263 1443 hodie
1295 1403 1364 1455 sit,
1387 1418 1493 1460 qua-

49 1456 220 1513 lemque
237 1473 334 1500 eum
357 1458 546 1500 maxime
564 1474 669 1510 esse,
687 1459 794 1499 velle
816 1468 860 1499 et
880 1469 1032 1515 optare
1053 1458 1274 1501 debemus.

109 1515 221 1562 Quae
243 1531 340 1558 cum
373 1517 434 1557 ita
466 1516 564 1566 sint,
586 1516 640 1557 de
671 1516 843 1557 Caesare
868 1516 970 1556 satis
1003 1516 1086 1557 hoc
1108 1526 1301 1573 tempore
1322 1517 1486 1560 dictum
1501 1529 1551 1565 52

49 1571 236 1614 habebo.
298 1573 391 1615 Nec
409 1587 510 1614 vero
528 1573 581 1614 de
606 1573 654 1614 L.
676 1572 949 1629 EgnatuleiO,
972 1573 1208 1615 fortissimo
1225 1585 1266 1615 et
1286 1584 1487 1617 constan·
1506 1587 1574 1648 19

47 1628 214 1671 tissimo
245 1630 354 1681 cive,
385 1629 786 1686 &Samicissimoque
824 1630 1089 1686 reipublicae,
1123 1631 1334 1673 silendum
1374 1634 1488 1674 arbi-

47 1696 161 1728 tror:
192 1687 266 1729 sed
299 1687 575 1729 tribuendum
605 1688 902 1728 testimonium
936 1687 1106 1728 virtutis
1136 1689 1341 1745 egregiae,
1370 1691 1488 1745 quod

47 1743 82 1784 is
103 1743 319 1800 legionem
354 1754 550 1800 quartam
573 1745 626 1786 ad
648 1745 865 1786 Caesarem
897 1744 1140 1795 adduxerit,
1163 1761 1260 1800 quae
1285 1748 1486 1802 praesidio

45 1801 309 1854 consulibu8‚
331 1802 512 1854 senatui,
542 1802 788 1859 populoque
811 1801 1026 1852 Romano,
1048 1802 1195 1857 reique
1218 1803 1402 1859 publicae
1422 1818 1488 1845 es·-

43 1867 134 1900 set:
165 1860 224 1901 ob
255 1874 350 1901 eam
382 1874 556 1900 causam
578 1860 758 1915 placere,
782 1860 844 1900 uti
881 1859 929 1900 L.
962 1857 1220 1915 Egnatuleio
1253 1860 1487 1904 triennium

41 1917 82 1949 ⁸⁷
96 1924 196 1958 ante
215 1915 459 1972 legitimum
477 1925 646 1972 tempus
668 1917 946 1971 magistratus
969 1925 1128 1972 petere,
1149 1932 1316 1973 capere,
1338 1933 1486 1974 gerere

43 1970 187 2014 liceat.
240 1972 300 2015 'In
322 1988 423 2029 quo,
443 1983 582 2029 patres
604 1974 855 2029 conscripti,
887 1987 971 2014 non
996 1983 1084 2014 tam
1107 1975 1385 2016 commodum
1410 1976 1485 2016 tri·

40 2029 189 2072 buitur
212 2029 262 2071 L.
283 2029 556 2088 Egnatuleio,
578 2044 707 2085 quam
735 2030 888 2071 honos.
912 2029 956 2070 in
991 2029 1063 2070 tali
1086 2031 1199 2072 enim
1224 2046 1268 2072 re
1298 2032 1399 2073 satis
1417 2042 1483 2074 est

39 2087 270 2132 nominari.

99 2143 169 2186 De
189 2143 384 2186 exercitu
413 2152 556 2184 autem
580 2143 632 2185 C.
664 2143 847 2185 Caesaris
876 2144 938 2185 ita
960 2157 1114 2185 censeo
1135 2145 1539 2192 decernendumz53
1596 2155 1611 2166 ⁸

41 2199 219 2243 Senatui
242 2201 423 2257 placere,
444 2200 653 2243 militibus
676 2201 902 2251 veteranis,
925 2201 999 2256 qui
1023 2200 1222 2253 Caesaris,
1245 2201 1478 2258 pontificis,

40 2258 428 2313 auctoritatemque
456 2257 584 2313 hujus
617 2258 778 2299 ordinis
801 2260 840 2288 38
854 2257 1137 2309 defenderint,
1169 2269 1301 2315 atque
1330 2259 1479 2301 defen-

39 2313 158 2368 dant,
178 2315 245 2357 his
263 2315 494 2370 liberisque
516 2329 678 2367 eorum,
699 2314 868 2356 militiae
893 2315 1163 2356 vacationem
1181 2330 1296 2359 esse:
1329 2317 1479 2373 utique

80 2468 120 2497 85
149 2475 227 2506 pop.
264 2465 374 2506 Rom]
414 2466 442 2497 E
469 2466 547 2498 vat.
576 2466 734 2504 Faernus,
821 2468 860 2499 87
883 2475 915 2495 α.
932 2467 953 2496 Ι.
968 2469 992 2496 t.
1007 2467 1227 2505 magistratus
1236 2467 1359 2508 petere]
1385 2467 1474 2507 Ergo

37 2508 184 2540 Graevius
199 2508 350 2540 addidere
365 2510 473 2549 reique
481 2509 629 2548 publicae.
675 2510 735 2539 Ce-
777 2512 944 2547 quaestura
957 2517 1023 2538 non
1039 2516 1090 2538 est
1105 2509 1318 2548 magistratus
1333 2511 1473 2550 proprie.

37 2554 144 2581 terum
172 2551 207 2581 in
236 2551 308 2582 hoc.
326 2551 400 2581 loco
427 2550 553 2590 aliquid
578 2550 734 2582 excidisse
779 2560 855 2580 nam
871 2555 1015 2588 quaestor
1030 2550 1138 2582 suerat
1152 2551 1386 2589 Egnatuleius:
1412 2561 1472 2581 un-

37 2598 137 2633 puto:
174 2601 292 2633 nempe
320 2593 407 2632 quod
429 2593 622 2634 respondeat
656 2594 730 2625 his:
775 2592 815 2622 de
827 2597 861 2621 et
877 2592 911 2622 in
930 2592 1009 2622 urbe
1034 2594 1127 2623 nulla
1143 2594 1285 2633 insignia
1306 2593 1473 2624 habebant

37 2635 122 2675 quod
140 2634 286 2675 profecto
294 2635 458 2676 —sacere
483 2645 549 2666 non
577 2636 734 2666 auderem
775 2640 964 2673 quaestores.
983 2644 1014 2665 v.
1032 2635 1118 2666 Gell.
1134 2635 1233 2671 XIII,
1250 2638 1298 2665 13.
1315 2637 1373 2666 ἃς.

40 2677 98 2707 &c-
115 2686 232 2716 nempe
247 2677 435 2715 hujusmodi
450 2677 548 2717 quid:
572 2679 639 2708 nisi
659 2688 735 2708 eum
821 2678 860 2706 88
884 2675 1086 2715 defenderint
1099 2682 1197 2716 atque
1211 2676 1402 2717 defendant]
1414 2677 1474 2708 At-

31 2719 135 2758 plane
144 2724 351 2759 per-spectum
367 2720 527 2750 haberem.
773 2727 833 2758 que
849 2724 929 2758 puto
953 2718 1144 2754 delendum,
1161 2719 1246 2758 quod
1270 2720 1305 2748 in
1327 2719 1388 2749 hac
1405 2720 1473 2750 for-

77 2760 118 2791 86
141 2760 411 2800 amicissimoque]
441 2761 558 2793 Addidi
579 2760 732 2802 copulam
774 2770 842 2795 ma,
873 2760 1058 2801 praesertim
1091 2763 1124 2792 in
1161 2760 1312 2791 formulis
1351 2761 1475 2801 legum,

38 2811 112 2832 eum
136 2803 278 2839 Graevio,
293 2805 371 2842 quia
392 2808 426 2833 et
441 2804 626 2844 praecedens
648 2802 734 2843 adje-
777 2800 942 2834 SCtorum
960 2812 1029 2834 non
1042 2803 1194 2836 additur:
1210 2810 1248 2834 ut
1262 2812 1360 2845 supra
1373 2814 1402 2835 c„
1422 2807 1471 2838 17.

36 2843 159 2877 etivum
175 2845 328 2885 copulam
344 2845 455 2876 habet.
778 2844 856 2875 init.

96 2900 206 2929 vor..
231 2902 287 2931 11.
314 2902 356 2930 P.
382 2901 436 2929 11.
709 2893 736 2930 4
765 2899 784 2925 S
