1785 3185
2 0 10 137 ,ι

0 143 5 294 ‚t

539 74 885 114 PHILIPPICA
927 74 1129 113 PRIMA.
1441 79 1537 116 1251

115 176 217 234 quid
238 177 405 219 efficere
423 186 567 234 posset
585 178 628 218 in
648 178 881 234 republica,
903 178 1127 234 cogitavit,
1149 177 1219 219 sed
1241 179 1372 234 quid
1363 193 1452 237 ipse
1475 179 1539 221 fa-

112 247 208 276 cere
236 234 433 276 deberet:
475 234 627 275 deinde
657 249 682 275 a
710 235 847 285 vobis,
878 243 1019 290 patres
1049 235 1294 290 conscripti,
1326 248 1441 292 peto,
1472 247 1534 289 ut,

111 291 275 332 etiamsi
300 293 417 346 sequi
438 292 576 331 minus
597 291 807 332 audebitis
825 292 1061 332 orationem
1085 300 1213 346 atque
1234 294 1563 356 auctoritatema

109 361 263 398 meam,
289 348 470 411 benigne
489 357 630 388 tamen
652 362 734 400 me,
757 360 804 388 ut
826 348 986 389 fecistis
1008 347 1162 398 adhuc,
1184 348 1379 390 audiatis.

167 403 360 445 Primum
383 405 514 460 igitur
541 414 637 446 acta
667 404 848 446 Caesaris
882 405 1086 446 selvanda
1114 418 1291 447 censeo:
1337 421 1421 447 non
1446 422 1529 462 quo
1544 418 1593 454 16

142 462 286 502 robem
356 463 450 517 quis
485 462 598 503 enim
622 461 664 502 id
697 462 868 517 quidem
891 464 1057 517 potest?
1089 462 1161 503 sed
1189 462 1290 516 quia
1322 464 1531 505 rationem

107 475 347 559 iiabeudain
370 520 557 560 maxime
589 519 772 560 arbitror
795 520 925 575 pacis,
947 529 989 560 et
1021 518 1114 560 otii.
1175 518 1337 560 Vellem
1368 520 1532 562 adesset

108 573 339 626 Antonius,
362 576 490 617 modo
520 579 560 610 29
574 576 664 617 sine
696 576 928 618 advocatis.
961 576 1047 628 sed,
1081 584 1127 616 ut
1159 576 1326 631 opinor,
1361 576 1461 617 licet
1492 579 1529 619 ei

107 631 248 672 minus
271 632 431 675 valere:
463 633 578 688 quod
610 632 714 673 mihi
737 633 826 673 he1i
849 648 922 689 per
945 633 1062 674 illum
1083 647 1169 674 nou
1202 633 1371 675 licebat
1403 634 1532 675 doce-

107 697 173 729 ret
204 703 287 739 me,
311 690 375 730 vel
412 691 554 746 potius
591 705 680 740 VOS,
715 699 853 745 p·1t1·es
890 690 1137 746 conscripti,
1169 690 1530 744 quemadmodum

106 744 198 800 ipse
241 745 421 788 Caesaiis
455 756 550 788 acta
581 746 842 788 defenderet
902 746 971 788 An
1002 762 1045 788 in
1078 747 1454 799 commentariolis,
1487 758 1531 789 et

105 802 418 859 chirographis,
443 814 487 845 et
520 803 672 844 libellis
706 805 747 833 30
763 818 806 844 se
834 818 920 845 uno
951 813 1124 845 auctore
1153 803 1352 859 prolatis3
1394 820 1443 846 ac
1476 819 1530 846 ne

107 859 282 915 prolatis
304 861 491 916 quidem,
514 860 586 901 sed
604 861 900 901 tantummodo
922 861 1062 912 dictis,
1085 871 1181 902 acta
1203 860 1384 902 Caesaris
1407 861 1529 904 firma

106 926 255 958 erunt:
289 931 384 972 quae
408 917 508 958 ille
499 932 542 958 111
566 932 622 957 aes
646 917 811 968 incidit,
833 918 876 958 in
899 933 984 973 quo
1008 917 1188 974 populi
1170 932 1306 973 jussa,
1330 929 1527 974 perpetu-

103 987 233 1028 asque
254 973 366 1029 leges
399 989 489 1014 esse
517 973 666 1025 voluit,
689 988 765 1030 pro
798 974 933 1016 nihilo
965 975 1264 1017 habebuntur?
1315 974 1523 1030 Equidem
1540 990 1587 1032 17

103 1044 165 1071 Sic
187 1030 410 1072 existimo:
441 1030 548 1072 nihil
577 1041 664 1071 tam
695 1045 784 1072 esse
815 1032 857 1072 in
889 1032 994 1073 actis
1027 1031 1223 1082 Caesaris,
1254 1046 1382 1086 quam
1412 1032 1526 1088 leges

105 1085 303 1128 Caesaris.
362 1087 447 1139 An,
488 1088 521 1128 si
563 1088 632 1129 cui
673 1088 775 1143 quid
817 1088 885 1129 ille
926 1089 1137 1144 promisit,
1174 1089 1216 1129 id
1257 1090 1338 1129 erit
1375 1089 1528 1142 fixum,

102 1145 269 1198 31qu0d
292 1144 404 1186 idem
436 1144 576 1186 facere
597 1160 682 1186 non
708 1146 875 1201 potuit?
905 1158 954 1187 ut
984 1145 1130 1186 multis
1153 1145 1286 1188 multa
1321 1146 1529 1202 promissa

102 1213 189 1241 non
221 1200 339 1243 fecit.
370 1217 466 1257 quae
497 1211 639 1243 tamen
671 1204 710 1233 32
724 1202 858 1243 multo
894 1203 1015 1259 plura
1050 1202 1122 1243 illo
1157 1213 1328 1244 mortuo
1362 1214 1530 1259 r·epe1ta

104 1266 217 1309 sunt,
239 1273 312 1313 qu
300 1273 368 1299 πη
392 1260 489 1300 vivo
514 1259 721 1300 beneficia
739 1273 813 1315 per
834 1274 980 1300 omnes
1003 1274 1135 1301 annos
1159 1259 1319 1300 tributa
1349 1270 1392 1300 et
1413 1261 1527 1310 data,

102 1315 175 1356 sed
197 1329 246 1356 ea
267 1330 352 1356 non
369 1326 503 1367 muto,
526 1331 612 1357 non
634 1332 732 1357 mox
736 1331 811 1358 eo
844 1331 1009 1357 summo
1032 1317 1160 1357 etiam
1185 1317 1326 1358 studio
1349 1317 1527 1373 praecla-

100 1384 147 1412 ra
167 1371 277 1414 illius
299 1382 394 1413 acta
414 1373 612 1414 delendo.
656 1377 695 1404 33
712 1373 901 1415 Pecunia
922 1374 1085 1415 utinam
1104 1374 1157 1414 ad
1182 1372 1289 1430 Opis
1312 1378 1522 1418 maneret!

99 1438 277 1470 cruenta
311 1429 382 1470 illa
414 1431 600 1485 quidem,
637 1431 709 1471 sed
746 1430 812 1472 his
848 1431 1126 1487 temporibuS,
1161 1431 1419 1486 3⁴quoniam
1442 1431 1524 1484 his,

98 1499 281 1540 quorum
302 1497 380 1537 est,
405 1502 488 1529 non
510 1487 712 1539 redditur,
730 1489 981 1529 necessaria.
1011 1502 1270 1544 quamquam
1292 1490 1331 1518 35
1349 1503 1398 1529 ea
1416 1503 1523 1544 quo-

98 1556 181 1598 que
201 1543 257 1584 sit
288 1543 435 1596 effusa,
457 1545 492 1586 si
525 1545 585 1585 ita
615 1544 658 1585 in
691 1545 797 1586 actis
830 1545 927 1587 fuit.
987 1544 1154 1600 Ecquid
1187 1554 1265 1596 est,
1287 1546 1402 1601 quod
1435 1556 1522 1587 tam
1538 1555 1584 1589 18

97 1601 270 1656 proprie
288 1601 372 1641 diei
393 1602 527 1658 possit
548 1612 691 1643 actum
713 1602 819 1657 ejus,
836 1603 909 1657 qui
932 1612 1104 1659 togatus
1124 1616 1166 1642 ln
1183 1601 1403 1657 republica
1424 1617 1523 1645 cum

95 1666 309 1712 potestate
331 1658 595 1714 imperioque
621 1669 807 1700 versatus
839 1660 907 1711 sit,
926 1674 1054 1715 quam
1076 1659 1177 1700 lex?
1238 1659 1397 1706 Quaere
1429 1671 1526 1702 acta

97 1713 309 1757 Gracchi:
343 1715 456 1771 leges
480 1716 745 1771 Sempioniae
769 1716 1050 1780 proferentur.
1072 1730 1217 1772 quaere
1240 1716 1393 1757 Sullae:
1418 1716 1525 1758 Cor-

94 1771 234 1814 neliae.
265 1749 409 1829 quid?
456 1772 538 1815 Cn.
563 1773 760 1830 Pompeii
790 1773 940 1815 tertius
970 1772 1247 1815 consulatus
1238 1787 1282 1814 in
1311 1774 1352 1804 36
1370 1774 1526 1829 quibus

1521 269 1576 323 'p.
1595 283 1664 315 156.

92 1940 196 1970 remp.
221 1930 398 1968 cogitavit.-
421 1930 507 1970 quod
521 1939 589 1960 esse
612 1929 783 1966 mutilum,
870 1932 911 1961 32
934 1931 1036 1960 multo
1046 1930 1096 1969 pl.
1120 1934 1252 1968 ‘reperta
1273 1933 1349 1959 sunt
1362 1930 1418 1959 illo
1439 1938 1523 1960 mor-

93 1972 188 2004 facile
214 1971 421 2012 intelligitur.
463 1972 646 2012 Vulgatum
672 1981 800 2011 verum,
829 1972 897 2012 tuo]
924 1972 1022 2002 Liber
1041 1972 1177 2002 Ferrarii
1193 1977 1227 2001 et
1243 1971 1351 2002 Guelf.
1368 1972 1422 2001 illo
1438 1981 1523 2002 mor-

93 2021 155 2052 est‚
172 2024 231 2046 nec
245 2018 357 2046 tamen
380 2014 451 2047 edd.
468 2025 516 2055 pr.
541 2014 663 2045 habent
678 2014 713 2044 in
735 2023 786 2043 re·
828 2019 883 2044 tuo
912 2018 1043 2053 reperta
1075 2018 1163 2050 sunt,
1194 2013 1279 2052 quod
1307 2019 1438 2044 secutus
1472 2019 1522 2045 est

85 2057 230 2097 publica.
263 2064 297 2087 et
333 2063 441 2096 potest
467 2056 635 2087 commode
663 2056 784 2087 abesse.
829 2056 984 2087 Graevius.
1003 2056 1094 2086 bene.
1110 2055 1172 2085 Ms.
1188 2055 1295 2086 Guelf.
1310 2055 1408 2086 habet
1419 2055 1520 2087 etiam

91 2099 155 2130 Sed
177 2109 252 2130 mcx
276 2099 310 2129 in
335 2098 522 2140 ipsefacere
545 2108 672 2138 semper
694 2097 785 2129 haesi.
830 2103 999 2138 reparata.
1033 2097 1130 2128 male.
1168 2102 1301 2137 reperta
1331 2103 1382 2127 est
1417 2097 1521 2129 ambi-

92 2141 126 2172 Si
141 2142 207 2181 ipse
222 2140 377 2173 voluisset
392 2142 509 2178 dicere,
525 2141 558 2171 in
569 2141 673 2180 primo
684 2150 787 2170 mem·
830 2150 943 2179 guum.
989 2141 1102 2171 Cicero
1118 2140 1303 2179 excogitata
1318 2138 1487 2179 intelligit.

92 2182 151 2214 bro
174 2184 343 2223 posuisset.
390 2183 451 2215 Sed
467 2188 517 2214 est
539 2191 787 2222 supervacuum.
871 2185 911 2213 33
934 2182 1086 2213 Pecunia
1111 2182 1157 2211 ad
1187 2181 1277 2221 Opis]
1309 2181 1360 2212 De
1382 2191 1421 2212 ea
1448 2181 1520 2212 vide

93 2225 159 2257 Ms.
187 2225 249 2256 Gu.
286 2225 384 2257 habet
418 2226 480 2265 ipsi
506 2236 552 2257 sc.
587 2224 786 2265 reipublicae.
829 2224 913 2254 Phil.
929 2224 973 2254 11.
989 2235 1016 2255 c.
1037 2227 1085 2255 14.
1109 2223 1188 2254 Edd.
1204 2233 1252 2263 pr.
1268 2222 1392 2253 addunt
1406 2223 1518 2255 oedem.

92 2266 164 2308 Ego
178 2267 352 2299 delendum
368 2274 461 2309 puto.
866 2270 907 2297 34
928 2276 1003 2297 eum
1019 2268 1070 2303 iis,
1087 2275 1224 2306 quorum
1239 2265 1312 2304 &c.]
1339 2265 1404 2296 Ms.
1421 2265 1518 2295 Faer-

132 2312 173 2344 29
194 2311 262 2341 sine
269 2310 453 2358 'advocuezlfl
479 2310 543 2351 Qui
557 2309 623 2339 sint
637 2308 670 2339 h.
684 2308 708 2340 l.
724 2309 783 2339 ad·
824 2309 858 2339 ni
873 2311 1024 2349 quoniam
1041 2310 1101 2347 his,
1117 2308 1212 2346 idque
1228 2307 1330 2338 secuti
1346 2312 1424 2337 sunt
1440 2307 1517 2337 Mu-

91 2353 208 2389 vocati,
223 2363 252 2383 v.
268 2353 302 2382 in
320 2353 429 2383 Clave.
824 2357 912 2381 retus
926 2355 960 2380 et
977 2351 1090 2381 Lamh.
1134 2350 1194 2380 Est
1214 2351 1258 2380 sie
1275 2356 1308 2379 et
1324 2350 1358 2379 in
1373 2350 1437 2380 Ms.
1452 2349 1516 2380 Gu.

133 2396 174 2426 30
195 2404 220 2424 s.
244 2405 276 2425 u.
299 2405 331 2426 α.
343 2393 505 2435 prolatis]
539 2392 694 2424 probatis
716 2393 780 2424 Ms.
822 2392 953 2433 Recepi.
969 2393 1151 2433 Saepissime
1162 2392 1196 2423 τὸ
1209 2401 1282 2422 cum
1295 2401 1354 2432 pro
1365 2391 1517 2431 quoniam

90 2435 197 2466 Guelf.
228 2441 266 2467 ut
295 2437 508 2467 Graevianus2
546 2435 640 2466 male.
703 2435 782 2465 Mox
825 2440 859 2465 et
874 2436 1000 2475 quando
1026 2436 1154 2476 irrepsit
1169 2435 1204 2464 in
1228 2433 1332 2464 editos
1358 2433 1518 2464 recentio-

91 2478 237 2509 Graevius
267 2488 306 2509 ac
333 2479 451 2510 delevit
483 2487 557 2508 cum
586 2477 719 2508 Mureto
748 2482 782 2508 et
825 2486 887 2507 reS.

90 2518 205 2551 Lamb.
867 2522 906 2550 35
929 2528 967 2549 ea
981 2527 1101 2559 quoque
1114 2519 1156 2548 sit
1172 2517 1294 2559 ffusa]
1320 2517 1518 2556 Lai-gitium,

132 2564 167 2593 31
194 2562 276 2602 quod
289 2563 374 2592 idem
377 2560 496 2601 fizcere
509 2571 573 2592 non
579 2561 702 2601 potuit]
718 2562 781 2591 Pu·
827 2560 884 2591 bus
899 2561 1038 2591 Antonii
1049 2562 1085 2590 in
1098 2570 1183 2590 snos.

91 2607 128 2634 to
143 2610 230 2634 recte
245 2604 413 2634 Muretum
436 2604 610 2634 correxisse
625 2614 699 2634 cum
717 2603 779 2634 Ur·
864 2604 905 2634 36
927 2604 1040 2645 quibus
1064 2603 1145 2632 accis
1169 2601 1324 2639 constitit]
1371 2600 1518 2631 Constitit

90 2645 163 2675 sino
188 2655 250 2676 non
259 2645 396 2685 juvere.-
432 2645 511 2676 alias
537 2646 719 2685 sequentia,
742 2650 781 2675 ut
822 2650 871 2675 est
893 2656 911 2676 e
937 2646 1021 2676 libro
1045 2644 1174 2676 FaErni.
1200 2644 1262 2674 Ms.
1292 2644 1358 2673 Gu.
1386 2648 1420 2672 et
1443 2642 1515 2682 edd,

90 2687 205 2717 multis
219 2689 324 2718 multa
340 2688 500 2728 promissa
523 2697 584 2718 non
595 2687 692 2727 feeit,
713 2697 779 2718 non
821 2692 903 2718 vett.
925 2688 999 2718 aliae
1013 2687 1166 2718 consistit.
1212 2686 1244 2716 Si
1262 2685 1303 2715 ad
1315 2686 1518 2725 praesensju-

90 2728 174 2759 bene
199 2729 404 2768 respondent.
448 2730 509 2760 Sed
535 2733 649 2760 tamen
673 2729 780 2760 oratio
822 2728 945 2760 dicium
972 2729 1124 2767 refertur,
1154 2732 1193 2758 ut-
1219 2727 1360 2765 videtur,
1390 2733 1518 2758 rectum

92 2770 203 2801 durior
217 2776 282 2801 est:
308 2780 384 2801 nam
397 2772 480 2810 quod
494 2781 561 2804 non
576 2772 658 2803 bene
672 2771 778 2802 cobae-
819 2775 879 2802 est.

92 2816 143 2844 ret
161 2812 440 2846 antecedentibus.

731 2859 874 2896 4M4
