1769 3174
407 87 482 125 DE
508 85 860 125 HARUSPICUM
884 85 1180 123 RESPONSIS.
1436 88 1514 127 909

67 198 202 241 terna,
232 201 277 231 et
314 188 473 232 Matris
504 204 674 246 magnae
706 190 882 231 nomine
912 197 1111 245 suscepta
1138 185 1400 231 declaretur:
1431 188 1511 232 hos

66 246 190 288 ludos
218 248 325 288 servi
360 247 566 298 fecerunt,
589 247 696 287 servi
732 255 1057 303 spectaverunt:
1091 254 1182 286 tota
1203 245 1401 300 denique,
1424 246 1509 289 hoc

0 299 2 358 ζ
63 303 206 355 aedile,
230 319 447 346 servorum
472 303 710 360 Megalesia
732 303 919 344 fuerunt.
982 302 1098 344 Proh
1129 302 1188 342 dii
1221 302 1570 347 immo1·talcs!‘25

0 372 2 396 τ
63 361 138 416 qui
163 363 299 418 magis
324 361 547 403 nobiscum
570 361 686 416 loqui
713 361 907 416 possetis,
929 360 961 401 si
984 360 1133 401 essetis
1150 360 1511 416 versareminique

62 418 288 460 nobiscum
307 422 320 460 ?
344 418 518 459 501udos
539 432 630 459 esse
654 418 838 474 pollutos
861 417 1116 473 significatis
1132 431 1182 457 ac
1206 415 1331 471 plane
1352 416 1511 459 dicitis.

62 474 182 521 Quid
206 475 342 532 magis
361 474 664 527 deformatum,
687 475 975 530 inquinatum,
992 488 1254 530 perversum,
1277 475 1511 515 conturba-

64 539 157 572 tum
189 532 274 573 dici
307 541 464 588 potest,
485 547 630 587 quam,
654 535 831 572 5¹omne
860 532 1098 582 servitium,
1131 531 1340 586 permissu
1374 533 1513 586 magi-

63 597 236 640 stratus,
258 589 500 641 liberatum,
523 589 565 630 in
593 589 769 631 alteram
792 603 963 630 scenam
983 589 1237 638 immissum,
1259 587 1379 628 alteri
1404 603 1512 643 prae-

61 646 267 701 positum,
291 656 337 688 ut
359 646 466 688 alter
493 661 715 687 consessus
748 645 951 701 potestati
985 644 1511 699 servorum.objiceretur,

61 702 168 744 alter
190 717 410 745 servorum
435 712 551 745 totus
564 705 702 744 esset?
725 703 967 744 Siexamen
990 717 1120 758 apum
1141 702 1251 743 ludis
1274 702 1316 742 in
1339 716 1511 744 scenam

60 761 262 811 venisset,
286 760 532 816 haruspices
563 761 790 802 acciendos
813 774 869 801 ex
893 759 1066 801 Etruria
1087 769 1360 816 putaremus:
1393 759 1511 801 vide-

59 831 156 858 mus
187 818 373 859 universi
407 827 584 874 repente
607 818 810 859 examina
843 826 964 858 tanta
1001 831 1218 858 servorum
1253 816 1445 858 immissa
1466 817 1509 858 in

59 875 269 931 populum
294 874 540 916 Romanum
563 885 731 931 septum
754 884 883 930 atque
902 873 1128 925 inclusum,
1150 883 1194 914 et
1211 888 1296 914 non
1316 888 1510 915 commo-

2 942 13 984 j
59 935 236 974 vemur?
266 931 412 988 Atque
444 932 488 972 in
520 947 649 988 apum
682 931 864 973 fortasse
893 931 1108 983 examine,
1128 946 1207 972 nos
1229 946 1283 973 ex
1304 929 1510 973 Etrusco-

57 1003 153 1030 rum
185 989 356 1045 scriptis
388 989 650 1046 haruspices,
673 998 720 1030 ut
742 1004 766 1030 a
787 989 962 1030 servitio
984 1003 1246 1040 cave1·emu5‚
1267 998 1569 1044 monerent.26

56 1046 192 1094 Quod
215 1046 348 1103 igitur
371 1061 426 1087 ex
457 1046 601 1103 aliquo
631 1047 850 1102 disjuncto
880 1047 1136 1102 diversoque
1157 1054 1351 1087 monstro
1373 1045 1508 1102 signi-

60 1103 237 1145 ficatum
268 1118 530 1156 caveremus,
554 1104 598 1146 id
622 1107 775 1145 52cum
805 1104 944 1160 ipsum
979 1104 1059 1144 sibi
1093 1112 1333 1144 monstrum
1364 1113 1443 1155 est,
1465 1114 1511 1145 et

57 1175 158 1202 cum
180 1161 225 1202 in
241 1175 291 1202 eo
315 1161 408 1218 ipso
428 1161 662 1217 periculum
687 1170 766 1212 est,
788 1175 843 1202 ex
862 1175 948 1216 quo
967 1161 1200 1217 periculum
1223 1161 1511 1217 portenditur,

58 1232 145 1259 non
169 1218 550 1275 pertimescemus?
575 1218 827 1260 Istiusmodi
851 1218 1093 1274 Megalesia
1111 1218 1215 1259 fecit
1239 1228 1360 1274 pater
1383 1222 1511 1261 tuus?

57 1275 302 1317 istiusmodi
333 1278 538 1332 patruus?
580 1275 621 1317 Is
653 1276 757 1317 mihi
791 1276 919 1316 etiam
947 1276 1114 1331 generis
1147 1276 1211 1316 sui
1242 1276 1510 1317 mentionem

58 1331 179 1384 facit,
209 1348 308 1375 cum
340 1332 616 1384 Athenionis,
645 1343 720 1374 aut
751 1333 947 1389 Spartaci
980 1333 1180 1388 exemplo
1211 1333 1333 1374 ludos
1366 1333 1509 1375 facere

48 1390 271 1441 maluerit,
310 1405 437 1446 quam
484 1389 595 1442 Caii,
630 1401 704 1432 aut
744 1390 894 1446 Appii,
939 1389 1248 1431 Claudiorum?
1301 1389 1367 1431 Illi
1406 1406 1506 1432 cum

4 1455 6 1460 “
56 1446 180 1489 ludos
203 1447 408 1499 facerent,
431 1461 574 1489 servos
609 1448 661 1489 de
694 1462 824 1489 cavea
854 1448 974 1488 exire
991 1447 1231 1502 jubebant:
1266 1456 1312 1488 tu
1335 1448 1377 1488 in
1401 1448 1507 1489 alte-

16 1514 20 1519 ’
57 1519 148 1546 ram
178 1519 321 1547 servos
345 1505 577 1555 immisisti,
599 1520 654 1546 ex
690 1505 823 1545 altera
855 1504 1012 1545 liberos
1044 1504 1227 1560 ejecisti.
1249 1504 1395 1560 itaque
1430 1507 1505 1561 qui

57 1571 185 1604 ,antea
207 1576 312 1604 voce
342 1562 554 1618 praeconis
585 1578 611 1603 a
632 1562 775 1603 liberis
805 1563 1151 1613 semovebantur,
1174 1563 1258 1603 tuis
1285 1561 1394 1604 ludis
1417 1577 1505 1604 non

56 1633 178 1671 voce,
201 1620 273 1660 sed
301 1634 431 1660 manu
462 1619 620 1661 liberos
642 1635 667 1660 a
689 1634 731 1660 se
754 1620 1056 1675 segregabant.
1117 1619 1186 1660 Ne
1216 1619 1300 1661 hoc
1330 1620 1505 1676 quidem
1522 1625 1589 1673 13

56 1676 136 1718 tibi
175 1677 220 1717 in
252 1686 440 1718 mentem
484 1677 699 1727 veniebat,
736 1677 948 1732 Sibyllino
989 1676 1217 1728 sacerdoti,
1259 1676 1354 1719 haec
1387 1692 1507 1720 sacra
1518 1703 1548 1732 p.
1565 1695 1639 1725 250.

58 1734 242 1788 majores
264 1743 433 1775 nostros
455 1748 510 1775 ex
529 1734 682 1775 vestris
704 1734 822 1774 libris
844 1734 1088 1789 expetisse?
1110 1734 1145 1774 si
1167 1734 1226 1775 illi
1245 1743 1344 1775 sunt
1361 1736 1548 1788 vestri,a·

54 1805 164 1846 quos
198 1799 243 1832 tu
277 1791 411 1847 impia
441 1801 586 1832 mente
616 1791 851 1846 conquiriS,
877 1790 1048 1832 violatis
1091 1791 1227 1832 oculis
1258 1791 1379 1847 legis,
1402 1807 1506 1833 con·

31 1879 34 1883 .
57 1847 276 1889 taminatis
297 1848 496 1889 manibus
519 1859 736 1890 attrectas.
770 1847 868 1889 Hac
887 1849 1020 1904 igitur
1037 1858 1132 1889 vate
1145 1848 1351 1890 suadente
1368 1865 1569 1905 quon-27

55 1904 171 1955 dam,
192 1904 358 1946 defessa
381 1904 507 1947 Italia
530 1906 697 1947 Punico
723 1905 848 1956 bello,
870 1915 999 1960 atque
1022 1906 1076 1946 ab
1099 1905 1314 1948 Annibale
1334 1916 1507 1959 vexata,

55 1975 177 2003 sacra
197 1962 279 2003 ista
299 1962 483 2017 majores
505 1964 639 2004 nostri
661 1964 797 2004 ascita
814 1978 868 2004 ex
891 1963 1084 2020 Phrygia
1099 1963 1253 2012 Romae
1270 1963 1510 2006 collocave-

57 2028 181 2060 runt:
212 2023 319 2074 quae'
333 2020 398 2060 vir
419 2020 453 2061 is
476 2021 658 2076 accepit,
682 2024 720 2051 5³
735 2021 807 2078 qui
831 2029 896 2060 est
926 2022 1116 2076 optimus
1147 2020 1295 2076 populi
1321 2020 1508 2062 Romani

37 2075 287 2132 ‘Judicatus,
309 2075 359 2117 P.
384 2076 558 2133 Scipio:
592 2078 768 2118 faemina
798 2088 957 2129 autem,
983 2093 1080 2132 quae
1110 2086 1402 2120 matronarum
1437 2094 1508 2120 ca-

55 2133 242 2176 stissima
261 2134 510 2190 putabatur,
533 2135 591 2182 Q..
616 2134 821 2177 Claudia:
847 2135 971 2191 cujus
994 2135 1180 2190 priscam
1197 2135 1314 2177 illam
1335 2137 1376 2168 54
1390 2150 1508 2178 seve-

99 2248 139 2278 50
161 2247 252 2278 ludos
265 2247 390 2287 essep]
416 2247 499 2278 Ed'd.
511 2252 592 2278 vett.
607 2248 757 2288 quaedam
801 2248 886 2279 solet
907 2248 1017 2279 adesse
1040 2253 1075 2279 et
1097 2249 1253 2289 conspici,
1268 2248 1325 2279 sed
1343 2249 1443 2280 etiam
1459 2250 1508 2290 ip-

55 2286 178 2320 habent
205 2289 296 2320 ludos
317 2291 482 2330 publicos:
519 2291 605 2330 quod
636 2292 758 2331 recepit
800 2301 873 2321 sum
895 2290 1114 2331 periculosum
1138 2297 1199 2322 est.
1243 2290 1459 2332 Disjzcnctzcni
1476 2298 1508 2322 et

55 2329 290 2362 Graevius.non
303 2331 424 2372 placet,
435 2333 511 2372 quia
523 2333 558 2362 in
571 2334 758 2374 aruspicum
801 2334 965 2364 diversum
989 2338 1172 2364 monstrum
1193 2338 1256 2371 est,
1273 2333 1360 2373 quod
1382 2344 1402 2364 a
1423 2336 1507 2374 peri-

58 2381 210 2413 responso
224 2374 315 2404 ludos
327 2375 522 2415 simpliciter
535 2380 597 2406 est.
800 2376 876 2406 culo
891 2380 924 2406 et
940 2385 1025 2406 noxa
1039 2375 1204 2406 diversum
1220 2381 1285 2413 est,
1301 2377 1408 2417 ipsum
1423 2378 1508 2417 peri—

98 2417 134 2445 51
152 2425 243 2446 omne
257 2417 439 2454 servitium,
451 2427 487 2457 p.
504 2428 548 2448 m.
563 2417 752 2457 liberatum]
799 2418 864 2448 culi
879 2417 926 2448 nil
941 2428 998 2458 per
1011 2428 1044 2448 se
1061 2418 1171 2449 habet.

55 2454 143 2496 Quia
155 2457 264 2488 liberis
278 2463 412 2489 tantum
427 2459 547 2490 licebat
570 2461 610 2490 ad
629 2464 756 2500 specta·
843 2463 882 2491 53
904 2461 960 2499 qui
982 2464 1028 2490 est
1039 2461 1180 2500 optimus
1189 2461 1302 2500 populi
1319 2459 1361 2490 R.
1369 2459 1506 2501 judica-

56 2498 131 2529 eula
157 2501 288 2532 venire:
323 2501 415 2531 liberi
443 2502 522 2531 faeti
551 2503 635 2532 servi
669 2502 756 2532 vide·
799 2503 866 2542 tus]
906 2503 959 2532 Sic
987 2513 1006 2532 e
1033 2501 1113 2532 Mss.
1141 2503 1247 2532 tribus
1275 2503 1368 2533 bonis
1404 2502 1506 2532 edidit

56 2538 189 2579 bantur,
215 2552 291 2572 cum
327 2543 368 2573 ad
396 2544 620 2584 spectaculum
649 2545 755 2575 vocati
800 2544 972 2575 Gruterus.
1016 2544 1104 2575 Ante
1129 2549 1213 2581 erat,
1232 2555 1254 2575 α
1271 2546 1391 2585 populo
1407 2545 1503 2576 Rom.

56 2587 174 2614 essent.
218 2585 323 2615 Scena
339 2585 458 2626 duplex
470 2591 519 2616 est
535 2597 644 2624 eavea,
658 2597 756 2626 quam
791 2586 968 2627 judicatus
975 2599 986 2619 ,·
1010 2586 1096 2625 quod
1111 2586 1228 2617 melius
1242 2592 1336 2627 puto.

44 2624 167 2665 *paullo
182 2632 255 2666 post
272 2636 329 2666 pro
345 2636 442 2658 scena
455 2629 562 2668 ponit.
845 2632 885 2660 54
906 2629 1111 2659 severitatem
1125 2629 1293 2669 sacrficd]
1319 2628 1406 2667 Quid
1428 2627 1460 2657 h.
1483 2628 1506 2658 l.

101 2668 140 2697 52
161 2669 354 2707 cumipsnm
376 2671 435 2700 sibi
459 2680 502 2700 m.
516 2675 563 2700 est
578 2670 652 2710 &c.]
678 2671 758 2700 Sen-
802 2671 845 2701 sit
859 2671 1026 2712 sacrificii,
1044 2680 1141 2701 nemo
1155 2670 1284 2701 dixerit.
1329 2671 1415 2700 Puto
1437 2680 1505 2701 esse

57 2715 110 2738 sus
137 2713 206 2741 est:
242 2721 340 2750 apum
373 2722 510 2741 examen
539 2713 645 2752 ipsum
675 2712 759 2742 nihil
802 2712 991 2750 delendum,
1019 2717 1195 2751 ortumque
1227 2724 1244 2742 c
1272 2712 1418 2751 mirifice.
1448 2723 1507 2751 pro

60 2751 191 2790 periculi
221 2751 332 2789 habet,
360 2754 416 2783 sed
444 2755 625 2793 perieulum
660 2755 757 2784 modo
801 2765 866 2794 quo
884 2755 962 2785 Mss.
979 2754 1109 2794 quidam
1133 2759 1167 2784 et
1189 2754 1260 2784 edd.
1285 2754 1324 2784 R.
1345 2755 1400 2784 Br.
1416 2756 1509 2785 miri—

58 2791 198 2823 indicat:
223 2799 257 2823 at
272 2804 438 2825 servorum
453 2806 590 2826 examen
608 2805 672 2825 non
688 2806 759 2826 mo—
789 2796 864 2836 fica
877 2797 1010 2826 habent.
1047 2796 1237 2835 Suspicatus
1247 2805 1318 2826 snm
1332 2795 1509 2834 aliquando

60 2833 101 2864 do
115 2840 164 2864 est
179 2840 375 2873 monstrum,
391 2838 477 2875 qnod
495 2838 526 2870 id
541 2838 575 2869 in
590 2838 674 2869 ludis
691 2846 758 2868 non
801 2839 984 2875 sacerdotii,
1001 2848 1118 2879 nempe
1131 2838 1207 2877 quia
1218 2837 1357 2870 Vestalis
1373 2839 1436 2869 suit
1450 2850 1456 2868 ε
1475 2845 1508 2869 ct

120 2890 301 2920 von-11.
327 2893 439 2920 P.11.
744 2886 822 2922 30
