1785 3185
547 110 665 148 PRO
692 108 749 147 M.
776 108 1124 148 MARCELLO.
1456 110 1572 146 1215-

114 211 302 266 quando,
325 227 496 254 onmem
518 228 638 270 spem
662 213 810 255 salutis
839 212 894 254 ad
916 211 1189 266 clementiam
1212 211 1389 254 victoris
1411 221 1457 254 et
1486 227 1552 253 sa·

116 269 322 324 pientiam
345 270 592 312 contulisse.

169 327 316 371 Quare
355 326 495 384 gaude
528 337 603 368 tuo
638 327 722 368 isto
761 334 848 367 tam
884 324 1113 367 excellenti
1148 325 1287 367 bono:
1330 334 1373 366 et
1412 325 1613 372 fi·uei·e19

112 396 213 423 euin
244 383 416 425 fortuna
437 393 482 426 et
512 383 664 441 gloria,
687 393 778 426 tum
800 383 932 425 etiam
966 392 1119 424 natura
1139 394 1184 425 et
1215 381 1406 424 moribus
1439 383 1548 424 tuis:

112 452 168 479 ex
190 454 276 495 quo
298 442 471 497 quidem
493 442 708 484 maximus
727 450 792 482 est
807 440 971 482 fructus
988 440 1327 496 jue-nuditasque
1350 439 1594 494 sapic-:num
1615 439 1682 474 134-

113 495 270 538 Cetei-a
301 513 399 540 cum
430 508 504 540 tua
536 499 828 550 recordabme,
859 499 938 540 etsi
974 512 1170 554 persaepe
1206 495 1373 547 virtuti,
1405 490 1592 537 tamena·

111 552 362 610 plerumque
386 555 583 598 felicitati
609 565 695 597 tuae
717 555 1088 612 congratulabere.
1118 555 1172 596 de
1202 553 1344 604 nobis,
1367 567 1474 608 quos
1506 553 1550 593 in

109 611 330 674 republica
363 623 506 655 tecum
539 614 666 655 simul
697 613 836 654 salvos
857 627 949 653 esse
972 611 1161 664 voluisti,
1183 611 1354 668 quoties
1383 610 1552 665 cogita-

110 667 189 730 bis,
213 669 339 710 toties
361 670 414 712 de
444 671 645 712 maximis
679 670 763 711 tuis
797 669 1030 720 beneficiis,
1055 669 1183 710 toties
1219 669 1272 709 de
1307 667 1549 709 incredibili

108 723 379 779 liberalitate,
403 729 530 769 toties
552 728 605 770 de
626 727 830 784 singulari
854 726 1065 783 sapientia
1086 737 1160 767 tua
1180 724 1422 781 cogitabis:
1451 739 1550 778 quae

106 794 193 823 non
226 784 355 825 modo
378 799 543 826 summa
566 786 693 835 bona,
730 785 801 825 sed
835 784 1038 824 nimirum
1072 783 1240 825 audebo
1266 782 1329 823 vel
1364 781 1455 822 sola
1482 781 1547 822 di-

105 852 215 881 cere.
275 839 438 882 Tantus
459 853 524 883 est
544 845 658 883 enim
682 841 882 896 splendor
902 841 943 881 in
966 840 1090 882 laude
1113 855 1226 892 vera,
1246 849 1366 880 tauta
1388 839 1432 878 in
1456 853 1547 878 ma-

105 897 332 950 gnitudine
364 900 494 940 animi
527 909 569 939 et
598 898 767 940 consilii
793 898 998 953 dignitas,
1021 908 1069 939 ut
1101 897 1196 939 haec
1229 912 1255 937 a
1277 898 1434 938 virtute
1467 896 1543 936 do-

103 964 218 1004 nata,
239 965 381 997 cetera
397 971 422 997 a
443 956 617 998 fortuna
638 957 912 998 commodata
932 969 1024 996 esse
1045 955 1283 996 videantur.
1334 952 1435 994 Noli
1459 953 1605 1008 igi-‘30

106 1021 175 1052 tur
205 1011 248 1053 in
279 1013 580 1055 conservandis
615 1014 740 1054 bonis
775 1013 875 1054 vivis
902 1012 1149 1068 defatigari,
1185 1026 1271 1052 non
1304 1010 1550 1071 cupiditate?

104 1071 341 1123 pree-‘sertim
374 1081 448 1111 aut
482 1071 692 1128 pravitate
723 1070 867 1126 aliqua
897 1069 1039 1125 lapsiS‚
1071 1070 1141 1110 sed
1166 1068 1372 1125 opinione
1394 1067 1554 1118 officin-

102 1125 233 1166 stulta
255 1127 449 1179 fortasse,
470 1138 587 1169 certe
609 1144 693 1169 non
717 1128 929 1183 improba,
953 1137 997 1167 et
1027 1126 1171 1182 specie
1191 1125 1375 1180 quadam
1401 1124 1545 1180 reipu-

105 1182 245 1224 blicae.
289 1184 389 1226 Non
413 1186 526 1226 enim
552 1196 623 1226 tun
647 1185 731 1226 ulla
751 1184 878 1240 culpa
898 1194 978 1234 est,
1002 1184 1034 1224 si
1061 1195 1101 1223 tc
1123 1183 1253 1238 aliqui
1281 1183 1516 1222 timuerunt
1532 1199 1547 1222 2

101 1250 336 1302 contraque
358 1257 524 1284 summa
548 1243 650 1294 laus,
668 1243 782 1299 quod
806 1242 997 1298 plerique
1019 1241 1196 1281 minime
1221 1239 1458 1280 timendum
1476 1238 1543 1280 fu-
1600 1285 1607 1288 Δ

102 1311 184 1339 isse
206 1311 442 1341 senserunt.

159 1355 289 1397 Nunc
313 1371 411 1397 vero
434 1357 559 1398 venio
582 1357 633 1398 ad
668 1356 964 1413 gravissimam
999 1355 1213 1410 querelam
1247 1363 1289 1394 et.
1322 1347 1583 1399 atrocissi-'T

100 1426 212 1453 mam
245 1414 534 1469 suspicionem
569 1424 709 1455 tuam:
742 1429 838 1467 qua:
871 1428 955 1454 non
992 1413 1071 1453 tibi
1108 1413 1188 1468 ipsi
1225 1411 1378 1465 magiS,
1406 1417 1599 1464 qualum„

97 1484 196 1510 cum
220 1472 420 1512 omuibus
441 1473 624 1522 civibus,
649 1483 738 1512 tuni
774 1471 963 1511 maxime
992 1470 1132 1520 nobis,
1154 1470 1227 1524 qui
1255 1484 1281 1509 a
1302 1478 1344 1507 te
1365 1481 1537 1508 conser-

98 1528 184 1567 vati
219 1543 378 1579 sumus,
413 1529 677 1584 providenda
709 1539 796 1570 est:
829 1542 958 1583 quain
980 1527 1059 1567 etsi
1095 1541 1220 1582 spero
1251 1539 1342 1566 esse
1373 1524 1538 1574 salsam,

97 1597 331 1640 numquam
356 1597 498 1627 tamen
522 1587 661 1627 verbis
685 1586 947 1626 extenuabo.
978 1594 1050 1626 tua
1071 1584 1185 1624 enim
1208 1583 1369 1632 cautio,
1391 1592 1538 1622 nostra

96 1644 240 1682 cautio
264 1654 353 1685 est:
388 1654 448 1695 nt,
471 1644 505 1684 si
535 1644 576 1684 iu
609 1643 814 1684 alterutro
839 1642 1105 1698 peccandum
1137 1642 1207 1690 sit,
1230 1639 1375 1681 malim
1402 1639 1537 1679 videri

96 1699 224 1740 nimis
248 1701 439 1751 timidus,
457 1715 586 1755 quam
608 1715 758 1756 parum
784 1700 984 1756 prudenS.
1045 1698 1127 1739 Sed
1151 1698 1347 1753 quisnam
1369 1707 1433 1737 est
1455 1696 1536 1738 iste

97 1765 183 1796 tam
206 1757 409 1800 demens?
440 1758 492 1799 de
515 1759 686 1798 tuisne?
718 1756 888 1798 tametsi
911 1757 983 1811 qui
1009 1756 1146 1811 magis
1179 1766 1279 1795 sunt
1303 1754 1381 1804 tui,
1403 1767 1535 1808 quam

94 1813 251 1867 quibus
276 1825 317 1855 tu
342 1815 520 1856 salutem
542 1815 861 1871 insperantibus
884 1814 1136 1855 reddidisti?
1158 1827 1212 1852 an
1231 1826 1285 1853 ex
1309 1825 1360 1851 eo
1385 1825 1535 1856 nume·⁸

95 1884 157 1920 ro,
188 1872 261 1926 qui
296 1887 380 1913 una
412 1883 552 1913 tecum
591 1872 793 1913 fuerunt?
825 1871 926 1912 Non
960 1880 1026 1911 est
1059 1869 1277 1911 credibilis
1312 1878 1456 1911 tantus
1488 1867 1535 1908 in

92 1926 178 1968 ullo
201 1928 332 1980 furor,
366 1939 425 1979 ut,
454 1944 540 1984 quo
572 1930 680 1970 duce
711 1929 856 1970 omnia
886 1942 1053 1968 summa
1084 1928 1139 1967 sit
1173 1926 1369 1981 adeptus,
1402 1923 1532 1979 hujus

96 1984 334 2027 vitam-non
357 1996 595 2042 anteponat
616 2002 720 2027 suae.
759 1985 828 2026 Au
853 1985 886 2026 si
910 1986 972 2025 tui
997 1984 1101 2025 nihil
1124 1984 1323 2039 cogitant
1344 1980 1539 2031 sceleris,

90 2043 329 2084 cavendum
353 2052 432 2094 est,
454 2058 507 2084 ne
528 2043 631 2098 quid
654 2043 850 2085 inimici?
894 2042 1011 2088 Qui?
1033 2056 1181 2082 omnes
1204 2041 1316 2080 euim
1341 2039 1414 2094 qui
1439 2038 1531 2079 fue-

89 2109 204 2151 runt,
227 2110 300 2141 aut
322 2116 397 2141 sua
420 2101 656 2156 pertinacia
677 2101 805 2141 vitam
826 2099 1074 2148 amiserunt,
1093 2109 1167 2138 aut
1191 2108 1263 2137 tua
1287 2095 1528 2137 inisericor-

88 2155 161 2204 dia
184 2159 477 2207 retinuerunt:
512 2168 557 2198 ut
588 2167 662 2198 aut
692 2157 795 2197 nulli
830 2157 1044 2211 supersint
1075 2156 1127 2196 de
1157 2154 1360 2204 inimicis,
1381 2155 1420 2183 23
1435 2162 1570 2203 aut‚b.

86 2214 161 2268 qui
193 2216 512 2271 superfuerunt,
542 2217 582 2248 ‘29
596 2216 681 2255 sint
711 2213 975 2254 amicissimi.
1037 2212 1121 2253 Sed
1153 2222 1310 2262 tamen,
1346 2224 1445 2251 cum
1480 2210 1585 2250 i1122

87 2271 241 2314 animis
271 2273 494 2314 hominum
520 2281 651 2313 tantae
685 2271 859 2312 latebrae
891 2270 978 2310 sint
1006 2280 1050 2310 ct
1081 2271 1189 2310 tanti
1224 2281 1429 2318 recessuS,
1449 2281 1525 2308 au-

87 2343 265 2384 geamus
288 2344 389 2371 sane
411 2329 698 2385 suspicionem
727 2340 858 2369 tuam.
891 2327 1016 2369 simul
1038 2327 1153 2368 euim
1185 2325 1440 2382 augebimus
1461 2323 1528 2365 di-

85 2385 325 2442 ligentiam.
357 2402 456 2428 nam
488 2389 583 2442 quis
614 2397 678 2427 est
709 2386 905 2426 oninium
929 2394 1016 2425 tain
1051 2385 1225 2440 ignarus
1259 2397 1415 2432 rerum,
1439 2390 1529 2422 tam

86 2444 203 2486 rudis
233 2445 276 2486 in
309 2444 543 2500 republica,
567 2454 654 2485 tam
687 2443 795 2484 nihil
826 2456 1030 2497 umquam
1062 2456 1141 2482 nec
1173 2441 1227 2481 de
1260 2455 1350 2490 sua,
1373 2453 1452 2479 nec
1475 2438 1530 2479 de

85 2502 306 2544 communi
329 2502 464 2543 salute
484 2502 698 2557 cogitans,
717 2500 896 2556 quinon
919 2498 1148 2555 intelligat,
1171 2507 1245 2538 tua
1267 2497 1403 2538 salute
1425 2510 1541 2537 con-1

87 2559 213 2601 tineri
237 2561 384 2601 suam?
415 2569 458 2600 et
487 2573 543 2600 ex
578 2559 702 2600 unius
727 2568 800 2599 tua
821 2557 911 2598 vita
933 2557 1118 2612 pendere
1139 2555 1363 2597 omnium?
1396 2552 1529 2608 Equi—

85 2690 166 2722 Mss.
204 2690 274 2720 Erf.
304 2691 356 2721 Fr.
385 2689 445 2720 Dr.
481 2689 664 2729 delevitque
702 2688 785 2718 bene
830 2691 928 2718 recte.

85 2734 245 2765 Graevius.
871 2732 912 2764 29
937 2728 1129 2758 amicissimi
1155 2726 1234 2765 sint]
1261 2726 1324 2756 Alii
1351 2724 1439 2761 libri,
1465 2723 1533 2756 sint

125 2778 166 2807 ‘28
189 2779 261 2812 aut,
279 2775 334 2814 qui
351 2773 601 2813 supesfuerunt]
624 2774 648 2803 C
654 2782 694 2803 ur
718 2781 786 2802 non
830 2771 1031 2801 ariiitisse'mi.
1058 2780 1134 2800 mox
1159 2769 1265 2798 delevi
1293 2772 1323 2797 et
1353 2772 1431 2796 ante
1459 2766 1533 2796 dili-

82 2822 272 2858 supersunt,
287 2827 362 2847 cuin
382 2822 460 2847 aute
482 2816 538 2852 sit,
557 2821 592 2846 ut
615 2822 676 2847 αιιι
698 2815 786 2844 nulli
825 2815 991 2851 genuam,
1009 2812 1199 2843 auctoribus
1215 2810 1308 2841 bonis
1331 2808 1434 2840 libris.
1474 2807 1533 2840 Sic

82 2863 255 2902 supersint.
300 2859 352 2888 Sic
377 2864 411 2888 et
433 2858 614 2889 Lambinus
638 2857 784 2887 volebat.
829 2863 864 2886 et
877 2855 1036 2886 Graexiua.

715 2903 848 2942 4152
