1785 3185
396 109 746 149 PHILIPPICA
772 110 1264 150 QUARTADECIMA.
1449 112 1546 147 1443

124 211 264 254 minus
285 219 405 254 erant
426 215 480 255 ab
502 222 628 254 aetate
650 212 719 253 illa
750 213 1027 277 postulanda:
1059 215 1176 255 360ui
1201 227 1296 254 cum
1321 212 1548 267 impeiium

122 269 344 320 dabamus,
365 271 515 310 eodem
547 279 739 324 tempore
768 270 837 310 eti·
829 284 894 310 am
927 284 1042 324 spem
1067 271 1251 311 nominis
1273 270 1364 333 ejus
1387 268 1549 309 defere-

121 326 298 378 bamus3
327 327 457 382 quod,
478 341 574 367 cum
605 336 669 366 est
691 336 858 367 secutus
880 328 1177 366 auctoritatem
1211 326 1343 366 nostri
1373 325 1548 376 decreti,

122 383 249 424 rebus
264 383 407 447 *gestis
436 383 522 423 suis
543 384 854 438 comprobavit.
917 382 1003 423 Hic
1025 397 1127 438 ergo
1146 383 1388 423 adolescens
1411 381 1591 422 maxi-b.

73 443 76 447 '
123 440 182 480 mi
205 440 351 490 animi,
373 449 420 480 ut
442 440 659 480 verissime
692 440 839 481 scribit
872 438 1054 489 Hirtius,
1075 448 1212 480 castra
1241 439 1467 479 multarum
1492 437 1550 477 le-

123 496 300 551 gionum
335 496 479 551 paucis
507 496 755 537 coholtibus
787 505 948 537 tutatus
984 506 1060 546 est,
1091 495 1408 550 secundumque
1434 507 1549 549 pioe-

121 551 224 593 lium
259 553 374 594 fecit.
436 552 504 593 Ita
540 554 665 594 trium
701 554 1002 637 imperatorum
1025 552 1221 608 37popul1
1258 552 1441 592 Romani
1468 564 1549 590 vrr-

125 617 231 660 tute‚
257 609 450 660 consilio,
485 610 703 660 felicitate,
738 625 822 650 uno
856 610 924 650 die
959 609 1061 649 locis
1090 609 1280 672 pluribus
1310 607 1549 671 respublica

122 675 187 706 est
208 676 471 707 conservata.
533 665 729 708 Decerno
759 667 890 715 initur
911 680 1054 707 comm
1081 666 1206 706 trium
1230 679 1402 706 nomine
1424 679 1548 719 quin·
1573 655 1628 702 ll

124 724 331 779 quaginta
356 723 518 764 dierum
547 723 902 787 supplicationes.
933 724 972 753 38
986 737 1104 777 quas
1131 731 1177 762 ut
1205 721 1608 762 honorificentis-29

124 781 241 820 suuis
263 780 401 821 verbis
422 781 623 834 consequi
650 791 812 843 potero,
834 778 1124 835 complectar
1116 793 1206 834 ipsa
1229 779 1452 819 sententia.

182 835 258 878 Est
291 846 430 878 autem
467 837 564 877 fidei
596 837 851 892 pietatisque
879 846 1048 886 nostrae,
1071 836 1283 877 declarare
1307 834 1549 876 fortissimis

121 893 344 944 militibus,
375 907 503 948 quam
539 907 746 934 memores
779 908 924 944 simus,
957 907 1170 948 quamque
1201 893 1326 948 grati.
1387 892 1551 938 Quam-

122 950 270 991 obrem
304 964 511 1006 promissa
550 961 708 1001 nostra,
743 960 870 1005 atque
907 965 971 1000 eu,
1011 964 1106 1005 quae
1144 950 1399 1005 legionibus,
1442 947 1548 989 bello

120 1007 336 1058 confecto,
373 1007 606 1047 tributuros
645 1021 722 1048 nos
761 1007 1082 1062 spopondimus,
1116 1006 1322 1048 hodierno
1360 1015 1551 1046 senatu-s-

119 1064 316 1106 consulto
348 1064 590 1105 renovanda
628 1078 795 1104 censeo.
831 1077 1019 1127 aequum·
1039 1072 1103 1104 est
1135 1063 1264 1114 enim,
1295 1066 1335 1097 39
1349 1063 1548 1113 militum,

119 1120 268 1162 talium
302 1122 554 1177 praesertim‚
576 1121 779 1162 honorem
816 1119 1038 1175 conjungi.
1096 1119 1240 1176 Atque
1274 1120 1451 1171 utinam,
1473 1125 1610 1176 pa-SO

123 1185 206 1218 tres
239 1178 486 1234 conscripti,
508 1178 673 1219 civibus
705 1178 905 1219 omnibus
939 1180 1100 1217 solvere
1134 1178 1259 1217 nobis
1292 1180 1469 1233 praemia
1499 1177 1549 1217 li-

123 1245 237 1276 ceret
258 1237 265 1277 !
297 1249 555 1291 quamquam
576 1237 618 1265 40
630 1250 707 1276 nos
735 1249 798 1284 ea,
820 1249 915 1289 quae
947 1234 1234 1290 promisimuS,
1257 1234 1444 1275 studiose
1476 1248 1550 1275 cu-

125 1291 287 1334 mulata
318 1292 554 1333 reddemus.
587 1292 658 1333 sed
692 1292 733 1332 id
756 1292 925 1346 quidem
961 1300 1104 1341 restat,
1137 1302 1182 1331 ut
1218 1306 1355 1347 spero,
1379 1292 1553 1332 victori-

125 1349 218 1400 bus,
238 1349 447 1404 4¹quibus
477 1358 646 1389 senatus
679 1349 783 1389 fides
820 1357 1069 1404 pioestatur·
1101 1363 1228 1403 quam
1250 1349 1421 1404 quidem
1453 1362 1551 1388 curn

121 1405 376 1447 difficillimo
405 1405 650 1461 reipublicae
680 1415 872 1469 tempore
894 1405 1026 1445 secuti
1049 1405 1149 1455 sint,
1169 1408 1211 1435 42
1224 1421 1295 1446 eos
1319 1419 1551 1462 numquam

124 1463 342 1527 oportebit
363 1462 528 1504 consilii
552 1477 614 1503 sul
637 1463 862 1518 poenitere.
907 1462 988 1502 Sed
1012 1461 1136 1502 facile
1157 1472 1221 1502 est
1242 1465 1281 1493 43
1300 1464 1403 1503 bene
1425 1476 1552 1519 agere

121 1533 221 1561 cum
255 1520 320 1572 iis,
341 1535 366 1560 a
389 1520 543 1575 quibus
576 1519 704 1560 etiam
739 1518 978 1560 tacentibus
1013 1518 1197 1575 flagitari
1223 1520 1429 1561 videmur.
1450 1507 1551 1560 44il-

108 1666 110 1669 ’
165 1665 214 1701 36
239 1667 292 1697 cui
326 1675 400 1696 cum
433 1676 539 1706 impet
539 1674 605 1696 zum
640 1665 812 1705 dabamus]

124 1705 298 1738 Dabamus
312 1709 403 1738 abest
425 1709 550 1747 aliquot
566 1707 666 1738 Codd.
682 1708 815 1738 delevit-

122 1760 185 1789 que
211 1750 368 1780 Graevius.
392 1750 478 1790 quod
502 1750 583 1780 mihi
608 1759 674 1779 non
696 1749 815 1790 placet.

123 1792 236 1822 malim
252 1802 328 1823 mox
341 1794 408 1823 suis
430 1792 530 1823 deleri
551 1793 585 1821 in
607 1792 698 1821 rebus
718 1793 817 1830 gestis

122 1844 198 1864 suzs.

137 1883 141 1886 ·
164 1879 204 1910 37
220 1885 294 1915 pop.
316 1874 429 1914 Rom]
459 1875 594 1915 Aliquot
620 1874 720 1906 Codd.
742 1875 816 1905 abe-

124 1924 188 1954 rat,
203 1923 286 1948 teste
302 1917 447 1948 Fen-ario
461 1924 494 1948 et
511 1918 590 1949 Cod.
615 1918 745 1954 Graevii,
762 1917 817 1957 qui

125 1968 159 1991 et
174 1959 304 1991 delevit.

163 2005 203 2033 38
224 2011 316 2041 quus.
342 2006 380 2031 ut
406 2002 438 2032 Ιι.
464 2011 494 2031 1¹.
519 2001 663 2040 consequi
685 2000 811 2040 potero]

123 2045 206 2074 Sane
220 2044 338 2074 durum
353 2050 402 2074 est
415 2043 660 2083 supplicationes
682 2044 817 2081 comple-

121 2091 196 2116 ctar
209 2087 378 2116 sententia.
421 2085 533 2116 Potest
555 2085 652 2116 latius
674 2084 814 2124 intelligi

122 2128 259 2159 fortasse
281 2128 320 2158 de
342 2127 492 2157 omnibus
507 2128 557 2163 iis,
572 2137 644 2166 quae
660 2128 693 2158 in
708 2127 815 2157 decer-

123 2170 230 2201 nendo
252 2169 315 2200 diei
338 2169 466 2200 solent:
489 2169 543 2198 sed
565 2174 613 2199 est
628 2177 742 2200 tamen
757 2168 815 2198 du-

121 2222 208 2243 rum.
232 2212 378 2242 Graevius
394 2221 411 2241 e
427 2211 505 2241 Cod.
521 2221 591 2248 suo,
608 2212 661 2250 qui
676 2211 817 2242 habebat

123 2257 241 2292 causis,
256 2254 335 2293 legit
350 2262 476 2283 causas.
491 2253 546 2282 sed
567 2263 614 2283 cae
629 2254 703 2292 jam
720 2253 816 2283 dictae

123 2300 230 2327 erant.
275 2296 370 2325 Forte
400 2295 514 2326 Cicero
545 2296 696 2335 scripsit:
725 2304 814 2335 quoe:

120 2343 160 2368 ut
188 2347 255 2368 non
281 2337 377 2368 modo
406 2337 446 2367 ad
475 2337 740 2377 supplicationeS,
762 2337 816 2367 sed

120 2380 221 2410 etiam
236 2379 277 2410 ad
296 2379 462 2418 superiora
484 2379 653 2410 referatur.
697 2380 731 2410 Si
745 2389 816 2408 ver-

122 2422 201 2452 bum
231 2422 376 2461 consequa·
411 2431 476 2451 non
510 2426 594 2451 esset
626 2421 816 2460 exquisitius

121 2473 217 2503 quam
240 2473 299 2503 pro
321 2463 508 2502 glossatoris
531 2463 675 2502 ingenie,
692 2463 722 2493 id
738 2472 814 2502 spu-

122 2506 206 2536 rium
233 2510 394 2546 putarem.
438 2505 525 2535 Nam
559 2506 673 2535 Cicero
696 2505 730 2535 iu
757 2505 817 2535 hac

121 2549 228 2578 forma
247 2547 280 2577 id
295 2548 428 2578 verbum
451 2557 518 2577 non
541 2547 640 2578 addit.
655 2548 725 2586 ipsa
746 2556 817 2576 sen-

121 2590 225 2620 tentia
270 2589 434 2620 abundare
479 2590 618 2629 putabat
660 2588 816 2619 Faernus.

123 2631 221 2663 male.
235 2631 282 2661 sie
297 2634 332 2661 et
345 2631 430 2662 infra
444 2639 492 2661 est
507 2642 535 2662 c.
552 2634 600 2661 14.
617 2631 691 2662 init.

162 2677 205 2708 39
220 2674 504 2703 maletum—hono]
505 2684 553 2704 em
568 2672 737 2714 conjungi]
755 2673 816 2703 int.

899 1667 940 1695 40
961 1674 998 1694 ea
1015 1665 1246 1695 nos—studiose
1260 1665 1444 1705 cumulata]
1471 1667 1552 1697 Mss.

857 1716 970 1736 omnes
987 1711 1186 1747 'quamquam
1209 1709 1314 1738 multa
1327 1722 1336 1737 :
1359 1714 1393 1737 et
1414 1709 1459 1738 sic
1481 1709 1551 1739 edd.

859 1758 907 1787 pr.
923 1749 963 1779 R.
982 1749 1126 1779 lsi-Neu.
1148 1752 1235 1782 1474.
1250 1749 1324 1780 Ald.
1338 1751 1396 1780 ἃς.
1425 1751 1468 1780 At
1480 1750 1552 1781 edd.

859 1791 986 1821 Vieent.
1029 1791 1163 1822 Mediol.
1195 1793 1333 1822 studiose
1366 1794 1550 1824 cumulata.

859 1831 974 1863 L.un·0
999 1833 1186 1873 eleganter:
1208 1835 1346 1864 studiose
1371 1837 1553 1865 cumulare-

858 1884 930 1913 que,
959 1876 1012 1913 qui
1039 1876 1176 1906 studiose
1202 1878 1371 1906 cumulata
1398 1886 1415 1905 e
1445 1880 1552 1918 conje-

859 1923 952 1947 ctura
967 1927 1034 1948 esse
1056 1917 1147 1947 dicit.
1191 1919 1223 1947 Si
1240 1918 1285 1948 ita
1301 1924 1363 1953 est,
1381 1918 1552 1949 Maturan-

857 1959 923 1988 tius
943 1966 1057 1989 auctor
1079 1964 1140 1996 est,
1165 1970 1184 1990 a
1211 1970 1274 1999 quo
1297 1960 1471 1991 Vicentina
1491 1969 1552 1992 est.

858 2001 941 2030 Sed
934 2011 967 2031 in
983 2002 1068 2032 notis
1091 2001 1182 2032 nulla
1203 2003 1412 2032 correctionis
1427 2004 1553 2034 mentio

858 2043 907 2073 fit.

899 2087 936 2115 41
961 2086 1075 2125 quibus
1099 2090 1230 2116 senatus
1247 2085 1305 2126 fid
1304 2096 1335 2115 es
1356 2087 1550 2127 praestatur]

857 2127 880 2157 i.
897 2127 963 2165 qui,
979 2128 1064 2167 quod
1078 2133 1210 2158 senatus
1227 2129 1389 2167 promisit,
1405 2129 1436 2158 id
1450 2130 1554 2159 exsol-

858 2169 997 2199 ιθηάιιιιι
1020 2180 1133 2200 curare
1155 2170 1286 2200 debent.
1330 2170 1421 2200 Infra
1442 2172 1476 2201 iu
1501 2182 1554 2202 ea-

858 2210 930 2241 dem
956 2221 988 2242 re
1010 2222 1038 2242 c.
1059 2215 1107 2242 13.
1122 2211 1362 2251 senatusfideS,
1376 2212 1415 2242 de
1438 2223 1556 2243 monu-

858 2258 970 2284 mento
985 2255 1174 2284 occisorum.
1192 2264 1269 2284 nam
1285 2253 1428 2285 Manutii
1453 2257 1555 2286 inter-

858 2296 1011 2334 pretatio,
1028 2297 1142 2335 quibus
1165 2301 1296 2326 senatus
1319 2305 1368 2332 ea,
1386 2307 1456 2336 quae
1479 2308 1553 2346 pro-

858 2337 959 2373 misit,
987 2337 1141 2377 persolvit
1168 2338 1267 2373 scm,
1297 2347 1363 2367 non
1391 2341 1556 2371 consentit

859 2379 904 2408 rei
919 2385 953 2409 et
969 2381 1187 2418 sequentibus.
1232 2380 1311 2410 Mox
1324 2379 1415 2411 dedi:
1439 2392 1556 2412 cum-

858 2422 958 2451 secute·
978 2422 1044 2451 sint
1067 2432 1124 2461 pro
1142 2423 1243 2452 secuti
1264 2426 1352 2459 sunt,
1372 2424 1458 2462 quod
1481 2424 1556 2454 lati-

859 2463 944 2493 nitas
967 2473 1032 2494 non
1048 2464 1125 2494 fert.

900 2508 941 2536 422
963 2505 1217 2545 eos—paenitere]
1245 2505 1266 2536 i.
1283 2509 1356 2546 post
1378 2506 1479 2536 etiam
1501 2506 1556 2538 de·

861 2546 939 2577 bent
955 2547 1071 2584 faeere,
1085 2558 1158 2587 quae
1173 2548 1301 2578 senatui
1317 2547 1459 2587 placent.

900 2592 940 2620 43
965 2590 1038 2620 bene
1057 2600 1156 2629 agere
1176 2600 1251 2620 cum
1272 2590 1312 2620 iis
1334 2590 1409 2629 δια]
1435 2591 1456 2620 i.
1473 2591 1556 2622 bene

860 2630 966 2661 facere
988 2633 1037 2669 iis,
1055 2633 1109 2671 qui
1133 2633 1258 2668 vivunt,
1274 2638 1308 2662 et
1330 2641 1388 2661 nos
1411 2633 1479 2672 ipso
1502 2633 1558 2663 al-

861 2679 972 2712 spectu
1006 2684 1064 2704 suo
1097 2674 1280 2704 monebunt
1311 2674 1557 2713 promissorum.

124 2725 199 2746 eum
214 2715 450 2755 imperatorum
465 2715 599 2745 honore.
615 2716 677 2745 nisi
692 2715 821 2754 quidem
864 2725 922 2754 pio
946 2716 1093 2746 videmur
1115 2716 1179 2746 Ms.
1198 2715 1343 2755 Hujdec.
1358 2716 1559 2748 videbamur.

124 2757 158 2788 id
179 2757 309 2788 excidit.
328 2767 406 2788 nam
427 2757 504 2788 alibi
525 2759 571 2788 sic
594 2758 707 2788 Cicero
730 2757 820 2788 dicit.

125 2799 257 2834 Interea
285 2799 464 2840 anceperim
492 2798 646 2841 coryungi
675 2809 733 2840 pro
761 2800 829 2830 ad-·

117 2839 233 2882 jungi.

866 2760 917 2829 bAn
932 2767 1045 2821 xerpni
1068 2762 1117 2788 est
1138 2757 1331 2794 videbimur,
1346 2762 1403 2787 aut
1416 2757 1561 2798 flagita.

885 2809 895 2828 z
955 2810 965 2828 ν

898 2809 1040 2872 Ziiluillud
1050 2842 1277 2873 admirabilius
1290 2845 1320 2872 et
1335 2839 1459 2883 majus]
1475 2842 1562 2883 Quid

782 2889 907 2927 5A4
