1785 3185
488 119 836 159 PHILIPPICA
863 119 1135 158 SEPTIMA.
1426 121 1526 162 185⁷

93 219 254 274 cendis,
277 232 326 264 ut
357 224 399 265 in
431 224 610 280 singulis
636 223 808 279 oppidis
837 225 878 254 38
891 225 1053 264 curiam
1084 222 1268 279 populus
1299 221 1524 264 Romanus

90 296 178 322 non
208 281 446 322 desideret?
488 281 710 322 Laudandi
741 289 841 321 sunt
870 294 925 320 ex
956 279 1085 334 hujus
1116 281 1278 321 ordinis
1310 281 1524 322 sententia

91 337 296 388 Firmani,
327 338 399 392 qui
430 338 645 393 principes
680 337 877 393 pecuniae
919 336 1174 393 pollicendae
1211 337 1406 379 fuerunt:
1456 353 1521 379 rc-

87 394 386 449 spondendum
409 393 645 435 honorifice
666 403 731 434 cst
753 393 1029 444 Marrucinis,
1053 393 1127 448 qui
1165 393 1405 448 ignominia
1444 409 1521 436 no-

90 451 241 492 tandos
262 462 520 492 censuerunt
540 466 627 503 eos,
649 452 723 506 qui
748 451 947 492 militiam
968 449 1343 505 subterfugissent.
1406 450 1519 493 Haec

82 507 176 562 jam
199 517 292 549 tota
315 507 439 549 Italia
461 509 584 549 fiunt.
644 508 813 564 Magna
844 522 930 564 pax
952 506 1146 548 Antonio
1168 509 1209 540 39
1222 522 1320 548 cum
1350 507 1417 558 iis,
1451 508 1517 548 his

87 565 187 605 item
222 579 320 606 cum
344 565 430 606 illo.
494 566 605 612 Quae
642 574 787 622 potest
810 565 948 620 major
980 579 1070 605 esse
1092 564 1334 606 discordia?
1365 565 1409 605 in
1431 565 1516 605 dis-

87 621 232 662 cordia
255 633 397 663 autem
422 637 505 678 pax
529 622 666 664 civilis
703 622 788 663 ullo
821 631 949 678 pacto
981 636 1072 663 esse
1101 623 1271 677 potest?
1304 621 1365 662 Ut
1385 622 1514 662 ornit-
1529 625 1583 664 ‘24³

87 687 174 718 tam
210 679 557 722 multitudinem:
591 683 632 710 40
648 680 696 720 L.
719 679 902 730 Visidio,
924 679 1059 734 equiti
1097 678 1312 729 Romano,
1348 677 1513 720 homini

84 735 129 776 in
169 736 317 791 primis
347 746 499 777 ornato
530 746 659 791 atque
689 737 886 787 honesto,
919 737 1091 791 civique
1124 750 1291 791 semper
1322 736 1515 791 egregio,

83 795 208 846 cujus
227 808 308 848 ego
330 794 535 834 excubias
557 803 601 834 et
621 793 838 834 custodias
859 794 943 834 mei
960 793 1114 848 capitis
1135 793 1323 848 cognovi
1346 794 1390 834 in
1412 808 1515 834 con-
1532 798 1564 828 ¹2-

83 850 221 890 sulatu
246 864 364 891 meo:
397 851 469 905 qui
495 850 657 891 vicinos
679 865 778 891 suos
801 865 886 891 non
911 850 1162 891 cohortatus
1191 859 1256 890 est
1286 850 1438 898 solum,
1469 861 1517 891 ut

84 906 241 947 milites
266 907 429 957 fierent,
451 908 524 948 sed
546 908 676 948 etiam
699 907 977 948 facultatibus
1000 907 1086 947 suis
1109 906 1373 948 sublevavit:
1399 908 1515 958 huic,

84 963 274 1018 inquam,
308 964 380 1004 tali
404 965 511 1014 viro,
533 979 658 1019 quem
696 979 773 1004 nos
808 964 1178 1005 senatusconsulto
1205 967 1242 995 41
1261 964 1515 1005 collaudari-

81 1034 190 1071 muS,
207 1021 419 1077 poteritne
436 1036 526 1062 esse
548 1031 722 1077 pacatus
736 1020 980 1062 Antonius?
1002 1021 1104 1076 quid
1122 1024 1135 1062 ?
1155 1020 1207 1062 C.
1227 1020 1416 1063 Caesari?
1439 1022 1511 1077 qui

79 1077 199 1119 illum
225 1078 348 1130 urbe3
379 1079 482 1133 quid
509 1078 565 1120 D.
590 1079 741 1130 Bruto,
763 1079 836 1134 qui
861 1079 1003 1120 Gallia
1027 1078 1276 1134 prohibuit?
1298 1079 1396 1120 Jam
1415 1093 1512 1120 vero
1528 1081 1578 1115 ‘25

82 1134 172 1189 ipse
190 1149 232 1175 se
252 1135 454 1190 placabit,
469 1145 512 1176 et
530 1135 658 1177 leniet
675 1136 910 1192 provinciae
929 1135 1099 1186 Galliae,
1117 1151 1141 1176 a
1159 1151 1244 1191 qua
1258 1135 1457 1177 exclusus
1471 1146 1515 1178 et

84 1192 328 1246 repudiatus
349 1195 443 1234 est?
468 1192 628 1234 Omnia
645 1193 861 1244 videbitis,
888 1202 1026 1249 patres
1047 1193 1296 1248 conscripti,
1311 1193 1390 1234 nisi
1416 1209 1513 1250 pro·

79 1249 259 1304 spicitis,
282 1249 407 1305 plena
427 1250 640 1299 odiorum,
662 1251 788 1306 plena
808 1250 1143 1292 discordiarum:
1175 1264 1229 1291 ex
1255 1250 1410 1304 quibus
1434 1252 1519 1292 ori-

79 1315 208 1346 untur
240 1307 349 1347 bella
377 1307 536 1348 civilia.
598 1308 745 1349 Nolite
777 1307 909 1364 igitur
941 1307 983 1348 id
1009 1307 1127 1358 velle,
1159 1308 1274 1362 quod
1308 1307 1397 1348 fieri
1430 1323 1517 1350 non

81 1371 248 1418 potest:
280 1372 324 1405 ct
352 1375 514 1415 cavete,
546 1379 620 1420 per
649 1365 752 1406 deos
782 1364 1067 1406 immortales!
1101 1374 1241 1420 patres
1264 1366 1515 1422 conscripti,

79 1434 133 1461 nc
155 1435 229 1475 spe
252 1422 472 1476 praescntis
498 1421 612 1477 pacis
635 1431 884 1478 perpetuam
909 1436 1056 1478 pacem
1079 1423 1305 1463 amittatis.

138 1477 357 1523 Quorsum
387 1478 480 1520 liaec
513 1480 653 1520 omnis
686 1487 853 1535 spectat
885 1479 1051 1521 oratio?
1086 1480 1189 1535 quid
1227 1480 1342 1520 enim
1381 1480 1508 1535 legati
1527 1487 1577 1520 26

78 1535 259 1590 egerint,
283 1536 473 1577 nondum
496 1536 669 1578 scimus.
719 1536 781 1577 At
803 1551 902 1578 vero
922 1536 1171 1586 42excitati,
1192 1537 1338 1588 erecti,
1362 1539 1511 1592 parati,

79 1593 231 1632 armati
255 1593 408 1634 animis
438 1593 530 1649 jam
565 1608 656 1634 esse
686 1594 909 1644 debemus,
939 1608 992 1635 ne
1026 1593 1196 1644 blanda,
1219 1604 1293 1634 aut
1327 1595 1511 1650 supplici

77 1649 286 1701 oratione,
321 1660 396 1691 aut
425 1651 643 1706 aequitatis
679 1652 952 1692 simulatione
982 1651 1193 1692 fallamur.
1256 1651 1417 1692 Omnia
1449 1653 1511 1693 fc-

77 1707 185 1748 cerit
206 1717 392 1763 oportet,
415 1723 511 1762 quae
537 1707 764 1749 interdicta
785 1720 828 1749 et
850 1709 1103 1750 denuntiata
1124 1717 1237 1759 sunt,
1261 1709 1510 1764 prinsquam

77 1763 236 1819 aliquid
271 1765 483 1820 postulet:
518 1765 716 1816 Brutum,
752 1765 1078 1821 exercitumque
1113 1765 1205 1820 ejus
1241 1781 1508 1822 oppugnare,

76 1822 200 1862 urbes
222 1830 265 1862 et
283 1836 408 1878 agros
425 1823 660 1878 provinciae
682 1822 836 1864 Galliae
857 1823 1051 1880 populari
1069 1823 1306 1865 destiterit:
1330 1825 1383 1865 ad
1398 1824 1509 1865 Bru-

78 1887 170 1919 tum
208 1879 392 1920 adeundi
433 1879 586 1935 legatis
618 1888 879 1936 potestatem
921 1880 1085 1931 fecerit,
1127 1881 1367 1922 exercitum
1401 1881 1510 1924 citra

73 1935 235 1977 flumen
259 1933 533 1977 Rubiconem
554 1937 767 1989 eduxerit,
788 1952 868 1979 nec
889 1938 1064 1994 propius
1084 1939 1234 1979 urbem
1258 1938 1390 1979 millia
1413 1954 1508 1994 pas·

72 2006 197 2034 suum
218 1992 405 2034 ducenta
435 1994 699 2036 admoverit:
733 1994 862 2036 fuerit
884 1996 927 2036 in
952 2005 1124 2036 senatus
1157 1995 1393 2051 populique
1417 1996 1508 2038 Ro-

70 2050 189 2091 mani
213 2058 442 2106 potestate.
505 2049 617 2092 Haec
638 2052 672 2092 si
695 2050 869 2094 fecerit:
901 2052 984 2093 erit
1010 2053 1182 2109 integra
1214 2061 1404 2108 potestas
1428 2068 1506 2094 no-

72 2107 139 2147 bis
167 2107 446 2148 deliberandi.
480 2107 511 2148 si
544 2108 710 2149 senatui
743 2123 830 2150 non
868 2109 1082 2165 paruerit:
1116 2124 1201 2150 non
1234 2109 1293 2150 illi
1316 2119 1503 2163 senatus,

72 2164 145 2205 sed
169 2163 237 2208 ille
258 2165 419 2221 populo
440 2164 640 2207 Romano
665 2165 821 2207 bellum
845 2166 1065 2208 indixerit.
1126 2166 1210 2208 Sed
1236 2181 1308 2208 vos
1332 2182 1502 2221 moneo,
1517 2171 1568 2208 (Ξῖ

71 2230 213 2277 patres
245 2222 495 2278 conscripti,
524 2222 698 2264 libertas
731 2224 875 2279 agitur
907 2223 1056 2280 populi
1091 2224 1294 2275 Romani,
1315 2239 1412 2280 quae
1438 2235 1502 2267 est

71 2278 373 2321 commendata
395 2280 519 2321 vobis
539 2295 550 2323 ε
584 2280 673 2322 vita
699 2289 742 2322 et
764 2281 950 2323 fortunae
984 2281 1139 2337 optimi
1171 2281 1396 2338 cujusque,
1418 2298 1504 2339 quo

113 2393 153 2422 38
176 2393 307 2432 curiam
316 2394 457 2434 populus
471 2393 583 2433 Rom]
608 2395 661 2424 Sic
677 2402 767 2425 com-

74 2434 228 2474 pendium
240 2435 321 2466 Mss.
335 2441 368 2466 et
381 2435 452 2466 edd.
467 2446 516 2476 pr.
527 2436 766 2476 accipiendum,

72 2484 139 2506 non
147 2477 262 2516 populi
274 2477 318 2509 R.
329 2481 367 2508 ut
379 2479 575 2509 recentiores
588 2484 665 2509 ante
677 2479 768 2510 Grae-

71 2518 161 2548 vium
183 2517 318 2550 habent.
362 2521 416 2550 Sic
439 2520 601 2559 glossator
624 2521 687 2552 Ms.
704 2521 767 2552 Gu.

71 2560 158 2591 inter
187 2571 296 2592 versus
329 2563 498 2602 expressit.
529 2564 628 2594 curia
653 2565 767 2603 populi

75 2601 172 2634 Rom.
197 2612 263 2633 non
286 2603 416 2634 dicitur.
437 2607 552 2644 populi
574 2605 618 2636 R.
642 2605 766 2646 primus

72 2643 162 2675 dedit
186 2645 301 2676 Aldus.
347 2646 436 2677 Hinc
463 2653 496 2678 et
521 2648 679 2678 desideret
708 2658 767 2688 pro

72 2686 271 2718 desideretis.

111 2730 152 2762 39
175 2739 252 2760 cum
267 2730 318 2766 iis,
334 2730 384 2760 his
398 2731 476 2760 item
493 2730 567 2771 &c.]
614 2731 667 2762 Sic
685 2731 769 2762 bene

70 2768 150 2800 Vat.
195 2771 296 2811 Vulg.
311 2782 387 2802 cum
401 2773 533 2810 eisdem,
549 2775 598 2804 his
610 2783 685 2804 cum
701 2775 768 2806 illo.

852 2397 893 2426 40
922 2395 964 2426 L.
995 2393 1130 2435 Visidio]
1162 2395 1216 2427 Sic
1242 2400 1275 2427 et
1305 2396 1369 2428 MS.
1397 2397 1508 2429 Guelf.

811 2437 893 2468 Edd.
918 2448 968 2477 pr.
994 2437 1032 2468 L.
1058 2438 1210 2476 Nasidio,
1234 2439 1320 2478 qnod
1337 2441 1509 2471 nomenin

811 2480 872 2521 Ep.
889 2481 929 2511 ad
943 2480 1015 2511 Att.
1031 2481 1183 2510 occurrit.
1201 2491 1229 2511 v.
1246 2482 1338 2513 clav.

852 2525 891 2553 41
919 2523 1191 2562 collaudarimus]
1218 2525 1271 2554 Sic
1287 2523 1358 2554 edd.
1375 2534 1424 2564 pr.
1441 2534 1507 2563 quo

810 2563 964 2595 alludunt
979 2565 1059 2595 Mss.
1076 2564 1139 2595 Gu.
1163 2562 1209 2596 H.
1231 2567 1506 2597 collaudaremus.

810 2606 889 2637 Post
917 2607 1042 2637 factum
1080 2611 1205 2638 temere
1235 2608 1506 2640 collaudavimus.

810 2647 875 2678 Alii
885 2659 958 2679 cum
970 2649 1045 2679 Vat.
1055 2650 1244 2680 collaudare
1253 2651 1413 2680 debemus:
1422 2651 1508 2689 quod

812 2700 878 2720 non
895 2690 1013 2731 placet.
1038 2691 1176 2722 debebat
1190 2701 1258 2722 esse
1274 2693 1477 2723 debebamus.

855 2735 896 2763 42
919 2735 1064 2770 emirati,
1080 2734 1193 2772 erecti]
1219 2734 1272 2764 Sic
1286 2744 1362 2765 eum
1379 2734 1509 2765 Graevio

813 2773 887 2805 dedi
907 2786 925 2806 e
941 2776 1016 2806 Vat.
1039 2785 1098 2815 pro
1115 2777 1251 2815 vulgato
1267 2777 1377 2814 erecti,
1402 2777 1509 2813 citati,

73 2809 212 2844 Eisdem
238 2813 290 2844 hic
316 2814 474 2845 alienum.
518 2816 597 2846 Mox
623 2816 770 2846 Graevius
816 2817 902 2854 quod
925 2822 959 2848 et
973 2818 1036 2848 Gu.
1063 2817 1107 2848 H.
1133 2818 1268 2849 habent.
1314 2819 1400 2850 Nam
1416 2820 1511 2851 citati

74 2855 164 2884 nullo
172 2859 283 2894 pacto.
307 2855 491 2896 vulgatum
501 2858 663 2889 efficacius
676 2863 769 2898 puto.

129 2911 190 2938 VO
203 2911 244 2939 L.
274 2912 328 2939 11.
352 2912 392 2941 P.
420 2912 474 2940 11.

814 2859 948 2896 quidem
968 2859 1052 2890 nihss
1067 2864 1130 2890 est.

761 2907 837 2941 4⁷1¹
