1785 3185
262 86 359 121 1452
699 86 765 124 IN
791 88 834 124 C.
864 86 1250 128 SALLUSTIUM

198 187 244 221 12
258 194 465 241 perpetuo
486 186 734 243 reipublieae
757 190 917 231 amicus
936 191 1031 232 fuit.
1086 192 1238 247 Neque
1259 189 1372 232 enim
1395 205 1463 233 me
1484 193 1686 249 poenitet,

258 243 291 282 si
315 252 388 283 aut
421 245 582 298 petenti
613 243 787 287 Vatinio
812 262 881 288 reo
915 248 1199 303 patrocinium
1232 247 1447 303 pollicitus
1480 264 1586 300 sum,
1609 262 1684 291 aut

258 299 395 340 Sextii
421 301 704 353 insolentiam,
728 305 919 358 repressi,
945 314 1018 346 aut
1052 305 1195 347 Bibuli
1231 305 1478 360 patientiam
1510 307 1679 363 culpavi

256 365 330 396 aut
354 357 582 398 virtutibus
608 358 788 400 Caesaris
812 359 913 401 favi.
937 361 1004 402 hae
1026 361 1169 403 laudes
1191 362 1352 416 egregii
1378 363 1498 414 civis,
1521 374 1564 403 et
1588 365 1680 404 uni-

126 418 317 457 p.274.cae
349 423 460 454 sunt.
500 415 610 460 Quae
634 416 667 456 si
691 426 734 456 tu
759 417 878 467 mihi,
895 427 942 458 ut
965 418 1081 469 vitia,
1098 419 1267 473 objicis,
1287 419 1500 460 temeritas
1525 429 1598 460 tua
1615 435 1680 461 re·-

208 469 552 525 ³·prel1eudetur,
581 487 663 513 non
688 487 780 513 mea
813 474 915 514 vitia
936 475 1235 530 culpabuntur.
1276 474 1402 515 Plura
1422 476 1621 527 dicerem,
1645 477 1678 517 si

251 527 363 581 apud
387 527 491 569 alios
514 528 617 569 mihi
641 540 751 570 esset
768 530 1010 582 dicendum,
1030 542 1169 587 patres
1191 531 1438 586 conscripti,
1460 547 1544 573 non
1565 534 1677 589 apud

251 598 341 634 vos,
363 599 469 639 quos
491 600 572 641 ego
595 586 722 626 habui
757 588 946 628 omnium
980 603 1166 630 mearum
1189 588 1403 629 actionum
1430 590 1676 631 monitores.

252 640 332 681 Sed
360 643 429 682 ubi
457 656 590 683 rerum
617 644 860 683 testimonia
882 645 1050 695 adsunt,
1072 645 1173 701 quid
1197 659 1303 700 opus
1327 654 1390 685 est
1413 646 1580 688 verbis?

204 686 238 735 5
310 697 451 749 Nune,
475 707 519 739 ut
543 699 596 739 ad
619 709 660 739 te
686 710 884 751 revertar,
902 701 1073 742 Sallusti
1093 719 1103 753 3
1143 711 1392 757 patremque
1415 711 1534 743 tuum
1565 717 1673 758 prae-

192 760 235 791 13
252 763 402 795 teream
423 772 430 796 :
463 755 534 809 qui
557 756 589 795 si
612 770 841 810 numquam
869 758 908 798 in
934 758 1023 799 vita
1044 774 1118 799 sua
1140 759 1349 814 peccavit,
1373 768 1513 799 tamen
1536 760 1673 815 majo-

247 825 331 851 rem
365 811 561 865 injuriam
596 813 842 868 reipublieae
866 814 1005 856 faeere
1034 830 1118 856 non
1145 816 1300 871 potuit,
1323 829 1451 870 quam
1483 816 1597 870 quod
1632 828 1673 857 te

245 868 368 908 talem
395 869 526 909 lilium
548 871 710 923 genuit,
729 884 864 924 neque
888 881 931 912 tu
952 871 984 912 si
1003 887 1087 927 qua
1108 873 1150 912 in
1174 872 1357 928 pueritia
1381 873 1670 928 peccasti,ex-

241 938 403 979 sequar,
430 941 480 966 ue
514 936 728 981 parentem
766 936 883 968 tuum
908 943 1105 970 accusare
1131 929 1284 977 videar,
1307 929 1378 983 qui
1406 943 1456 969 eo
1480 938 1671 985 tempore.

237 996 446 1023 summum
478 983 535 1023 tui
563 992 816 1036 potestatem
839 984 990 1026 habuit
1010 1002 1019 1027 :
1052 985 1123 1026 sed
1146 986 1313 1040 qualem
1336 985 1663 1027 adolescentiam

236 1040 386 1093 egeris.
421 1038 631 1079 haevcnim
667 1040 969 1092 demonstrata,
991 1041 1118 1083 facile
1141 1041 1417 1097 intelligetur,
1439 1056 1566 1097 quam
1592 1057 1665 1098 pe-

238 1095 389 1135 tulanti
413 1096 608 1151 pueritia,
632 1105 716 1137 tnui
742 1098 983 1153 impudicus
1002 1110 1045 1140 et
1063 1114 1221 1155 procax
1254 1098 1502 1140 adolevcris.
1539 1099 1665 1141 Post-

234 1166 413 1204 cuquam
457 1153 673 1194 immensae
717 1154 828 1209 gulae
879 1155 1204 1210 impudicissimi
1244 1155 1436 1211 corporis
1473 1167 1663 1211 quaestns

233 1209 425 1249 suliieere
459 1224 543 1250 non
567 1210 722 1264 potuit,
745 1220 786 1251 et
817 1220 920 1252 aetas
955 1213 1134 1268 tuajam
1157 1212 1208 1253 ad
1245 1226 1295 1252 ea
1329 1212 1541 1267 patienda,
1563 1228 1659 1268 qua:

232 1265 350 1306 alteri
385 1266 522 1307 facere
549 1266 826 1318 collibuisset,
849 1269 1106 1320 exoleverat,
1139 1269 1446 1324 cupiditatibus
1480 1269 1658 1310 infinitis

230 1322 471 1363 etl'crebaris
488 1340 497 1365 :
517 1332 574 1373 ut,
598 1338 694 1378 quae
718 1324 806 1379 ipse
828 1326 996 1382 corpori
1017 1336 1090 1367 tuo
1113 1327 1253 1381 turpia
1275 1340 1360 1366 non
1382 1326 1590 1376 duxisses,
1614 1327 1656 1368 in

172 1379 216 1411 14
230 1378 320 1418 aliis
344 1380 610 1435 experireris.
662 1380 730 1421 Ita
745 1396 829 1422 non
849 1392 914 1423 est
931 1382 1055 1424 facile
1072 1392 1293 1439 exputare,
1312 1393 1450 1438 patres
1467 1385 1656 1424 conscri-

228 1436 306 1490 pti,
325 1447 464 1477 utrum
489 1437 528 1478 in
554 1437 868 1480 honestioribus
891 1440 1081 1496 corporis
1099 1440 1291 1496 partibus
1315 1454 1400 1480 rem
1424 1440 1659 1494 quaesierit,

226 1508 278 1533 au
302 1493 503 1534 amiserit.
549 1493 737 1536 Domum
791 1505 981 1538 aternam
1000 1497 1098 1538 vivo
1122 1507 1241 1552 patre
1264 1496 1507 1552 turpissime
1529 1511 1656 1538 vena-

223 1549 306 1590 lem
332 1550 498 1601 habuit,
523 1551 728 1592 vendidit.
759 1510 817 1592 {lt
838 1554 1038 1609 cuiquam
1060 1554 1237 1595 dubium
1262 1563 1403 1609 potest
1424 1567 1528 1604 esse,
1549 1555 1653 1609 quin

224 1607 331 1647 niori
365 1608 555 1662 coegerit
588 1622 700 1657 eum,
730 1623 815 1663 quo
845 1609 916 1652 hic
949 1611 1138 1652 nondum
1172 1619 1358 1661 mortuo,
1388 1625 1465 1666 pro
1499 1609 1653 1652 herede

223 1665 402 1715 gesserit
434 1664 604 1707 omnia?
667 1664 817 1720 Neque
852 1668 983 1722 pudet
1004 1682 1100 1708 eum
1123 1683 1148 1708 a
1176 1681 1244 1708 me
1265 1681 1468 1721 quaerere,
1490 1667 1585 1722 quis
1607 1667 1653 1709 in

225 1721 274 1761 Ρ.
296 1721 436 1762 Crassi
472 1721 600 1762 domo
633 1721 812 1774 habitet,
846 1738 943 1764 cum
977 1725 1067 1779 ipse
1101 1723 1354 1780 respondere
1387 1738 1472 1765 non
1506 1733 1650 1779 queat,

221 1777 314 1832 quis
338 1779 379 1818 in
404 1778 537 1834 ipsius
559 1778 724 1819 habitet
748 1790 922 1835 paterna
945 1781 1089 1822 domo.
1148 1781 1208 1822 At
1238 1780 1406 1821 hercule
1429 1780 1569 1837 lapsus
1591 1796 1650 1822 ιε-

220 1836 318 1874 tatis
343 1835 554 1885 tirocinio,
578 1844 727 1890 postea
747 1850 790 1877 se
811 1838 1013 1879 correxit.
1073 1837 1174 1880 Non
1199 1839 1259 1878 ita
1279 1847 1356 1889 est,
1381 1837 1450 1878 sed
1474 1838 1581 1879 abiit
1604 1838 1647 1879 in

219 1892 461 1933 sodalitium
488 1891 682 1947 sacrilegi
705 1892 950 1949 Nigidiani:
984 1895 1050 1936 bis
1072 1895 1122 1935 ad
1139 1895 1338 1949 judicum
1363 1895 1562 1936 subsellia
1583 1904 1648 1936 at-

218 1959 392 2001 tractus,
414 1958 609 1990 extrema
637 1950 810 1991 fortuna
831 1952 974 1993 stetit:
1006 1960 1050 1992 et
1081 1953 1142 1992 ita
1161 1951 1369 2001 discessit,
1391 1962 1440 1991 ut
1459 1966 1545 1992 non
1574 1950 1647 1993 hic

159 2006 420 2053 15innocens
452 2020 557 2057 esse,
579 2006 651 2047 sed
677 2006 847 2062 judices
884 2009 1092 2065 pejerasse
1127 2009 1488 2049 existimarentur.
1549 2007 1644 2049 Pri-

216 2077 330 2103 mum
357 2063 561 2104 honorem
580 2063 622 2104 in
637 2073 853 2118 quaestura
873 2065 1067 2121 adeptus,
1086 2076 1254 2106 secutus
1275 2075 1338 2106 est
1357 2065 1470 2106 hunc
1489 2064 1647 2116 locum„

169 2130 255 2161 b.et
279 2120 392 2161 hunc
421 2120 612 2162 ordinem
642 2121 882 2176 despectus,
903 2123 1026 2177 cujus
1059 2123 1199 2163 aditus
1232 2122 1313 2162 sibi
1348 2137 1534 2176 quoque,
1556 2136 1646 2163 sor-

211 2177 433 2219 didissimo
474 2177 654 2228 homini,
686 2179 904 2233 patuisset.
967 2180 1117 2236 Itaque
1155 2180 1324 2229 timeus,
1357 2194 1413 2219 ne
1451 2178 1643 2220 facinora

212 2248 286 2274 sua
306 2235 416 2276 clam
439 2249 513 2276 vos
534 2244 688 2285 essent,
710 2250 808 2276 cum
829 2237 1028 2277 omnibus
1051 2247 1232 2277 matrum
1259 2235 1514 2276 familiarum
1540 2235 1639 2276 viris

209 2292 443 2347 opprobrio
459 2302 583 2342 esset,
602 2292 820 2332 confessus
838 2301 916 2342 est,
934 2294 1055 2335 vobis
1068 2293 1354 2341 audientibus,
1368 2292 1637 2342 adulterium,

162 2343 347 2403 fineque
367 2349 545 2389 eruhuit·
558 2363 632 2389 ora
656 2358 806 2390 vestra.
868 2349 1037 2391 Vixeris
1061 2360 1107 2390 ut
1131 2350 1250 2400 libet,
1273 2349 1469 2390 Sallusti:
1501 2349 1638 2404 egeris

207 2420 304 2460 quae
326 2405 532 2446 volueris2
565 2404 666 2445 satis
688 2406 756 2456 sit,
779 2421 910 2447 unum
931 2416 973 2448 te
995 2417 1165 2448 tuorum
1189 2407 1390 2447 scelerum
1414 2406 1635 2446 conscium

202 2476 310 2502 esse.
339 2462 423 2502 noli
449 2462 572 2503 nobis
589 2462 852 2518 languorem,
874 2475 916 2505 et
944 2478 1140 2519 soporem
1161 2464 1338 2505 nimium
1361 2463 1634 2517 exprobrare.

204 2519 361 2559 Sumus
395 2519 621 2575 diligentes
656 2520 697 2559 in
729 2520 887 2560 tuenda
923 2521 1133 2577 pudicitia
1164 2535 1342 2560 uxorum
1380 2529 1632 2569 nostrarum,

144 2587 190 2622 16
204 2576 276 2616 sed
298 2576 358 2616 ita
379 2577 617 2632 experrecti
639 2590 724 2616 non
747 2591 906 2626 sumus,
929 2587 976 2619 ut
995 2593 1019 2618 a
1037 2587 1078 2619 te
1096 2591 1246 2617 cavere
1268 2577 1492 2632 possimus.
1540 2576 1631 2616 Au-

201 2632 324 2675 dacia
345 2642 418 2674 tua
448 2633 581 2674 vincit
602 2633 742 2674 studia
763 2643 921 2674 nostra.
982 2633 1039 2675 Et
1059 2634 1172 2688 quod
1204 2633 1318 2674 hunc
1341 2647 1511 2673 movere
1532 2647 1632 2687 pos-

197 2690 268 2740 sit,
300 2699 438 2745 patres
467 2690 716 2744 conscripti,
738 2689 916 2742 factum,
938 2700 1012 2731 aut
1044 2691 1207 2732 dietum
1231 2698 1368 2745 turpe,
1391 2703 1515 2744 quem
1540 2703 1632 2729 non

200 2746 352 2800 puduit
400 2746 556 2802 palam,
600 2747 721 2787 vobis
773 2747 1060 2798 audientibus,
1097 2746 1350 2788 adulterium
1405 2745 1600 2787 confiteri
1616 2747 1636 2785 ἓ

197 2804 364 2849 Quodsi
401 2804 478 2845 tibi
512 2803 620 2845 nihil
648 2818 723 2861 per
755 2819 824 2846 me
858 2805 1113 2860 respondere
1147 2802 1388 2855 voluissem,
1422 2803 1494 2845 sed
1525 2801 1635 2845 illud⁴
