1785 3185
491 116 840 157 PHILIPPICA
879 116 1115 156 TERTIA.
1424 120 1523 156 1305

89 216 287 272 honores,
309 221 501 276 praemia,
523 235 621 263 cum
654 220 848 261 consules
878 219 1091 275 designati
1119 219 1418 275 magistratum
1442 221 1525 262 ini-

90 276 216 328 erint,
237 291 351 319 curae
373 278 496 319 nobis
518 277 622 328 fore,
645 277 852 318 hodierno
874 276 943 316 die
965 275 1266 331 spondeamus.

146 332 291 388 Atque
320 348 370 374 ea
390 335 577 389 quidem,
598 349 695 389 quae
717 333 809 374 dixi
840 333 893 374 de
923 332 1110 383 Caesare,
1128 331 1266 387 deque
1286 332 1378 387 ejus
1399 334 1571 380 exer-4

90 389 194 439 citu,
218 391 311 445 jam
347 391 420 432 diu
458 401 561 433 nota
594 400 694 432 sunt
725 390 865 431 nobis.
924 389 1097 430 Virtute
1133 389 1249 430 enim
1281 390 1559 436 admirabilia

93 445 290 498 Caesaris,
332 449 659 504 constantiaque
699 447 886 489 militum
927 454 1241 497 veteranorum,
1282 445 1524 501 legionum-

90 518 172 558 que
203 518 347 545 earum
379 506 545 561 optimo
570 505 754 560 judicio,
785 519 881 559 quae
914 503 1215 544 auctoritatem
1246 513 1452 554 nostram,
1475 504 1525 544 li-

91 560 298 602 bertatem
326 563 470 618 populi
497 563 698 613 Romani,
717 562 918 603 virtutem
944 560 996 602 C.
1020 559 1204 602 Caesaris
1227 569 1385 601 secutae
1409 570 1524 610 sunt,

88 631 116 657 a
146 619 385 660 cervicibus
419 621 574 661 nostris
596 628 660 660 est
692 617 892 674 depulsus
922 616 1154 659 Antonius.
1215 616 1313 667 Sed,
1336 626 1384 658 ut
1414 617 1524 667 dixi,

90 673 186 716 haec
217 677 456 732 superiora:
492 677 572 718 hoc
605 690 704 718 vero
735 689 880 716 recens
912 674 1102 716 edictum
1141 673 1199 716 D.
1234 673 1373 725 Bruti,
1406 674 1523 729 quod

90 731 234 786 paullo
265 742 364 773 ante
396 735 661 789 propositum
693 740 772 783 est,
794 740 908 772 certe
930 731 1100 773 silentio
1129 746 1217 772 non
1248 739 1390 786 potest
1413 745 1522 787 prae-
1534 750 1567 781 p.
1586 743 1655 774 185,

89 789 221 830 teriri.
255 790 478 846 pollicetur
508 791 636 842 enim,
668 803 712 830 se
742 788 1009 844 provinciam
1041 787 1228 830 Galliam
1258 793 1566 830 retenturum&-

89 842 134 885 in
167 857 334 888 senatus
366 847 599 903 populique
633 845 818 887 Romani
851 853 1078 901 potestate.
1140 844 1181 886 O
1203 845 1342 886 civem
1373 856 1524 887 natum

90 902 354 958 reipublicae,
393 918 625 945 memorem
665 903 728 943 sui
773 902 974 953 nominis,
1005 902 1353 957 imitatoremque
1383 903 1524 958 majo-

88 961 208 1001 rum!
260 975 397 1016 neque
437 962 566 1013 enim,
600 959 836 1017 Tarquinio
869 959 1065 1015 expuISO,
1096 958 1333 1014 majoribus
1365 961 1523 1001 nostris

91 1023 179 1056 tam
203 1016 284 1058 fuit
305 1027 456 1074 optata
484 1018 670 1069 libertas,
690 1032 818 1073 quam
840 1024 919 1067 est,
941 1019 977 1046 ¹2
989 1015 1160 1072 repulso
1189 1015 1400 1069 Antonio,
1422 1017 1524 1058 reti-

88 1073 231 1114 nenda
256 1076 395 1116 nobis.
457 1074 522 1116 Illi
546 1076 718 1131 regibus
749 1087 895 1130 parere
909 1072 1001 1128 jam
1025 1088 1050 1114 a
1079 1073 1256 1114 condita
1285 1075 1391 1115 urbe
1412 1074 1559 1132 didi-9

88 1140 260 1172 cerant:
305 1147 382 1173 nos
403 1142 500 1188 post
533 1147 653 1189 reges
675 1140 852 1172 exactos
886 1130 1102 1172 servitutis
1137 1130 1301 1172 oblivio
1334 1141 1522 1188 ceperat.

89 1185 235 1243 Atque
266 1187 334 1230 ille
364 1188 636 1245 Tarquinius,
661 1203 787 1245 quem
819 1188 1003 1243 majores
1034 1187 1169 1228 nostri
1199 1202 1285 1228 non
1319 1189 1524 1241 tulerunt,

89 1257 177 1286 non
196 1246 393 1298 crudelis,
409 1261 492 1288 non
515 1247 686 1303 impius,
701 1246 772 1287 sed
796 1246 1003 1302 superbus
1022 1245 1196 1286 habitus
1215 1254 1279 1286 est
1297 1255 1340 1286 et
1356 1246 1522 1287 dictus:

89 1302 205 1356 quod
226 1318 303 1344 nos
325 1304 475 1345 vitium
501 1305 542 1345 in
569 1305 746 1360 privatis
769 1316 882 1359 saepe
902 1301 1091 1354 tulimus,
1121 1301 1164 1342 id
1184 1302 1366 1357 majores
1389 1304 1525 1344 nostri

89 1371 144 1398 ne
165 1360 208 1400 in
241 1375 339 1416 rege
361 1361 534 1417 quidem
567 1362 675 1403 ferre
706 1369 953 1417 potuerunt.
1014 1358 1063 1399 L.
1087 1358 1248 1400 Brutus
1279 1374 1424 1416 regem
1455 1375 1526 1402 su-

88 1417 270 1471 perbum
294 1433 377 1459 non
412 1418 535 1461 tulit:
578 1419 784 1460 Decimus
816 1416 1067 1458 sceleratum
1096 1426 1225 1472 atque
1256 1416 1438 1473 impium
1460 1432 1526 1459 re-

90 1487 222 1528 gnare
250 1478 285 1506 ¹3
299 1475 510 1531 patietur?
540 1476 642 1531 quid
673 1474 930 1530 Tarquinius
951 1473 1047 1525 tale,
1071 1474 1213 1528 qualia
1235 1474 1527 1516 innumerabi-

90 1529 149 1571 lia
170 1540 213 1573 et
244 1531 348 1573 fecit
369 1541 412 1573 et
443 1533 547 1574 facit
577 1533 821 1575 Antonius?
853 1532 1058 1573 Senatum
1080 1531 1210 1572 etiam
1241 1546 1363 1588 reges
1394 1532 1527 1573 habe-

89 1587 221 1631 bant:
257 1591 383 1631 ¹4nec
408 1599 564 1642 tamen,
587 1601 635 1632 ut
655 1590 849 1631 Antonio
881 1597 1075 1630 senatum
1105 1588 1297 1640 habenti,
1319 1590 1362 1630 in
1385 1590 1528 1631 consi-

88 1643 149 1686 lio
181 1645 291 1702 regis
325 1648 602 1689 versabantur
632 1648 800 1689 barbari
837 1646 1004 1688 armati.
1063 1645 1303 1687 Servabant
1336 1647 1530 1703 auspicia

90 1716 238 1759 reges,
270 1718 366 1759 quae
390 1704 460 1746 hic
490 1706 639 1746 consul
662 1719 882 1761 augurque
907 1703 1118 1759 neglexit,
1138 1718 1276 1758 neque
1309 1704 1446 1745 solum
1469 1704 1528 1745 le-

91 1759 220 1816 gibus
242 1770 392 1802 contra
413 1762 604 1818 auspicia
637 1762 836 1813 ferendis,
859 1761 931 1803 sed
954 1760 1084 1802 etiam
1118 1761 1283 1817 collega
1306 1776 1389 1802 una
1414 1765 1450 1792 ¹5
1465 1761 1528 1802 fe·

88 1827 211 1859 rente
242 1832 308 1870 eo,
341 1833 468 1875 quein
501 1819 593 1876 ipse
624 1819 842 1861 ementitis
878 1818 1080 1874 auspiciis
1111 1818 1315 1859 vitiosum
1351 1818 1527 1860 fecerat,

91 1873 202 1920 Quis
232 1885 375 1917 autem
407 1890 482 1918 rex
513 1892 717 1933 umquam
747 1876 831 1918 fuit
862 1884 949 1917 tam
979 1875 1184 1931 insignite
1215 1875 1456 1931 impudens,
1480 1885 1526 1917 ut
1542 1887 1590 1922 lo

91 1930 271 1974 haberet
310 1933 456 1974 omnia
494 1935 737 1986 commoda,
779 1934 1002 1984 beneficia,
1031 1933 1135 1987 jura
1173 1934 1294 1988 regni
1338 1933 1526 1976 venalia?

94 1989 214 2030 16hic
232 2005 361 2045 quain
384 1991 714 2043 immunitatem,
736 2006 863 2047 quam
888 1991 1123 2040 civitatem,
1146 1990 1261 2045 quod
1286 1991 1530 2045 praemium,

91 2060 180 2087 non
214 2047 279 2088 vel
315 2049 494 2103 singulis
528 2048 790 2100 hominibus,
824 2048 890 2089 vel
922 2048 1186 2098 civitatibus,
1220 2047 1284 2088 vel
1319 2048 1527 2089 universis

91 2105 329 2160 provinciis
360 2106 578 2148 vendidit?
611 2106 734 2148 Nihil
764 2105 924 2147 humile
955 2105 1007 2146 de
1037 2103 1286 2159 Tarquinio,
1309 2104 1418 2146 nihil.
1438 2120 1528 2147 sor-

135 2230 173 2260 12
195 2231 322 2269 repulso
343 2230 437 2270 Ant]
463 2230 527 2260 Ms.
541 2230 618 2262 Vat.
643 2230 787 2270 depulso,
828 2239 862 2261 se
884 2230 953 2260 sine
977 2229 1109 2261 nomine
1133 2229 1282 2260 Antonii.
1306 2228 1417 2260 omisit
1431 2233 1465 2260 et
1487 2231 1524 2262 P.

90 2272 177 2310 quod
199 2277 273 2312 post
295 2273 375 2303 alios
399 2273 545 2303 Graevius
567 2277 697 2304 secutus
712 2279 783 2304 est:
829 2273 1011 2303 Manutius.

91 2314 147 2353 qui
162 2313 278 2355 etjam
293 2315 487 2355 interponit,
502 2316 626 2346 factum
641 2326 658 2345 e
673 2315 786 2346 lectio·
876 2318 912 2345 14
934 2325 992 2345 nec
1027 2313 1152 2353 tamen]
1192 2314 1244 2344 Sic
1270 2323 1329 2354 pro
1355 2323 1414 2344 nec
1442 2318 1527 2351 tum,

93 2364 135 2386 ne
150 2356 237 2387 illius
253 2357 325 2388 libri
344 2362 425 2388 tam.
470 2357 514 2387 Et
526 2358 634 2389 solent
647 2357 704 2388 illa
717 2368 786 2388 ver-
829 2358 915 2396 quod
930 2366 961 2387 et
977 2359 1010 2388 in
1024 2357 1133 2387 Guelf.
1157 2357 1220 2387 Ms.
1240 2361 1302 2392 est,
1321 2357 1399 2387 item
1416 2356 1466 2388 ed.
1482 2357 1527 2389 R,

91 2397 136 2428 ba
149 2400 317 2437 confundi,
333 2403 378 2430 ut'
391 2409 489 2440 supra
513 2400 662 2431 vidimus,
679 2400 784 2431 Flacc.
826 2400 883 2432 ΒΓ.
926 2401 1016 2431 Med.
1049 2400 1084 2430 P.
1112 2400 1244 2430 Manut.
1290 2398 1376 2429 Tum
1403 2406 1452 2430 est
1483 2400 1526 2430 ab

91 2442 124 2471 2.
151 2442 209 2472 &c.
252 2443 315 2473 Sed
339 2446 454 2473 tamen
476 2442 529 2472 hic
554 2443 662 2483 plures
685 2443 784 2473 libros
826 2442 922 2473 Aido.

93 2483 203 2514 malui
221 2485 322 2524 sequi,
350 2485 404 2515 ubi
430 2485 465 2514 in
489 2490 585 2515 textu
611 2484 693 2514 nihii
721 2493 784 2522 est,
873 2487 910 2514 15
947 2483 1122 2523 referente]
1168 2483 1268 2514 Male.
1326 2482 1410 2513 Dedi
1450 2487 1524 2522 post

93 2526 181 2566 quod
217 2528 320 2566 inagis
355 2527 464 2558 faveat
506 2527 641 2558 lectioni
678 2527 785 2559 Vatie.
829 2526 1070 2567 aliosferente:
1095 2535 1295 2566 quamquam
1314 2534 1380 2555 non
1401 2525 1524 2556 oblitus

95 2578 192 2609 quam
207 2569 360 2609 vulgatae.
829 2579 957 2605 eorum,
969 2579 1041 2608 quae
1054 2569 1120 2599 dixi
1133 2569 1166 2598 in
1181 2569 1292 2599 Clave.

140 2614 177 2642 13
195 2612 345 2651 patietur
358 2610 552 2650 Antonium]
572 2611 643 2641 Hoc
667 2621 788 2642 nomen
876 2612 913 2641 16
934 2620 1034 2651 qaam
1059 2612 1110 2641 hic
1129 2610 1237 2649 imm]
1274 2610 1357 2640 Puto
1382 2608 1525 2638 scriben-

95 2662 163 2685 non
179 2654 242 2684 fuit
268 2654 302 2684 in
321 2655 384 2684 Ms.
396 2653 472 2685 Vat.
495 2663 555 2684 nec
578 2658 625 2684 est
640 2654 672 2683 in
689 2653 728 2684 L.
745 2654 788 2684 H.
831 2651 909 2682 dum
932 2654 984 2683 hie
1005 2662 1104 2692 quum
1125 2654 1217 2683 imm.
1236 2654 1268 2681 in
1287 2651 1401 2681 ceteris
1424 2650 1525 2690 parti-

94 2696 243 2727 Guelf.in
254 2706 318 2736 quo
328 2697 415 2726 inter
425 2695 685 2726 versusadditum
692 2701 740 2726 est
749 2706 792 2726 sc.
835 2695 894 2725 bus
906 2695 1057 2725 omnibus
1070 2696 1155 2725 sicut
1170 2695 1203 2724 in
1217 2693 1429 2724 antecedente
1442 2693 1526 2731 regis

95 2739 288 2776 Antonium,
300 2748 359 2779 pro
372 2748 435 2778 quo
458 2739 549 2770 vaide
563 2744 688 2777 pugnat
703 2739 792 2768 Grae-
836 2743 893 2767 aut
907 2737 1077 2776 Tarquinii
1095 2747 1214 2768 nomen
1228 2742 1277 2766 est
1292 2737 1325 2765 in
1342 2735 1501 2775 principio
1515 2746 1526 2772 ;

95 2782 179 2818 vius,
194 2783 250 2820 qui
273 2787 307 2811 et
320 2783 387 2821 ipse
401 2780 530 2811 omisit:
557 2785 654 2811 recte.
699 2780 794 2811 Sicut
835 2781 928 2810 sicin
943 2786 1162 2819 consequente
1178 2778 1316 2809 Antonii
1335 2786 1458 2808 nomen
1470 2782 1529 2807 aut.

93 2830 172 2854 ante
194 2828 328 2854 tantum
349 2828 399 2854 est
415 2824 588 2861 superbum
603 2823 672 2853 sine
688 2823 792 2852 nomi·
834 2830 1029 2862 pronomen.

96 2874 137 2897 ne
159 2865 342 2907 Tarquinii,
357 2866 403 2897 sie
416 2866 470 2898 hic
481 2866 617 2906 impium
633 2864 730 2897 debet
743 2873 792 2896 es·
