1817 3169
236 139 335 174 1122
829 133 1075 170 ORATIO

234 252 313 279 xos
334 236 401 279 his
423 235 642 277 funeribus
661 235 765 277 dies.
827 236 910 277 Pro
941 235 1115 278 Aurelio
1147 233 1363 283 tribunali,
1388 235 1423 264 ¹8
1438 246 1490 274 ne
1511 229 1659 274 conni-

232 302 360 336 vente
381 293 554 349 quidem
586 302 641 344 te,
662 293 775 348 quod
811 293 949 349 ipsum
979 304 1089 334 esset
1120 290 1269 341 scelus,
1291 291 1362 332 sed
1394 291 1522 331 ctiam
1555 288 1661 329 hila·

231 351 416 393 rioribus
447 350 595 401 oculis,
627 365 755 405 quam
787 350 933 391 solitus
971 364 1077 399 eras,
1109 349 1315 398 intuente,
1351 347 1539 388 delectus
1577 359 1662 386 ser-

233 423 383 450 vorum
415 407 654 449 habebatur
684 408 738 448 ab
768 421 833 457 e0,
855 409 927 462 qui
960 406 1067 447 nihil
1097 405 1177 446 sibi
1201 419 1401 459 umquam
1433 419 1510 445 nec
1550 402 1662 442 face-

231 479 291 516 re,
313 479 393 507 nec
424 465 512 521 pati
547 468 582 500 19
596 475 720 519 turpe
750 464 889 504 duxit.
949 462 1143 503 ζΖΟΑιἹηει.
1174 462 1214 501 in
1254 461 1413 516 templo
1457 459 1663 509 Castoris,

231 526 278 575 (o
301 521 494 579 proditor
517 520 771 576 templorum
795 520 986 561 omnium
1003 521 1032 569 l)
1064 519 1234 559 vidente
1264 528 1319 567 te,
1343 518 1663 558 constitueban-

232 588 303 620 tur
333 579 387 620 ab
418 593 468 620 eo
499 578 677 627 latrone,
699 578 766 618 cui
800 577 1005 632 ternplum
1036 575 1136 616 illud
1168 574 1264 624 fuit,
1298 586 1338 614 te
1369 574 1555 625 consule,
1586 588 1663 614 arx

232 636 392 678 civium
429 635 705 691 perditorum,
737 632 1051 688 receptaculum
1090 642 1279 672 veterum
1320 631 1520 672 Catilinae
1551 631 1664 671 mili-

235 702 343 744 turn,
375 691 595 734 castellum
629 691 809 732 forensis
833 690 1060 740 latrocinii,
1094 689 1267 729 bustum
1302 687 1445 742 legum
1477 688 1669 728 omnium

235 764 284 791 ac
318 748 588 804 religionum.
650 747 754 788 Erat
785 762 871 788 non
913 746 1049 788 solum
1091 746 1241 786 domus
1275 759 1384 794 mea,
1415 744 1486 785 sed
1526 754 1667 785 totum

237 805 466 856 Palatium,
491 814 654 856 senatu,
677 803 893 858 equitibus
927 803 1148 852 Romanis,
1179 802 1354 842 civitate
1384 801 1518 851 omni,
1542 800 1668 842 Italia

234 872 406 914 cuneta,
428 861 647 912 refertum,
670 875 768 902 cum
805 870 850 901 tu
892 875 978 902 non
1015 861 1144 901 modo
1181 860 1233 899 ad
1266 873 1363 899 eum
1397 858 1668 908 Ciceronem,

236 923 271 952 21
289 920 435 974 (mitto
467 920 580 960 enim
611 918 860 968 domestica,
885 931 981 972 quae
1013 917 1159 973 negari
1191 924 1394 972 possunt3
1425 915 1519 956 haee
1550 929 1669 956 eom-

235 991 442 1028 memoro,
473 990 570 1031 quae
612 983 710 1016 sunt
741 975 925 1031 palu1n3)
957 989 1041 1014 non
1077 973 1220 1023 modo,
1253 974 1440 1028 inquam,
1472 972 1523 1013 ad
1555 987 1669 1023 eum,

235 1034 305 1076 cui
342 1033 520 1090 primam
559 1032 747 1073 comitiis
786 1032 870 1072 tuis
907 1031 1081 1072 dederas
1123 1030 1310 1071 tabulam
1353 1030 1668 1085 praerogativae,

236 1105 362 1148 quem
397 1091 439 1131 in
471 1097 619 1130 senatu
659 1089 914 1130 sententiam
950 1088 1131 1144 rogabas
1172 1087 1359 1136 tertium,
1381 1089 1420 1117 22
1435 1099 1668 1142 numquam

238 1146 479 1204 adspirasti,
502 1145 574 1187 sed
596 1147 797 1187 omnibus
828 1145 1032 1195 consiliis,
1054 1159 1149 1200 quae
1173 1144 1224 1184 ad
1251 1157 1319 1184 me
1340 1143 1669 1199 opprimendum

239 1206 514 1262 parabantur,
530 1218 616 1244 non
638 1203 868 1244 interfuisti
891 1202 1042 1251 solum,
1062 1215 1206 1242 verum
1229 1201 1355 1241 etiam
1380 1201 1670 1242 crudelissime

243 1261 468 1319 praefuisti.
527 1260 643 1302 Mihi
674 1274 773 1301 vero
805 1259 901 1315 ipsi,
923 1273 1066 1300 coram
1098 1272 1254 1315 genero
1286 1272 1396 1308 meo,
1426 1258 1670 1313 propinquo

182 1326 228 1360 12
243 1329 332 1370 tuo,
362 1333 458 1374 quae
499 1317 640 1359 dicere
670 1331 794 1358 ausus
825 1320 896 1359 es?
927 1330 1066 1371 egere,
1097 1320 1135 1348 ‘23
1151 1314 1252 1355 foris
1283 1329 1373 1355 esse
1405 1315 1667 1357 Gabinium:

243 1377 333 1417 sine
356 1375 577 1432 provincia
596 1383 706 1416 stare
728 1389 812 1416 non
837 1388 981 1430 posse:
1016 1388 1133 1428 spem
1157 1372 1313 1413 habere
1334 1387 1358 1412 a
1381 1372 1553 1412 tribuno
1586 1372 1673 1427 ple-

243 1433 324 1484 bis,
346 1434 379 1474 si
403 1442 476 1474 tua
498 1432 677 1474 consilia
695 1446 793 1472 cum
827 1431 897 1473 illo
927 1430 1250 1485 eonjunxisses3
1281 1444 1306 1470 a
1327 1437 1475 1469 senatu
1498 1429 1671 1484 quidem

132 1502 163 1535 1·-
181 1495 231 1524 82·
244 1490 511 1546 desperasse:
543 1488 670 1544 hujus
694 1495 735 1529 te
754 1488 980 1545 cupiditati
1003 1486 1197 1541 obsequi,
1220 1487 1345 1527 sicuti
1377 1501 1458 1541 ego
1476 1485 1672 1527 fecissem

200 1546 286 1588 ²·in
310 1547 474 1603 collega
502 1561 624 1588 meo:
656 1545 762 1587 nihil
792 1560 896 1595 esse,
919 1545 1032 1600 quod
1065 1543 1308 1600 praesidium
1341 1543 1562 1584 consulum
1595 1543 1676 1583 im-

243 1604 478 1661 plorarem:
510 1603 591 1645 sibi
622 1617 833 1658 quemque
864 1602 1083 1643 consulere
1124 1610 1335 1656 oportere.
1394 1599 1538 1655 Atque
1579 1599 1672 1641 haec

243 1662 384 1703 dicere
416 1661 487 1701 vix
526 1660 677 1701 audeo.
709 1675 868 1709 vereor,
900 1674 952 1700 ne
982 1659 1054 1714 qui
1094 1658 1162 1708 sit,
1193 1658 1264 1712 qui
1308 1658 1429 1698 istius
1460 1657 1674 1712 insignem

243 1719 495 1774 nequitiam,
517 1716 671 1758 frontis
692 1717 927 1757 involutam
952 1715 1272 1771 integumentiS,
1291 1715 1479 1756 nondum
1502 1722 1674 1755 cernat:

245 1776 386 1817 dicam
417 1784 573 1816 tamen.
605 1774 695 1829 ipse
725 1784 839 1815 certe
875 1782 1094 1827 agnoscet,
1124 1781 1174 1813 ct.
1208 1786 1304 1812 cum
1348 1773 1490 1826 aliquo
1528 1771 1674 1811 dolore

185 1841 231 1876 13
246 1833 509 1889 flagitiorum
550 1846 722 1871 suorum
765 1830 1069 1872 recordabitur.
1140 1828 1450 1879 Meministine,
1484 1841 1676 1878 coenum,

244 1904 342 1931 cum
366 1889 417 1930 ad
442 1898 482 1929 te
504 1888 654 1943 quinta
675 1887 761 1928 fere
784 1888 888 1928 hora
908 1902 1004 1928 cum
1030 1886 1081 1927 C.
1108 1886 1263 1926 Pisone
1286 1886 1509 1935 venissem,
1532 1884 1676 1925 nescio

242 1961 328 2002 quo
358 1960 381 1987 e
412 1945 636 2001 gurgustio
669 1954 710 1985 te
742 1945 924 2000 prodire,
948 1944 1140 1984 involuto
1171 1944 1328 1999 capite,
1351 1942 1586 1984 sulcatum?
1617 1950 1676 1993 et,

242 2017 341 2045 cum
365 2003 446 2044 isto
465 2017 537 2043 ore
560 2000 715 2042 foetido
741 2002 1016 2043 taeterrimam
1049 2001 1172 2041 nobis
1205 2000 1408 2055 popinam
1431 1999 1678 2049 inhalasses,

242 2059 521 2101 excusatione
559 2067 600 2099 te
633 2058 692 2099 uti
730 2059 989 2107 valitudinis,
1021 2058 1135 2112 quod
1167 2057 1343 2108 diceres,
1376 2056 1602 2096 vinolentis
1634 2064 1676 2096 te

243 2117 498 2172 quibusdam
521 2115 876 2156 medicaminibus
904 2115 1036 2156 solere
1059 2115 1224 2155 curari?
1254 2128 1380 2168 quam
1406 2129 1481 2153 nos
1503 2127 1676 2154 causam

241 2188 341 2216 cum
363 2173 687 2230 accepissemus,
720 2173 840 2228 (quid
872 2173 986 2214 enim
1019 2172 1157 2213 facere
1189 2172 1480 2227 poteramus?)
1504 2169 1676 2226 paullis-

290 2289 325 2318 18
347 2297 387 2317 ne
401 2287 586 2317 connivente
600 2285 727 2325 quidem
751 2286 880 2316 te-sed
894 2290 940 2316 et·
982 2285 1275 2315 armamentarium
1311 2283 1434 2314 factum
1479 2285 1550 2313 erat
1593 2281 1676 2313 illud

243 2328 512 2367 iam—intuente]
552 2328 658 2365 Hujus
692 2329 805 2358 formae
832 2338 940 2358 exem-

245 2371 335 2412 plum
357 2370 446 2401 aliud
469 2379 533 2400 non
557 2370 690 2399 memini
713 2380 764 2399 me
789 2371 939 2409 reperire,

246 2414 301 2443 nbi
318 2417 390 2453 post
405 2422 443 2443 ne
455 2413 582 2451 quidem
597 2417 680 2441 esset
694 2413 748 2441 sed
762 2413 861 2442 etium
871 2425 879 2441 .·
902 2419 939 2442 ut

245 2455 329 2486 illud
342 2459 426 2485 esset
439 2464 502 2484 non
515 2455 631 2488 solum,
648 2458 685 2483 ut
700 2453 731 2483 h.
749 2454 771 2483 l.

293 2500 329 2531 19
352 2501 446 2536 turpe
461 2495 569 2535 tluoez't]
605 2495 688 2526 Aliae
718 2495 789 2525 edd.
815 2500 849 2525 et
878 2504 939 2525 scr.

248 2543 343 2578 turpe
365 2549 428 2569 esse
451 2538 555 2569 duxit.
584 2546 659 2567 nam
676 2546 760 2576 soepe
788 2538 848 2566 hoc
876 2547 940 2566 esse

247 2581 394 2612 additum
416 2587 466 2611 est
492 2591 511 2610 a
537 2579 768 2618 glossatoribus
791 2584 848 2608 aut
870 2589 939 2609 con-

249 2623 439 2658 rcctoribm,
455 2626 494 2652 ut
509 2623 580 2660 jam
602 2626 636 2651 et
660 2621 693 2651 in
711 2622 867 2651 Cicerone
882 2621 941 2651 ali-

246 2666 374 2704 quoties
389 2665 536 2696 vidimus,

288 2709 329 2737 20
356 2707 463 2737 Arma
491 2707 526 2736 in
553 2705 669 2744 templo
695 2704 941 2735 C.-constitne-

245 2748 380 2787 bantur]
405 2749 492 2779 Alias
519 2748 623 2778 dicere
646 2747 680 2776 in
702 2746 764 2776 hac
793 2756 824 2776 re
852 2745 936 2776 solet

244 2791 542 2830 comportabantur,
558 2794 596 2819 ut
619 2798 694 2819 mox
716 2799 743 2818 c.
763 2791 808 2818 10.
824 2797 936 2825 conge·

243 2833 413 2863 rebantur.
454 2831 736 2863 (hastituebcmtur
748 2830 875 2860 videtur
888 2830 935 2859 di-

243 2875 338 2912 xisse,
351 2874 437 2915 quod
450 2875 548 2905 armis
561 2884 599 2905 eo
622 2873 834 2912 comportatis
845 2871 936 2903 velut

982 2326 1158 2365 templum,
1174 2326 1259 2366 quod
1284 2332 1369 2355 recte
1393 2325 1513 2355 dicitur
1534 2325 1676 2362 institui,

982 2370 1146 2399 constitui.

1024 2414 1058 2440 21
1087 2411 1176 2439 »rino
1190 2409 1374 2447 domestica]
1401 2408 1470 2438 scil.
1485 2409 1602 2445 officia,
1616 2408 1678 2438 ho-

982 2462 1076 2482 norus
1103 2452 1182 2482 mihi
1205 2452 1304 2488 domi,
1321 2451 1419 2481 nullis
1441 2451 1592 2488 testibus,
1608 2462 1627 2482 a
1641 2455 1676 2481 te

981 2494 1134 2524 tributos.

1025 2538 1064 2566 92
1088 2545 1266 2574 numquam
1282 2534 1471 2574 adspirasti]
1491 2534 1677 2573 Accessisti,

982 2588 1012 2608 v.
1029 2578 1119 2608 Clav.

1024 2619 1165 2658 23jhris
1186 2629 1250 2649 esse
1277 2618 1371 2658 Gab.]
1399 2618 1573 2657 Eleganter
1599 2618 1679 2649 diei-

982 2668 1049 2697 tur,
1065 2661 1150 2700 quod
1166 2671 1231 2690 non
1256 2661 1288 2691 in
1311 2662 1376 2690 suis
1396 2662 1439 2699 (v.
1457 2661 1549 2692 Clav.
1567 2661 1601 2691 in
1615 2670 1678 2691 nu-

984 2703 1068 2742 mus)
1096 2703 1151 2733 sed
1177 2703 1292 2734 alienis
1320 2704 1463 2743 pecuniis
1491 2708 1589 2739 esset,
1612 2712 1676 2734 aere

979 2744 1085 2775 alieno
1112 2750 1324 2785 premeretur.
1370 2745 1408 2775 Id
1436 2745 1634 2784 intelligitur
1657 2755 1676 2775 e

979 2787 1180 2827 praeeedente
1195 2797 1288 2825 egere
1298 2801 1306 2816 :
1324 2787 1392 2817 sine
1406 2798 1471 2827 quo
1485 2788 1677 2827 ambiguum

977 2835 1071 2859 esset.
1117 2829 1289 2859 Manutius
1303 2836 1415 2861 autem
1429 2829 1607 2862 lectionem
1628 2829 1677 2860 vi-

978 2873 1094 2903 tiosam
1112 2871 1262 2912 putabat.
