1769 3174
530 133 650 173 PRO
687 134 729 172 P.
771 132 1003 172 SEXTIO.
1324 153 1328 156 ·
1413 133 1489 174 971

0 235 13 255 ⁸
47 252 163 291 nam,
185 252 283 282 cum
307 253 350 280 se
371 238 671 288 corroborarit,
693 236 899 278 effectura
919 250 1010 276 esse
1039 235 1245 276 videatur.
1310 249 1493 276 DECRE-

54 308 158 340 TUM
198 309 549 338 DECURIONUM.
612 295 711 335 Nou
748 294 880 334 recito
919 293 1139 333 decretum
1171 292 1317 333 officio
1351 293 1494 346 aliquo

16 367 299 410 *expressum
342 352 586 401 vicinitatis,
618 362 693 392 aut
732 349 958 401 clientelae,
991 358 1065 390 aut
1106 349 1280 404 hospitii
1317 349 1494 404 publici,

0 423 18 468 ᾖ
59 413 184 451 15aut
221 409 485 459 ambitionis,
513 419 586 448 aut
627 406 1013 449 commendationis
1055 405 1216 461 gratia:
1250 405 1321 445 sed
1363 406 1494 445 recito

0 469 17 514 ἓ·
53 467 306 508 memoriam
331 465 541 522 perfuncti
570 465 759 520 periculi,
779 463 1129 520 praedicationem
1149 461 1398 518 amplissimi
1426 463 1497 502 be-

0 518 6 533 '
55 524 218 574 neficii,
254 523 290 553 ¹6
310 524 446 564 vicem
488 521 621 562 officii
672 521 910 576 praesentiS‚
953 519 1247 561 testimonium
1291 518 1495 575 praetcriti

0 599 2 604 ⁷
57 580 278 636 temporis.
338 578 481 634 Atque
504 579 584 619 illis
608 578 872 633 temporibus
890 577 1055 628 iisdem,
1073 591 1169 618 cum
1186 576 1278 631 jam
1303 575 1495 630 Capuam
1514 589 1558 622 11

4 682 7 689 ,
54 647 171 678 metu
207 636 379 677 Sextius
411 636 644 686 liberasset,
668 638 815 676 urbem
849 643 1019 675 senatus
1051 643 1180 688 atque
1210 647 1357 674 omnes
1384 632 1499 681 boni,

0 691 14 745 ij
58 693 332 750 deprehensis
363 703 490 748 atque
520 692 733 747 oppressis
763 691 1010 732 domesticis
1043 691 1254 741 hostibus,
1277 704 1345 730 me
1377 689 1501 739 duce,

0 749 20 793 ί
61 765 115 792 ex
141 750 339 806 periculis
363 750 562 790 maximis
592 749 904 790 extraxissent:
937 762 1018 803 ego
1049 747 1201 788 litteris
1231 761 1327 788 eum
1353 745 1504 801 Capua

3 820 15 853 -3
62 807 262 849 arcessivi
285 822 382 847 cum
407 806 475 847 illo
506 806 715 856 exercitu,
738 821 863 861 quem
889 815 978 845 tum
1007 819 1151 845 secum
1181 804 1381 845 habebat.
1409 803 1504 858 qui-

0 862 15 902 ’ς’
65 865 145 906 bus
167 864 238 904 hic
261 863 413 904 litteris
434 863 555 904 lectis
589 863 640 904 ad
672 864 819 903 urbem
841 861 1070 903 confestim
1094 861 1332 902 incredibili
1356 860 1506 901 celeri-

6 912 16 941 *
64 930 152 962 tate
171 920 403 961 advolavit.
462 919 621 975 Atque,
644 929 688 960 ut
713 920 823 961 illius
845 919 1050 974 temporis
1071 918 1342 959 atrocitatem
1366 932 1505 958 recor·-

0 1005 17 1027 ιζ
65 978 155 1019 dari
175 978 361 1033 possitis,
383 977 527 1017 audite
545 977 720 1026 litteras,
734 987 777 1017 et
795 987 978 1017 vestram
998 975 1247 1016 memoriam
1270 975 1320 1015 ad
1340 975 1505 1015 timoris

0 1029 16 1045 ⁹
65 1034 272 1091 praeteriti
289 1034 598 1090 cogitationem
617 1035 818 1074 excitate.
845 1046 1065 1074 mTTERAE
1087 1045 1506 1082 cxceuomsffiots-

18 1090 24 1097 '
69 1105 221 1133 sums.
283 1091 383 1132 Hoc
416 1091 601 1132 adventu
638 1091 686 1131 P.
721 1091 876 1141 Sextii,
902 1090 1169 1130 tribunorum
1205 1089 1340 1145 plebis
1372 1087 1553 1136 novo-5

66 1163 175 1199 rum,
198 1147 269 1203 qui
294 1158 400 1199 tum,
422 1149 624 1188 extremis
647 1148 796 1188 dicbus
818 1146 1062 1189 consulatus
1087 1147 1184 1197 mei,
1207 1161 1271 1186 res
1295 1161 1380 1197 eas,
1402 1161 1507 1201 quas

7 1221 18 1250 <¹-
68 1219 295 1262 gesseram,
311 1220 463 1246 vexare
482 1206 728 1262 cupiebant,
745 1205 980 1260 reliquique
996 1203 1306 1258 conjurationis
1325 1204 1508 1260 impetus

4 1252 20 1290 ἶ
69 1272 112 1303 et
132 1272 310 1304 conatus
333 1272 432 1302 sunt
465 1262 681 1303 retardati.
741 1262 820 1312 Ac,
846 1271 1122 1318 posteaquam
1144 1268 1208 1301 est
1231 1261 1508 1311 intellectum,
1525 1275 1572 1309 12

75 1319 255 1370 Catone,
278 1319 450 1360 tribuno
485 1320 620 1374 plebis
652 1319 884 1360 fortissimo
916 1330 1043 1373 atque
1076 1318 1242 1373 optimo
1271 1318 1380 1368 cive,
1403 1332 1512 1358 rem-

0 1368 34 1446 Ξ
107 1376 293 1418 ublicam
335 1376 605 1428 defendente,
644 1390 718 1432 per
759 1376 943 1432 seipsum
986 1384 1180 1416 senatum
1222 1375 1515 1431 populumque

73 1391 336 1484 Romanum,
375 1434 465 1474 sine
496 1434 682 1475 militum
715 1433 914 1489 praesidio
947 1433 1054 1473 tueri
1087 1431 1213 1472 facile
1245 1432 1515 1487 majestatem

10 1499 25 1518 ³⁴
76 1505 211 1542 suam,
235 1501 279 1531 et
311 1490 568 1546 dignitatem
599 1504 761 1540 eorum,
784 1491 857 1545 qui
889 1489 1069 1530 salutem
1099 1503 1372 1530 communem
1405 1489 1517 1545 peri-

32 1560 44 1585 :
72 1547 169 1589 culo
192 1563 267 1588 suo
289 1547 602 1589 defendissent:
637 1548 826 1596 Sextius,
848 1561 943 1587 cum
978 1546 1050 1588 illo
1081 1561 1157 1586 suo
1186 1547 1379 1588 exercitu
1403 1561 1518 1588 sum-

2 1619 45 1662 ,μῡ
77 1619 148 1645 ma
167 1604 384 1645 celeritate
404 1615 469 1646 est
492 1604 729 1645 Antonium
747 1613 1018 1646 consecutus.
1079 1603 1168 1644 Hic
1183 1618 1264 1659 ego
1284 1604 1386 1659 quid
1410 1619 1520 1660 prae-

7 1658 47 1690 πθ
78 1661 233 1712 dicem,
255 1662 410 1716 quibus
444 1661 514 1703 bie
547 1663 671 1703 rebus
694 1661 914 1702 consulem
944 1661 998 1702 ad
1027 1675 1116 1702 rem
1148 1662 1378 1716 gerendam
1401 1661 1519 1702 exci-

4 1718 47 1774 [ffl
81 1719 206 1760 tarit?
239 1728 344 1774 quot
381 1719 575 1760 stimulos
617 1719 855 1760 admoverit
888 1718 1068 1770 homini,
1101 1719 1293 1759 studioso
1328 1718 1519 1759 fortassis

77 1775 286 1827 victoriae,
319 1776 391 1817 sed
425 1785 566 1818 tamen
599 1777 777 1817 nimium
808 1790 1081 1817 communem
1113 1775 1302 1817 Martem
1336 1775 1523 1831 bellique

0 1880 3 1882 ,
22 1881 29 1887 ⁴
79 1847 226 1874 casum
247 1834 482 1874 metuenti?
516 1833 714 1890 Longum
736 1842 800 1874 est
820 1849 870 1874 ea
890 1833 1057 1874 dicere:
1089 1833 1161 1873 sed
1192 1833 1275 1874 hoc
1306 1833 1434 1877 breve
1455 1833 1518 1874 di-

8 1895 22 1929 ζ
48 1928 51 1932 ,
80 1903 193 1932 cam.
252 1890 298 1931 Si
324 1890 389 1931 M.
415 1890 571 1931 Petreii
602 1905 688 1931 non
710 1890 921 1931 excellens
951 1891 1110 1941 animo,
1132 1898 1175 1930 et
1201 1904 1345 1930 amore
1377 1891 1518 1946 reipu-
1531 1895 1562 1934 b.

32 1984 34 1986 ,
83 1946 224 1997 blicae,
243 1950 278 1980 17
294 1962 379 1988 non
402 1957 608 2002 praestans
625 1949 666 1988 in
687 1948 905 2003 republica
919 1947 1066 1998 virtus,
1086 1961 1171 1988 nou
1186 1961 1352 1988 summa
1371 1958 1520 1988 aucto-

30 2036 38 2050 .
82 2003 184 2044 ritas
203 2004 314 2059 apud
339 2005 507 2054 milites,
532 2020 617 2046 nou
651 2005 854 2046 mirificus
877 2020 976 2046 usus
1007 2005 1052 2046 in
1074 2019 1117 2044 re
1140 2003 1311 2044 militari
1331 2004 1523 2045 exstitis-
1569 2026 1571 2029 ·

87 2070 164 2111 set,
186 2075 323 2115 neque
345 2061 410 2116 adj
422 2072 516 2102 utor
543 2062 582 2102 ei
607 2061 656 2102 P.
681 2062 854 2103 Sextius
885 2063 938 2102 ad
969 2061 1245 2103 excitandum
1269 2062 1524 2112 Antonium,

55 2167 65 2171 Α,
89 2118 125 2148 ¹8
138 2117 466 2176 cohortandum,
502 2118 807 2174 impellendum
849 2119 1024 2172 fuisset3
1065 2119 1189 2160 datus
1231 2118 1303 2160 illo
1337 2119 1380 2160 in
1413 2119 1525 2161 bello

88 2247 148 2280 nisi
175 2246 300 2278 dictum
322 2254 475 2288 putemus
499 2259 566 2280 esse
595 2260 655 2290 pro
677 2249 787 2289 aliquo
830 2259 897 2280 non
924 2259 962 2280 su
986 2254 1002 2280 t
1030 2250 1065 2280 in
1089 2249 1241 2280 omnibus
1267 2250 1348 2280 Mss.
1371 2254 1430 2281 aut
1451 2250 1524 2281 edd.

39 2315 43 2318 .
93 2289 202 2320 modo.
830 2297 912 2324 vett.
1004 2296 1044 2322 nt
1064 2296 1176 2322 tamen
1203 2292 1237 2322 in
1259 2293 1308 2323 ed.
1334 2292 1475 2332 Heri-ag.
1491 2293 1527 2322 in

44 2362 51 2369 ,,
135 2334 172 2363 15
195 2335 256 2362 aut
277 2333 472 2369 ambicionis,
493 2337 553 2364 aut
574 2344 688 2366 comm.
706 2344 790 2374 gra-
830 2344 895 2374 qua
908 2334 1015 2366 oratio
1031 2334 1101 2366 haec
1119 2334 1159 2366 ad
1181 2334 1345 2374 optimum
1359 2335 1527 2374 exemplar

40 2378 42 2382 ’
91 2373 154 2412 eia]
190 2373 360 2404 Interdum
389 2376 570 2414 suspicatus
595 2385 680 2413 sum,
704 2379 790 2408 exei-
831 2377 990 2417 scriptum
1005 2376 1092 2407 edita
1107 2381 1166 2406 est.
1192 2376 1255 2407 Sed
1270 2377 1312 2407 ibi
1328 2381 1419 2407 totus
1433 2376 1524 2407 loeus

86 2415 173 2446 disse
201 2416 336 2446 verbum
363 2416 493 2456 aliquod
504 2429 513 2447 ι
548 2418 624 2457 quia
652 2420 786 2450 verbum
829 2419 874 2449 sic
887 2424 951 2455 est,
962 2423 1003 2448 ut
1016 2417 1050 2448 in
1066 2418 1137 2449 aliis
1152 2419 1278 2459 primis,
1293 2429 1356 2449 non
1369 2420 1526 2449 etcellens

89 2467 276 2496 expressum
302 2458 429 2488 videtur
451 2460 592 2498 gravius,
608 2471 706 2499 quam
728 2472 787 2501 pro
830 2462 974 2497 animus,
987 2465 1017 2490 et
1025 2470 1136 2491 amore
1149 2462 1228 2500 reip.
1241 2466 1404 2500 proestans
1413 2462 1447 2490 in
1456 2471 1524 2501 rep.

89 2501 206 2537 gratia
219 2501 305 2530 amb.
320 2505 350 2530 et
365 2511 480 2531 ιὀῃιηι.
498 2503 531 2531 iu
547 2512 612 2540 qua
627 2503 718 2533 nulla
739 2505 789 2533 in-
831 2504 946 2534 virtus.
970 2503 1130 2533 Gruterus
1143 2502 1243 2533 edidit
1252 2504 1361 2532 animo
1372 2507 1403 2533 et
1415 2513 1526 2533 umore

92 2541 254 2580 telligitur
275 2543 322 2572 vis
349 2553 386 2573 ac
415 2545 601 2582 necessitas,
624 2545 728 2584 qualis
755 2546 790 2576 in
832 2547 914 2586 reip.
929 2554 1056 2584 nonpr.
1073 2546 1131 2575 &c.
1175 2545 1322 2574 Graevius
1337 2550 1447 2575 autern
1463 2555 1526 2575 non

92 2583 201 2615 *officio
215 2590 276 2614 est.
826 2592 990 2628 praestans
1002 2588 1037 2616 in
1050 2596 1116 2626 rep.
1132 2586 1238 2617 Facile
1251 2586 1358 2623 credo,
1371 2587 1525 2616 vitiosum

142 2626 178 2656 16
207 2627 309 2656 vicem
334 2626 431 2667 qffi'cii
450 2629 633 2667 proesentis]
667 2629 791 2660 Gratim
834 2631 942 2660 locum
956 2639 1043 2660 esse:
1068 2629 1122 2659 sed
1145 2629 1236 2659 nulla
1257 2636 1347 2659 certa
1368 2630 1526 2659 eorrectio

97 2666 302 2704 relationem,
317 2679 372 2708 per
386 2669 540 2706 officium,
551 2672 636 2709 quod
653 2681 792 2711 priesens
835 2676 897 2702 est.

99 2712 226 2748 tempus
261 2711 418 2750 postulat.
477 2711 648 2751 Ingeniose
681 2719 793 2743 tamen
882 2716 917 2744 18
940 2714 1008 2743 coh.
1023 2712 1269 2752 impellendum]
1290 2712 1378 2742 Libri
1397 2712 1529 2750 quidam

99 2749 276 2781 Lambinus
291 2753 424 2792 corrigit
438 2763 556 2790 vocem,
572 2755 659 2793 quod
680 2761 714 2785 et
729 2756 795 2785 effi·
838 2756 1055 2795 interponunt
1077 2755 1312 2790 accusandum,
1335 2754 1422 2792 quod
1447 2754 1532 2784 Gru-

101 2793 208 2822 cneius
230 2799 291 2829 est,
307 2800 340 2824 et
362 2795 474 2824 vicinis
497 2797 600 2826 verbis
610 2798 796 2836 praedicati-
839 2803 910 2827 tero
924 2802 956 2827 et
970 2797 1098 2826 Graevio
1115 2806 1180 2826 non
1203 2795 1391 2835 displicebat
1406 2808 1415 2827 ·.
1438 2806 1536 2827 aecu-

98 2843 203 2871 ollem,
218 2837 445 2873 testimoninm,
464 2837 578 2867 melius
592 2840 755 2869 convenit.
839 2841 980 2869 sana'um
995 2847 1052 2878 pro
1068 2839 1171 2868 amice
1186 2839 1368 2876 objurgare,
1382 2845 1421 2868 ut
1433 2845 1482 2868 est
1497 2839 1539 2869 ad

99 2904 101 2907 .
145 2877 179 2909 17
203 2882 435 2917 nonproesluns
451 2880 484 2909 in
500 2880 585 2920 rep]
606 2880 686 2911 Haec
702 2881 798 2912 verba
842 2882 916 2912 Div.
940 2881 968 2918 1,
996 2883 1023 2910 1.
1050 2881 1103 2911 ubi
1130 2880 1245 2911 cicero
1269 2881 1361 2917 excit,
1384 2889 1418 2911 se
1444 2881 1542 2911 Pom-
