1785 3185
217 125 318 161 1436

811 120 1070 160 ORATIO

214 226 381 283 scripti,
402 224 623 282 legionum
652 223 1007 281 exercituumque
1039 233 1298 276 nostrorum,
1325 224 1392 266 vel
1422 224 1653 267 madefacti
1679 241 1682 244 ⁴

215 284 360 339 potius
391 283 558 324 duobus
591 281 829 334 consulum,
853 284 979 324 tertio
1004 282 1186 324 Caesaris
1218 282 1389 338 proelio.

1451 283 1495 324 Si
1519 283 1654 324 hosti-

168 342 202 376 b·
217 355 290 382 um
313 340 396 382 fuit
419 341 487 381 ille
510 340 698 396 sanguis,
721 353 887 380 summa
917 339 1101 380 militum
1125 340 1260 395 pietas
1280 356 1288 381 :
1321 339 1531 381 nefarium
1563 354 1653 381 sce-

216 397 296 448 lus,
320 398 354 438 si
375 398 550 438 civium.

612 397 848 451 Quousque
880 397 1012 452 igitur
1033 397 1083 447 is,
1105 411 1178 452 qur
1210 410 1358 437 omnes
1388 396 1532 438 hostes
1564 411 1653 437 sce-

218 454 303 496 lere
345 455 576 511 superavit,
609 453 781 495 nornine
811 453 947 494 hostis
979 454 1176 495 carebit?
1217 453 1298 494 nisi
1330 468 1556 495 mucrones
1587 463 1651 494 et-

219 512 304 553 iarn
326 521 570 553 nostrorum
601 511 785 551 militum
819 520 998 551 tremere
1022 510 1165 561 vultis,
1187 519 1230 551 et
1260 510 1472 561 dubitare,
1503 520 1648 551 utrum

181 569 263 613 7in
293 569 401 620 cive,
422 583 475 610 an
508 569 551 608 in
582 568 706 609 hoste
737 567 937 622 figantur.

999 567 1368 623 Supplicationem
1391 567 1619 609 decernitis
1641 583 1651 609 :

218 626 384 668 hostem
408 641 492 668 non
523 623 760 681 appellatiS.
822 624 969 665 Gratae
993 638 1092 665 vero
1115 633 1272 665 nostrae
1294 624 1375 665 diis
1398 624 1649 666 immortali-

217 683 296 724 bus
334 683 639 739 gratulationes
673 690 968 745 ernau-grata:
1000 682 1203 732 victimae,
1226 697 1323 723 eum
1347 681 1572 722 interfecta
1594 681 1648 722 sit

215 741 375 781 civium
408 739 653 780 multitudo.

714 737 783 778 De
812 738 1017 793 2112p2·0l›i3,
1048 739 1203 793 inquit,
1225 745 1263 779 ec
1284 737 1518 779 audacibus.
1550 752 1647 779 nam

215 798 276 839 sic
296 813 367 839 eos
394 797 581 852 appellat
603 794 891 836 Gelai-issimus
916 796 1002 836 vir:
1036 810 1132 850 quae
1156 805 1253 835 sunt
1279 796 1536 836 urbanarum
1558 809 1648 836 ma·

214 854 371 895 lcdicta
404 854 558 904 litium,
580 856 598 886 7
618 867 701 893 non
728 852 880 892 inustae
905 852 1003 893 belli
1037 853 1290 893 internecini
1311 862 1440 893 notae.

1500 851 1648 893 Testa-

212 921 373 961 menta,
407 910 549 960 credo,
581 908 831 963 subjiciunt,
868 919 942 949 aut
974 909 1154 964 ejiciunt
1187 910 1366 960 vicinos,
1399 918 1473 950 aut
1505 908 1648 950 adole-

216 968 429 1010 scentulos
460 967 842 1008 circumscribunt:
884 966 950 1006 his
980 967 1094 1007 enim
1127 966 1241 1006 vitiis
1272 966 1449 1007 affectos
1479 976 1522 1008 et
1554 965 1647 1007 tali-

180 1027 310 1077 gbus,
336 1025 539 1071 maloset
562 1023 743 1064 audaces
775 1022 986 1078 appellare
1016 1023 1281 1064 consuetudo
1314 1024 1450 1065 solet:
1490 1023 1646 1064 bellum

216 1082 478 1138 inexpiabile
509 1081 639 1122 infert
665 1090 848 1135 quatuor
878 1081 1124 1121 consulibus
1156 1095 1264 1121 unus
1296 1081 1488 1122 omnium
1518 1081 1648 1122 latro-

214 1155 317 1181 num
342 1138 627 1189 taeterrimus3
658 1136 769 1193 gerit
791 1137 902 1178 idem
928 1137 1082 1178 bellum
1106 1152 1204 1178 cum
1228 1147 1375 1178 senatu
1400 1137 1646 1236 populoque

216 1197 430 1238 Romano.
462 1195 663 1236 omnibus
714 1198 991 1249 (quamquam
1046 1194 1132 1235 ruit
1172 1195 1262 1251 ipse
1302 1195 1387 1235 suis
1436 1211 1459 1236 c

1478 1195 1648 1244 adibus)

213 1264 394 1310 pestem,
425 1252 686 1302 vastitatem,
716 1252 968 1302 cruciatum,
999 1260 1213 1293 tormenta
1254 1251 1502 1303 denuntiat;
1555 1251 1648 1293 Do-

210 1312 375 1353 labellae
399 1310 534 1351 ferum
557 1319 599 1350 et
619 1309 805 1349 immane
824 1308 1004 1359 facinus,
1023 1309 1137 1364 quod
1161 1308 1275 1350 nulla
1297 1310 1492 1350 barbaria
1513 1310 1531 1339 8
1546 1324 1646 1365 pos-

212 1379 272 1410 set
297 1381 545 1424 agnoscere,
569 1367 610 1407 id
631 1380 707 1407 suo
729 1365 909 1406 consilio
934 1366 1095 1407 factum
1117 1380 1208 1407 esse
1229 1375 1431 1408 testatur:
1463 1379 1646 1421 quaeque

210 1435 321 1467 esset
352 1425 541 1466 facturus
566 1424 608 1464 in
644 1422 726 1463 hac
748 1423 866 1472 urbe,
903 1423 983 1464 nisi
1003 1437 1101 1464 eum
1133 1422 1205 1464 hie
1238 1423 1329 1479 ipse
1361 1422 1534 1478 Jupiter
1555 1423 1646 1464 9ab

209 1483 294 1524 hoc
319 1482 477 1539 templo
500 1490 627 1536 atque
645 1480 712 1520 his
732 1479 950 1520 moenibus
969 1480 1207 1536 repulisset,
1225 1480 1458 1521 declaravit
1477 1480 1519 1520 in
1542 1479 1646 1521 Par-

208 1541 421 1582 mensium
443 1538 701 1588 calamitate,
723 1551 846 1592 qu08‚
871 1536 1058 1593 optimos
1083 1538 1210 1589 viros,
1232 1537 1641 1592 honestissimosque

210 1598 420 1648 homines,
443 1596 632 1637 maxime
660 1609 759 1636 cunr
778 1595 1034 1636 auctoritate
1062 1594 1189 1650 liujus
1212 1595 1387 1645 ordinis,
1412 1594 1645 1650 populique

212 1654 399 1696 Romani
427 1652 639 1709 dignitate
659 1651 932 1706 conjunctOS,
953 1651 1256 1693 crudelissimis
1281 1651 1490 1707 exemplis
1513 1650 1645 1692 inter4

209 1713 314 1753 emit
351 1715 387 1742 10
400 1709 658 1767 propudium
697 1708 799 1749 illud
842 1719 885 1749 et
924 1719 1185 1765 portentum,
1224 1709 1272 1750 L.
1308 1708 1541 1759 Antonius,
1578 1709 1642 1750 in-

211 1771 332 1826 signe
362 1768 509 1809 odium
539 1766 733 1808 omnium
769 1766 1008 1817 hominum,
1041 1766 1122 1818 vel,
1155 1767 1188 1807 si
1219 1766 1348 1807 ctiam
1383 1766 1441 1806 dii
1475 1765 1646 1808 oderint

174 1842 316 1883 9quos
350 1834 535 1882 oportet,
570 1823 762 1865 omnium
802 1822 994 1864 deorum.
1056 1823 1237 1880 Refugit
1276 1825 1458 1872 animus,
1505 1832 1643 1878 patres

208 1884 458 1939 conscripti,
483 1885 515 1912 11
532 1895 665 1937 eaque
683 1881 824 1922 dicere
843 1880 1107 1930 reformidat,
1133 1883 1276 1936 lssquae
1299 1881 1346 1922 L.
1364 1879 1580 1921 Antonius
1599 1880 1642 1921 in

213 1940 510 1982 Parmensium
534 1938 678 1979 liberis
700 1947 743 1978 et
772 1937 1033 1993 conjugibus
1055 1937 1260 1979 effecerit.
1291 1953 1396 1992 quas
1418 1937 1533 1978 enirn
1557 1947 1647 1978 tur-

207 1999 424 2054 pitudines
443 1995 624 2037 Antonii
643 1994 826 2036 libenter
845 1996 1081 2045 subierunt,
1095 1995 1280 2045 easdem,
1296 2010 1369 2051 per
1390 1995 1473 2035 vim
1496 1994 1648 2035 laetan-

203 2066 276 2096 tur
296 2056 388 2097 aliis
408 2068 451 2095 se
470 2054 677 2094 intulisse.
701 2052 774 2093 sed
807 2052 870 2092 vis
893 2052 1142 2094 calamitosa
1168 2062 1248 2103 est,
1269 2067 1398 2107 quarn
1422 2051 1501 2092 illis
1523 2052 1638 2092 intu-

245 2169 266 2200 6
301 2169 501 2198 clarissimus
535 2166 601 2206 vir]
643 2165 900 2205 Intelligendum

204 2211 239 2242 P.
257 2211 441 2246 Servilium,
456 2211 546 2249 cujus
560 2214 635 2250 post
650 2209 788 2245 mentio,
806 2213 899 2247 put0.

246 2258 264 2287 7
288 2263 352 2282 non
372 2254 489 2283 inusto?
504 2253 532 2283 b.
555 2253 578 2282 i.
600 2255 692 2281 uotae.
710 2254 901 2282 testamenta

205 2295 280 2336 δια]
306 2296 358 2325 Sic
377 2295 487 2325 locum
504 2294 650 2325 restituit
674 2292 850 2329 Ferrarius,
867 2294 901 2323 in

203 2347 268 2377 quo
283 2338 364 2368 mire
380 2338 519 2367 turbant
534 2336 607 2366 libri
624 2345 684 2365 scr.
700 2340 734 2365 ct
747 2334 819 2365 edd.
837 2336 904 2365 Cu·

195 2380 304 2420 jacias
318 2380 396 2410 Obs.
414 2380 441 2416 1,
457 2382 486 2410 3.
501 2378 635 2417 corrigit
646 2375 816 2416 non—y'ustae
830 2377 903 2408 belli

202 2426 305 2452 notoe.·
338 2422 540 2452 internecina
565 2422 772 2455 testamenta,
797 2419 902 2456 credo,

201 2463 400 2504 subjiciunt.-
425 2463 519 2494 credo
542 2463 678 2492 rar-itate
700 2461 828 2497 somne,
851 2463 901 2491 in-

203 2507 369 2537 ternecina
389 2508 585 2537 testamenta
600 2504 620 2533 i.
636 2514 664 2534 e.
681 2508 815 2543 propter
829 2513 902 2541 qnae

202 2553 345 2579 testator
374 2553 509 2578 necatus
537 2551 601 2582 est,
631 2556 648 2576 e
680 2545 786 2576 resto.
843 2545 905 2576 Sed

202 2600 316 2622 sensus
332 2599 398 2619 non
414 2596 463 2620 est
478 2588 669 2619 commodus
684 2587 773 2617 satis.

246 2636 264 2664 8
282 2636 387 2672 posset
415 2630 602 2671 agnoscere]
642 2629 723 2660 cod.
755 2628 903 2669 Huytlec.

201 2676 383 2714 ignoscere:
401 2674 572 2713 vulgatum
588 2672 788 2711 exquisitius.
803 2671 900 2700 susti—

202 2723 297 2748 neret
319 2726 415 2748 suum
442 2716 560 2752 dicere,
576 2725 595 2746 a
620 2725 654 2745 se
675 2718 899 2755 perpetratum

201 2760 300 2791 vellet
315 2759 427 2789 videri.

243 2806 262 2836 9
286 2802 326 2831 ab
349 2803 380 2831 h.
405 2805 430 2831 t.
454 2804 550 2839 alque
573 2799 622 2830 his
643 2797 811 2837 moenibus]
837 2797 903 2828 Ad.

200 2844 265 2874 didi
283 2846 332 2875 his
346 2854 363 2874 e
379 2843 451 2874 cod.
471 2841 619 2882 Huydec.
665 2840 727 2871 Sed
743 2841 819 2870 hinc
832 2841 902 2871 sine

200 2886 299 2918 dubio
322 2886 477 2919 vitiosum
500 2891 562 2917 est.
578 2883 743 2917 Ferrarius
760 2884 901 2924 corrige-

943 2166 999 2195 bat
1014 2167 1066 2196 hic
1078 2167 1098 2197 i.
1111 2166 1148 2197 J.
1161 2166 1252 2196 bene.
1270 2175 1346 2195 nam
1362 2168 1439 2195 ante
1451 2164 1561 2195 oeulos
1574 2169 1644 2195 erat

942 2208 1032 2240 ‹Jovis
1055 2208 1265 2238 simulacrum
1291 2208 1324 2237 in
1347 2207 1414 2237 aede
1436 2207 1526 2237 ,lovis
1545 2208 1650 2248 Capi-⁴

943 2250 1002 2281 tol.
1048 2250 1125 2281 Non
1140 2250 1283 2281 dubitavi
1299 2250 1344 2279 sic
1358 2249 1462 2279 edere.

991 2296 1027 2322 10
1043 2293 1242 2333 propudium
1256 2291 1354 2331 illud]
1380 2291 1497 2331 Recepi
1513 2290 1574 2321 hoc
1585 2301 1644 2331 pro

940 2335 1146 2375 proludium,
1177 2334 1264 2374 quod
1294 2333 1387 2364 nihili
1416 2340 1478 2369 est,
1510 2344 1529 2362 e
1559 2343 1642 2364 corr.

946 2376 1096 2414 Ferrarii,
1111 2387 1211 2416 quam
1235 2377 1398 2412 Muretus,
1417 2375 1529 2405 Lmnb.
1553 2376 1645 2406 Gra·-

944 2420 1014 2449 vius
1029 2419 1131 2449 secuti
1148 2423 1234 2448 sunt.

992 2464 1023 2491 ll
1057 2470 1156 2501 eaque
1179 2461 1284 2490 dicere
1308 2458 1515 2499 reformidat]
1545 2469 1646 2500 eaque

946 2513 1012 2533 non
1034 2503 1152 2544 placet.
1168 2508 1250 2542 puto
1272 2502 1444 2540 legen-lum
1467 2507 1575 2542 atque.
1593 2503 1644 2532 Si-

949 2545 1025 2576 mile
1051 2552 1101 2576 est
1121 2545 1238 2583 virgil.
1263 2545 1338 2575 AEn.
1369 2544 1414 2579 ll,
1443 2547 1490 2574 12.
1514 2545 1646 2575 animus

948 2589 1128 2618 meminisse
1143 2589 1264 2623 horret,
1281 2588 1432 2625 luctuque
1446 2585 1582 2625 refugit.

994 2632 1030 2659 122
1066 2639 1136 2670 qreae
1175 2629 1215 2659 L.
1252 2629 1413 2658 Antonius
1428 2645 1471 2651 —
1485 2627 1642 2668 effecerit]

945 2671 1052 2702 immo
1063 2671 1196 2712 jecerit.
1213 2671 1294 2701 illud
1308 2671 1353 2701 sic
1370 2670 1466 2708 vulg-o
1483 2679 1549 2700 non
1565 2670 1644 2699 dici-

944 2721 1010 2745 tur.
1035 2714 1139 2745 simile
1153 2718 1266 2744 tamen
1289 2712 1474 2752 exemplum
1489 2713 1522 2742 in
1546 2711 1646 2743 Clave

945 2757 1144 2787 notavimus.
1189 2754 1268 2785 Mox
1291 2765 1350 2796 pro
1371 2756 1539 2785 subierunt
1562 2753 1643 2785 (jod.

945 2798 1055 2839 lluyd.
1092 2798 1259 2829 subierint.
1313 2796 1495 2838 Vulgatum
1531 2804 1644 2827 verum

943 2851 1012 2875 esse
1026 2851 1044 2874 e
1059 2850 1145 2883 seqq.
1161 2844 1263 2883 patet.
