1785 3185
275 98 376 135 1246
862 91 1109 132 ORATIO

278 197 495 255 usurpavi,
516 211 601 253 quo
625 204 713 238 tum
739 196 812 237 lin
839 197 1034 238 sedandis
1067 197 1288 238 discordiis
1324 205 1414 238 erat
1443 211 1520 238 usa
1547 196 1699 239 civitas

282 255 377 307 illa;
407 262 535 309 atque
563 268 733 294 omnem
755 254 1001 295 memoriam
1025 254 1332 295 discordiarum
1354 253 1570 295 oblivione
1592 269 1702 295 sem-

246 313 451 369 ‘2piterna
469 310 689 352 delendam
711 311 870 352 censui.
904 310 1113 351 Praeclara
1134 319 1224 352 tum
1246 310 1382 352 oratio
1407 309 1472 350 M.
1496 310 1674 352 Antonii
1693 326 1702 353 ε

281 369 455 426 egregia
479 368 607 409 etiam
643 368 834 408 voluntas
854 383 863 408 ;
897 381 980 422 pax
1010 367 1192 422 denique
1225 382 1298 423 per
1326 382 1437 416 eum,
1461 376 1503 408 et
1526 371 1632 423 2per
1654 367 1704 408 li-

282 428 405 468 beros
445 425 536 480 ejus
578 438 676 465 cum
727 423 1086 479 praestantissimis
1127 424 1292 464 civibus
1334 424 1586 465 confirmata
1625 433 1704 465 est.

280 482 425 538 Atque
453 482 519 522 his
558 480 778 536 principiis
811 479 971 534 reliqua
999 481 1339 521 consentiebant.
1398 480 1465 521 Ad
1496 480 1703 521 delibera-

282 541 421 581 tiones
442 553 525 588 eas,
547 552 651 592 quas
674 536 859 577 habebat
881 536 994 576 domi
1024 535 1076 576 de
1106 537 1337 591 republica,
1360 537 1573 593 principes
1597 537 1703 578 civi-

285 596 384 639 tatis
406 595 637 636 adhibebat
656 610 664 633 :
697 593 749 633 ad
771 592 884 633 hunc
907 591 1097 632 ordinem
1120 595 1138 622 3
1154 607 1216 633 res
1247 593 1431 648 optimas
1459 593 1702 636 deferebat:

283 656 306 685 4
328 667 493 694 summa
529 649 771 691 constantia
800 649 850 689 ad
883 662 945 698 ea,
975 663 1071 703 quae
1103 650 1283 703 quaesita
1312 661 1446 700 erant,
1476 650 1706 706 responde-

286 710 362 751 bat
382 726 391 751 :
427 712 444 739 5
463 706 569 748 nihil
599 715 702 746 tum·
718 706 759 746 in
785 705 835 746 C.
860 704 1040 746 Caesaris
1063 706 1379 747 commentariis
1402 707 1704 762 reperiebatur.

251 766 405 808 3Num
434 765 506 820 qui
538 763 704 804 exsules
728 763 747 792 6
765 762 948 802 restituti
971 764 985 803 ἓ
1015 776 1146 803 unum
1168 763 1323 813 aiebat,
1347 773 1551 818 praeterea
1571 762 1707 804 nemi-

241 827 273 859 b.
286 838 398 864 nem.
414 836 514 862 num
538 819 826 861 immunitates
842 819 980 860 datae?
1003 818 1142 870 nullae,
1164 820 1461 875 respondebat.
1492 819 1702 860 Assentiri

285 880 411 921 etiam
436 893 512 919 nos
535 878 625 917 Ser.
649 874 855 931 Sulpicio,
878 878 895 908 7
910 874 1142 916 clarissimo
1167 877 1270 927 viro,
1294 876 1442 927 voluit,
1463 879 1517 917 n‘e
1538 891 1623 931 qua
1644 885 1707 917 ta·

285 937 385 978 bula
406 944 502 991 post
525 933 626 974 Idus
655 932 835 973 Martias
869 930 994 972 ullius
1024 932 1180 973 decreti
1205 933 1386 975 Caesaris
1409 941 1482 974 aut
1506 932 1704 974 beneficii

286 994 501 1049 figeretur.
562 989 706 1030 Multa
737 998 957 1044 praetereo,
981 991 998 1018 8
1015 1002 1147 1044 eaque
1177 990 1392 1046 praeclara.
1415 990 1466 1031 ad
1492 989 1706 1046 singulare

285 1050 399 1091 enim
423 1045 497 1089 M.
511 1045 689 1087 Antonii
714 1045 873 1086 factum
897 1044 1069 1085 festinat
1097 1047 1247 1088 oratio.
1301 1046 1586 1098 Dictaturam,
1608 1061 1704 1102 quae

285 1110 305 1141 9
321 1106 404 1147 vim
429 1105 522 1159 jam
545 1103 674 1159 regiae
696 1102 918 1158 potestatis
941 1101 1177 1153 obsederat,
1200 1103 1389 1144 funditus
1411 1118 1464 1144 ex
1487 1104 1706 1159 republica

287 1162 471 1204 sustulit.
492 1161 544 1201 de
565 1175 649 1215 qua
670 1174 720 1200 ne
744 1159 974 1200 sententias
996 1158 1166 1212 quidem
1189 1160 1390 1201 diximus.
1413 1159 1619 1216 scriptum
1642 1174 1706 1200 se-

286 1216 671 1267 natusconsultum,
692 1216 805 1271 quod
829 1215 917 1256 fieri
951 1215 1089 1266 vellet,
1111 1216 1268 1259 attulit.
1299 1231 1384 1271 quo
1417 1217 1610 1267 recitato,
1632 1231 1705 1257 au-

289 1276 532 1317 ctoritatem
561 1273 652 1328 ejus
683 1287 847 1313 summo
877 1272 1017 1313 studio
1045 1273 1177 1313 secuti
1207 1288 1365 1324 sumuS,
1385 1274 1509 1328 eique
1534 1273 1708 1328 amplis-

247 1335 278 1382 2
294 1333 410 1373 simis
433 1331 572 1372 verbis
596 1345 669 1386 per
687 1328 1098 1371 senatusconsultum
1129 1331 1286 1385 gratias
1317 1330 1497 1386 egimus.
1560 1333 1596 1360 1⁰
1611 1330 1706 1370 Lux

223 1436 229 1443 ,
256 1389 490 1445 4quaedam
514 1388 737 1429 videbatur
768 1386 925 1436 oblata,
948 1400 1033 1426 non
1058 1387 1186 1428 modo
1216 1401 1363 1443 regno,
1388 1387 1502 1441 quod
1525 1387 1709 1442 pertule-

230 1445 234 1449 ’
290 1461 446 1497 ramus,
469 1445 540 1486 sed
561 1445 688 1485 etiam
711 1443 831 1499 regni
851 1442 1001 1483 timore
1023 1442 1214 1485 sublato:
1247 1457 1535 1499 magnumque
1553 1443 1711 1499 pignus

291 1504 346 1545 ab
376 1518 427 1545 eo
458 1501 704 1559 reipublicae
746 1501 907 1551 datum,
939 1514 981 1540 se
1011 1498 1186 1540 liberam
1229 1501 1447 1542 civitatem
1478 1514 1567 1541 esse
1591 1500 1717 1550 velle,

335 1635 348 1662 1
373 1632 408 1662 in
429 1642 455 1662 5.
471 1631 636 1661 discordiis
658 1634 731 1660 erat
753 1629 826 1669 usa]
855 1629 892 1659 ln
913 1628 976 1659 Ms.

291 1678 357 1705 vet.
375 1674 461 1704 Ferr.
475 1683 540 1703 uon
556 1673 618 1702 suit
633 1682 706 1708 usa,
724 1681 782 1701 nec
803 1676 853 1701 est
868 1672 901 1700 in
915 1671 977 1701 Gu.

293 1717 326 1746 Si
355 1715 388 1746 id
416 1720 465 1746 est
494 1726 513 1745 a
535 1715 690 1745 Cicerone
713 1723 787 1744 cum
809 1717 893 1749 erat,
917 1713 980 1742 fuit

294 1763 371 1788 ante
394 1761 478 1793 erat,
499 1757 754 1796 absorptumque
777 1760 826 1785 est
849 1766 868 1785 a
889 1754 979 1784 finali

293 1799 504 1840 praecedentis
525 1799 625 1835 verbi,
649 1797 735 1837 quod
755 1798 801 1827 ita
822 1797 979 1836 scriptum

293 1848 356 1878 est,
371 1846 409 1871 ut
424 1842 464 1871 iis
479 1840 542 1881 legi
557 1842 657 1881 possit
672 1850 720 1870 us.
744 1839 787 1869 Et
801 1840 845 1869 sic
861 1839 892 1868 in
908 1837 979 1868 aliis

294 1893 420 1923 quoque
435 1883 545 1919 fuisse,
557 1887 647 1922 patet
659 1892 696 1912 ex
711 1882 868 1911 varietate
882 1880 979 1910 libro-

295 1934 380 1962 rum,
393 1935 531 1964 quorum
545 1925 599 1954 alii
614 1928 844 1964 usurpaverat,
855 1928 892 1952 ut
907 1922 977 1951 edd.

294 1977 343 2008 pr.
360 1967 416 1998 alii
431 1967 520 1998 aliud
539 1966 673 1996 habent.
719 1965 802 1996 Mihi
827 1973 892 1994 non
916 1964 979 1994 dis-

293 2009 394 2050 plicet
423 2009 559 2040 Ferrarii
586 2008 760 2043 sententia,
790 2007 843 2045 qui
868 2012 976 2036 totum

295 2056 367 2082 erat
380 2061 441 2082 usa
454 2051 557 2088 delet3
574 2055 608 2080 et
623 2060 679 2090 pro
690 2060 749 2089 quo
763 2049 873 2078 scribit
887 2049 978 2087 quod,

293 2103 333 2123 ex
361 2094 431 2124 edd.
460 2103 512 2133 pr.
558 2092 702 2122 Deberet
729 2095 816 2121 certe
842 2099 907 2126 esse
933 2095 978 2120 est

293 2143 365 2165 usa.
388 2135 440 2166 Ita
451 2146 490 2165 ex
505 2135 662 2174 usurpat-i
677 2132 873 2172 intelligitur
885 2142 979 2161 usur—

315 2178 393 2207 avit.

290 2186 314 2216 p
338 2220 357 2249 2
373 2228 436 2257 per
454 2218 565 2247 liberos
578 2216 661 2257 ejvs]
688 2216 737 2247 De
760 2225 826 2246 uno
848 2216 915 2246 filio
932 2217 980 2246 in—

293 2259 508 2298 telligendum
524 2269 604 2294 esse,
619 2259 755 2289 historia
770 2259 874 2288 docet.
888 2264 920 2288 et
936 2259 981 2288 sic

295 2302 387 2332 libert
401 2302 514 2331 dicunt
529 2301 651 2331 Latini.
670 2310 699 2330 ν.
717 2301 807 2331 Clav.

337 2346 355 2373 3
378 2354 428 2373 res
440 2344 577 2382 optimas
589 2341 765 2383 deferebat]
783 2343 849 2373 Aut
865 2341 982 2380 resere-

295 2386 349 2415 bat
365 2385 549 2423 legendum,
565 2390 622 2414 aut
639 2383 806 2421 vulgatum
822 2385 866 2413 sic
885 2383 981 2413 intel-

293 2426 472 2466 ligendum.
490 2435 564 2455 nam
581 2434 629 2456 res
642 2427 741 2456 bonas
755 2426 877 2455 deferre
892 2425 930 2454 ad
946 2426 979 2456 S.

291 2468 376 2500 nihil
400 2467 498 2498 habet
520 2466 643 2497 laudis:
671 2468 770 2497 etiam
794 2468 903 2497 tristes
926 2467 980 2497 de-

293 2510 370 2541 ferri
383 2509 503 2540 debent
517 2514 550 2539 et
565 2513 709 2548 possunt.

334 2555 355 2582 4
377 2562 402 2581 s.
430 2561 505 2581 cum
532 2551 694 2588 dignitate
721 2555 752 2579 ec
780 2547 976 2588 constantia]

293 2592 357 2625 Ms.
375 2593 489 2623 Faerni
505 2593 658 2622 omiserat
673 2602 747 2622 cum
759 2593 920 2629 dignitate
931 2595 979 2620 et:

292 2637 334 2666 ab
349 2636 432 2671 aliis,
447 2640 485 2665 ut
500 2636 562 2664 Gn.
580 2635 669 2664 abest
694 2639 736 2671 et,
751 2634 837 2673 quod
860 2633 978 2662 indicio

292 2683 354 2714 est,
371 2677 567 2708 alterutrum
591 2685 659 2706 esse
677 2686 694 2705 e
715 2676 832 2716 glossa.
875 2674 979 2704 Omisi

292 2728 367 2750 eum
391 2719 518 2749 Graevio
533 2727 608 2748 eum
622 2719 652 2749 d.
668 2722 709 2749 et.
751 2717 914 2759 Dignitas
929 2720 979 2749 ent

290 2761 400 2802 glossa
411 2760 617 2793 constantia-2.

1063 1631 1081 1659 5
1104 1630 1188 1659 nihil
1209 1633 1293 1666 tum,
1315 1630 1378 1660 nisi
1396 1629 1479 1669 quod
1500 1633 1572 1659 erat
1596 1633 1708 1660 notum

1021 1671 1180 1710 ommibus]
1214 1671 1294 1701 Haec
1324 1673 1514 1702 nisi—omn.
1543 1671 1662 1701 absunt
1690 1682 1710 1702 a

1022 1712 1085 1742 Ms.
1103 1713 1164 1743 Gu.
1189 1718 1222 1743 et
1244 1714 1380 1743 aberant
1397 1713 1436 1743 ab
1452 1713 1603 1744 omnibus
1619 1713 1710 1744 Grae-

1022 1754 1075 1784 vii.
1132 1755 1247 1794 ltaque
1282 1755 1383 1785 delevi
1400 1767 1406 1784 ε

1021 1797 1230 1827 commodum
1247 1797 1380 1827 habent.

1063 1840 1082 1868 6
1104 1839 1259 1878 restituti]
1278 1841 1306 1870 A
1324 1840 1463 1870 Caesare.
1486 1839 1548 1869 Sed
1563 1838 1625 1869 hoc
1640 1848 1708 1869 non

1021 1890 1038 1909 e
1063 1882 1316 1912 commentariis.
1359 1881 1440 1912 Vivo
1467 1882 1555 1911 enim
1581 1882 1708 1912 Caesare

1022 1923 1191 1952 restitutus
1207 1928 1275 1953 erat
1290 1932 1373 1953 unus
1389 1922 1456 1954 ille.

1062 1967 1080 1996 7
1103 1966 1227 1995 clariss.
1242 1965 1326 2005 viro]
1354 1967 1418 1996 Ms.
1434 1966 1499 1996 Gu.
1514 1965 1583 1995 viro
1596 1973 1709 1994 consu-

1022 2006 1098 2036 lari.

1064 2050 1081 2077 8
1105 2057 1203 2087 eaque
1214 2048 1390 2087 prm-lara]
1416 2049 1480 2079 Ms.
1497 2048 1560 2078 Gu.
1574 2052 1613 2078 ut
1627 2048 1713 2079 alius

1021 2090 1174 2129 antiquus
1199 2090 1322 2127 Ursini,
1339 2101 1377 2120 ea
1399 2100 1468 2130 quoe
1495 2092 1588 2120 clara
1609 2095 1708 2121 sunt.-

1021 2131 1107 2161 unde
1130 2132 1208 2162 Ant.
1237 2132 1437 2171 Augustinus
1460 2132 1654 2171 corrigebat,
1675 2142 1710 2161 eo

1021 2174 1105 2212 quod
1125 2175 1218 2204 clara
1242 2179 1329 2204 sunt.
1346 2184 1411 2204 non
1438 2175 1530 2204 bene.
1551 2173 1706 2204 dixisset:

1022 2219 1098 2245 sunt
1113 2217 1197 2245 em'm
1215 2221 1301 2246 nota.
1318 2216 1429 2246 malim
1449 2225 1506 2256 pro
1529 2219 1608 2246 nota
1623 2215 1711 2254 glos-

1023 2257 1138 2287 satoris
1169 2257 1298 2294 habere,
1324 2263 1382 2288 aut
1409 2258 1569 2297 corrigere
1596 2267 1712 2297 quam·

1023 2308 1120 2338 quam
1129 2301 1306 2338 praeclara.

1065 2345 1084 2374 9
1107 2342 1173 2371 vim
1202 2340 1377 2381 obsederat]
1425 2340 1508 2372 Mihi
1545 2341 1607 2372 obs.
1641 2351 1709 2372 non

1023 2381 1140 2421 placet.
1157 2392 1216 2413 nec
1226 2383 1270 2413 sic
1287 2383 1387 2422 reperi
1402 2383 1528 2423 uspiam
1546 2393 1603 2422 pro
1618 2386 1711 2414 tene-

1024 2424 1092 2459 bat,
1108 2424 1260 2455 habebat.
1304 2425 1353 2454 An
1366 2425 1524 2455 obtinebat
1537 2426 1553 2455 .?

1069 2468 1104 2495 10
1129 2466 1206 2496 Lux
1233 2467 1381 2505 quaedam
1408 2476 1441 2497 v.
1468 2465 1591 2506 obtata]
1631 2467 1710 2499 Non

1021 2506 1103 2537 bene
1127 2507 1206 2537 mihi
1234 2508 1362 2538 videtur
1379 2508 1441 2539 diei
1458 2510 1561 2539 lucem
1580 2507 1711 2549 offerre.

1022 2549 1126 2579 Credo
1157 2550 1346 2580 Ciceronem
1375 2551 1538 2591 scripsisse
1573 2551 1682 2582 oborta
1699 2564 1710 2581 .-

1020 2590 1105 2628 quod
1132 2591 1165 2620 in
1189 2591 1249 2621 hac
1270 2592 1435 2623 sententia
1453 2593 1498 2622 sic
1513 2591 1642 2623 dicitur.
1659 2603 1711 2624 or-

1020 2636 1092 2662 tum
1116 2632 1244 2662 videtur
1264 2644 1282 2663 e
1305 2644 1381 2664 mox
1400 2639 1554 2673 sequente
1565 2634 1711 2665 sublato.-

1021 2675 1083 2704 nisi
1097 2673 1200 2704 voluit
1218 2674 1326 2708 ludere
1344 2677 1379 2708 in
1393 2677 1513 2714 oblata,
1524 2677 1713 2719 pertulera-

1019 2725 1106 2756 mus,
1120 2716 1258 2751 sublato.

1447 1766 1548 1795 neque
1575 1764 1708 1786 sensum
