1817 3169
605 153 670 193 IN
696 152 742 191 L.
772 153 1053 195 PISONEM.
1444 159 1542 195 11ἆό

114 273 187 310 rae,
209 258 415 310 recitatae,
437 255 618 299 relatum
640 257 693 298 ad
716 265 925 300 senatum.
972 257 1046 300 Dii
1071 258 1356 303 immortales!
1387 262 1424 295 7¹
1442 260 1540 302 idne
1553 263 1602 299 45

113 331 195 373 ego
226 326 436 373 optarem,
468 324 515 356 ut
546 315 744 356 inimicus
786 329 920 367 meus,
950 329 1013 366 ea,
1044 329 1129 370 qua
1166 330 1291 356 nemo
1321 332 1540 373 umquam,

110 373 351 430 ignominia
371 375 618 415 notaretur?
650 381 695 413 ut
718 382 888 413 senatus
921 372 971 424 is,
995 374 1066 427 qui
1101 373 1143 413 in
1174 386 1267 413 eam
1295 373 1389 429 jam
1422 375 1542 415 beni-

110 430 289 487 gnitatis
321 430 671 472 consuetudinem
707 430 837 479 venit,
869 438 916 470 ut
944 443 1031 480 eos,
1063 430 1135 485 qui
1166 429 1275 470 bene
1307 431 1540 486 rempubli-

105 502 201 529 cam
233 489 457 544 gesserint,
481 487 601 528 novis
625 486 860 528 honoribus
890 486 1064 537 afficiat,
1094 495 1136 528 et
1157 500 1336 528 numero
1358 487 1538 539 dierum,

106 553 151 586 et
173 559 327 600 genere
350 545 601 595 verborum3
633 543 759 599 hujus
782 544 906 584 unius
937 543 1090 584 litteris
1121 544 1419 585 nuntiantibus
1451 558 1536 586 non

105 602 325 644 crederet?
357 602 673 658 postulantibus
694 601 952 656 denegaret?
1006 600 1088 642 His
1110 615 1192 658 ego
1214 601 1339 641 rebus
1372 616 1536 657 pascor,
1552 600 1621 648 20

105 657 173 700 his
195 659 398 711 delector,
421 659 484 699 his
508 658 726 714 perfruor:
758 659 873 713 quod
896 659 948 699 de
976 659 1095 699 vobis
1118 658 1187 700 hic
1209 658 1314 699 ordo
1337 659 1537 714 opinatur

105 730 192 757 non
217 731 352 769 secus,
374 731 424 758 ac
446 716 497 756 de
522 716 761 757 taeterrimis
783 716 1004 757 hostibus:
1027 716 1142 770 quod
1166 731 1240 757 vos
1262 716 1427 770 equites
1449 715 1538 756 Ro-

104 774 237 825 mani,
267 774 381 829 quod
413 773 540 814 ceteri
575 772 757 822 ordines,
781 773 894 827 quod
917 783 1074 814 cuncta
1095 773 1246 814 civitas
1276 773 1392 814 odit:
1424 773 1539 827 quod

104 844 232 872 nemo
266 831 416 881 borum,
457 844 581 870 nemo
613 829 796 884 deniqne
829 829 935 871 civis
966 838 1044 881 est,
1076 830 1148 884 qui
1183 830 1312 870 modo
1335 844 1378 870 se
1400 829 1535 870 civem

104 901 196 928 esse
219 887 472 937 meminerit,
495 887 566 942 qui
594 901 666 926 vos
698 901 780 927 non
804 886 938 927 oeulis
970 886 1124 942 fugiat,
1148 887 1320 928 auribus
1351 898 1537 943 respuat,

104 945 248 985 animo
271 953 532 1000 aspernetur,
557 943 850 984 recordatione
872 944 1055 999 denique
1083 944 1175 1000 ipsa
1196 943 1442 986 consulatus
1467 958 1538 984 ve-

104 1001 179 1042 stri
204 1001 511 1058 perhorreseat.
573 1000 686 1041 Haec
707 1015 788 1056 ego
809 1015 975 1057 semper
997 1001 1049 1042 de
1070 1002 1190 1042 vobis
1212 1000 1419 1057 expetivi,
1438 1000 1598 1042 haec46

102 1059 265 1114 optavi,
298 1058 391 1100 haee
423 1067 618 1114 precatus
653 1072 760 1099 sum.
795 1058 916 1114 plura
947 1058 1077 1099 etiam
1111 1059 1373 1109 acciderunt,
1404 1073 1532 1113 quam
1545 1051 1576 1082 b.

104 1114 268 1157 vellem.
290 1130 404 1166 nam,
428 1124 474 1156 ut
495 1115 747 1156 amitteretis
766 1115 1019 1167 exercitum,
1038 1130 1272 1171 numquam
1293 1115 1534 1156 mehercule

103 1173 265 1228 optavi.
309 1173 411 1214 illud
449 1174 579 1214 etiam
622 1172 781 1213 accidit
823 1181 979 1229 praeter
1015 1182 1212 1228 optatum
1250 1187 1418 1214 meum:
1461 1172 1535 1214 sed

102 1229 225 1272 valde
247 1244 300 1271 ex
326 1230 558 1271 voluntate.
582 1230 687 1270 mihi
712 1230 825 1270 enim
855 1244 938 1270 non
965 1240 1137 1271 venerat
1168 1231 1210 1271 in
1242 1239 1444 1279 mentem,
1468 1228 1536 1270 fu-

102 1300 242 1327 rorem
265 1296 307 1327 et
329 1287 537 1328 insaniam
559 1298 708 1343 optare
732 1287 868 1337 vobis,
892 1287 934 1327 in
957 1301 1085 1342 quam
1115 1287 1340 1328 incidistis.
1399 1286 1536 1342 Atqui

103 1343 186 1384 fuit
205 1344 457 1400 optandum,
489 1348 529 1378 72
542 1359 610 1385 me
641 1354 782 1384 tamen
816 1344 998 1400 fugerat,
1021 1345 1198 1385 deorum
1227 1343 1536 1385 immortalium

100 1400 175 1454 has
198 1415 288 1442 esse
315 1403 357 1442 in
391 1402 544 1457 impios
568 1410 611 1442 et
632 1401 945 1442 consceleratos
976 1416 1128 1457 poenas
1151 1402 1408 1442 certissimas
1432 1416 1535 1442 con-

98 1458 284 1500 stitutas.
346 1458 492 1499 Nolite
513 1459 625 1500 enim
651 1467 812 1514 putare,
837 1467 976 1515 patres
1000 1458 1249 1514 conscripti,
1269 1467 1316 1498 ut
1339 1459 1383 1499 in
1405 1472 1534 1499 scena

99 1515 268 1566 videtis,
301 1515 493 1557 homines
518 1516 829 1557 consceleratos
860 1515 1045 1571 impulsu
1068 1516 1245 1556 deorum
1270 1515 1415 1556 terreri
1449 1514 1535 1555 Fu-

99 1572 256 1613 riarum
290 1574 412 1614 taedis
444 1574 707 1614 ardentibus.
769 1574 855 1614 Sua
875 1587 1089 1628 quemque
1120 1572 1248 1623 fraus,
1273 1587 1396 1613 suum
1427 1571 1534 1612 faci-

98 1643 192 1680 nus,
216 1645 339 1670 suum
372 1631 520 1682 scelus,
544 1646 619 1671 sua
639 1630 818 1671 audacia
848 1630 900 1671 de
932 1630 1114 1671 sanitate
1143 1645 1192 1671 ac
1221 1638 1365 1670 mente
1386 1629 1531 1670 detur-

99 1687 184 1728 bat.
212 1686 278 1728 hae
299 1698 397 1728 sunt
420 1689 650 1743 impiorum
674 1687 810 1739 furiae,
835 1687 902 1728 hae
926 1687 1126 1739 flammae,
1151 1687 1217 1728 hae
1241 1686 1370 1728 faces.
1432 1685 1528 1742 Ego
1542 1693 1589 1731 47

97 1752 139 1784 te
170 1758 256 1784 non
289 1745 528 1796 vecordem,
559 1760 642 1785 non
679 1744 902 1796 furiosum,
927 1758 1010 1785 non
1044 1753 1187 1785 mente
1217 1754 1408 1800 captum,
1440 1758 1527 1784 non

96 1801 261 1856 tragico
284 1801 356 1842 illo
380 1802 533 1843 Oreste
555 1811 629 1843 aut
651 1801 914 1842 Athamante
936 1801 1244 1842 dementiorem
1268 1810 1429 1856 putem,
1453 1800 1528 1856 qui

97 1857 152 1898 sis
176 1873 300 1898 ausus
325 1859 508 1914 primum
531 1859 694 1900 faeere:
728 1873 812 1899 non
848 1859 889 1899 id
919 1869 984 1899 est
1013 1868 1168 1914 caput:
1200 1858 1355 1898 deinde
1386 1857 1529 1913 paullo

95 1923 208 1966 ante,
231 1914 464 1971 Torquato,
497 1917 750 1972 gravissimo
781 1925 823 1956 et
858 1916 1127 1956 sanctissimo
1155 1915 1261 1966 viro,
1293 1923 1529 1970 premente,

94 1972 306 2023 confiteri,
333 1981 372 2013 te
395 1974 658 2029 provinciam
685 1973 1006 2022 Macedoniam,
1039 1972 1082 2012 in
1104 1986 1233 2026 quam
1261 1980 1429 2012 tantum
1452 1985 1530 2011 ex-

93 2029 274 2070 ercitum
312 2038 653 2085 transportasses,
687 2031 777 2070 sine
817 2029 899 2070 ullo
931 2029 1067 2069 milite
1101 2028 1347 2082 reliquisse?
1391 2027 1529 2069 Mitto

93 2086 146 2127 de
168 2087 323 2127 amissa
345 2087 536 2128 maxima
557 2097 676 2144 parte
698 2087 928 2127 exercitus.
952 2087 1007 2126 sit
1032 2085 1115 2126 hoc
1137 2085 1403 2126 infelicitatis
1427 2093 1528 2125 tuae.

92 2143 337 2184 dimittendi
383 2158 482 2185 vero
523 2145 737 2185 exercitus
781 2158 910 2199 quam
962 2152 1083 2199 potes
1134 2141 1284 2183 afferre
1324 2144 1528 2183 causam?

93 2215 221 2255 quam
261 2209 518 2256 potestatem
562 2200 779 2242 habuisti?

810 2214 936 2255 quam
983 2200 1152 2256 legem?
1183 2199 1298 2253 quod
1338 2207 1529 2240 senatus-

91 2257 362 2302 consultum?
393 2259 508 2315 quod
533 2258 635 2315 jus?
666 2257 781 2314 quod
805 2256 1077 2313 exemplum?
1122 2258 1162 2289 73
1178 2256 1295 2303 Quid
1319 2264 1384 2296 est
1413 2255 1529 2297 aliud

130 2402 167 2434 71
192 2400 267 2431 idne
288 2410 345 2440 ego
367 2404 513 2440 optarem
526 2399 555 2439 ?]
584 2398 657 2429 Hoc
671 2407 785 2428 verum

90 2449 159 2472 esse
181 2452 248 2473 non
269 2447 390 2483 potest.
417 2452 494 2473 nam
518 2442 552 2472 in
576 2441 786 2479 sequentibus

89 2482 170 2514 dicit
182 2484 281 2522 clare,
296 2485 365 2515 haec
381 2494 414 2515 se
434 2494 561 2524 semper
576 2488 716 2523 optasse,
732 2492 786 2512 ex-

88 2525 239 2565 petivisse
255 2527 313 2557 &c.
337 2526 475 2558 Videtur
487 2526 670 2565 scripsisse:
695 2524 787 2564 quid-

89 2567 125 2596 m'
139 2577 216 2606 ergo
230 2573 386 2608 optarem.
430 2569 512 2598 Mox
524 2567 603 2609 jam
618 2568 731 2598 aberat
745 2566 785 2596 ab

87 2610 224 2651 antiquo
239 2611 321 2641 libro
336 2610 462 2641 Faerni.

132 2654 172 2684 72
192 2661 242 2682 me
262 2657 372 2682 tamen
382 2650 542 2692 fugerat]
568 2651 619 2681 An
633 2651 696 2681 hoc
709 2660 786 2680 eum

88 2691 231 2732 fugerat,
248 2695 302 2733 qui
316 2694 349 2724 id
362 2694 488 2725 dixerat
499 2696 571 2734 jam
586 2694 621 2724 in
637 2692 786 2722 oratione

90 2743 149 2774 pro
178 2735 296 2766 Roscio
316 2735 478 2766 -Amerino
516 2736 554 2766 de
592 2733 782 2775 parricidis:

87 2786 186 2814 quem
207 2777 325 2812 {locum
355 2777 408 2807 hic
436 2778 609 2809 manifeste
637 2776 785 2806 imitatus

89 2821 150 2848 est.
192 2818 243 2849 An
265 2819 385 2849 excidit
406 2821 494 2849 non?
518 2829 569 2849 me
591 2823 700 2849 tamen
723 2827 787 2847 non

81 2858 236 2898 fugerat.
253 2870 370 2900 nempe
386 2860 434 2891 ita
449 2865 594 2897 excusat,
611 2860 698 2899 quod
719 2868 787 2889 non

86 2907 219 2942 optarat
233 2902 278 2940 id,
295 2902 382 2942 quod
398 2907 512 2943 optare
526 2906 669 2943 poterat.

871 2399 911 2430 73
926 2396 1022 2437 Quid
1033 2400 1078 2426 est
1092 2394 1327 2435 aliudfmvre,
1340 2405 1403 2425 non
1415 2405 1530 2434 cogno-

827 2438 928 2478 scere]
955 2439 1008 2469 Sic
1030 2438 1155 2468 habent
1168 2437 1239 2468 edd.
1255 2437 1309 2467 w.
1330 2440 1418 2468 1480.
1430 2437 1527 2468 Junt.

829 2485 863 2510 at
878 2481 973 2511 Rom.
996 2481 1059 2510 nisi
1080 2490 1156 2516 mm,
1172 2480 1258 2518 quod
1281 2479 1416 2509 Mediol.
1429 2485 1464 2510 et
1477 2490 1529 2510 ce-

829 2527 910 2553 terae
934 2532 1034 2562 usque
1061 2523 1102 2552 ad
1127 2522 1326 2552 Lambinum
1350 2526 1384 2551 et
1409 2522 1528 2552 Grute-

830 2575 902 2594 rum
928 2568 1048 2594 secutae
1075 2569 1165 2600 sunt,
1193 2564 1251 2603 qui
1279 2564 1342 2593 nisi
1367 2563 1529 2594 delerunt.

827 2606 942 2637 Lectio
965 2606 1024 2637 illa
1047 2610 1173 2643 tamen,
1188 2615 1261 2645 quae
1282 2604 1372 2636 addit
1390 2606 1464 2641 nisi,
1479 2609 1530 2636 est

828 2649 954 2684 mitior,
970 2652 1003 2678 et
1019 2648 1095 2678 alibi
1111 2658 1129 2678 a
1145 2648 1302 2678 Cicerone
1324 2647 1359 2677 in
1382 2647 1442 2678 hac
1460 2647 1530 2686 ipsa

828 2691 936 2721 forma
950 2691 1106 2720 orationis
1121 2689 1262 2720 additur.
1279 2698 1355 2718 nam
1379 2689 1529 2728 profecto

829 2733 942 2763 Cicero
961 2732 1032 2762 vult
1046 2732 1165 2767 dicere,
1183 2742 1232 2767 ea,
1250 2740 1322 2769 quae
1337 2737 1530 2769 sequantur,

829 2784 896 2804 esse
920 2783 1040 2813 genera
1056 2778 1090 2804 et
1111 2773 1262 2813 exempla
1276 2776 1310 2802 et
1332 2771 1532 2803 documenta

829 2816 960 2846 furoris.
997 2814 1061 2845 Sed
1076 2815 1145 2845 haec
1161 2814 1328 2844 sententia
1342 2813 1405 2844 nisi
1421 2823 1532 2844 neces-

830 2858 952 2888 sarium
967 2857 1059 2887 facit.
1079 2856 1149 2887 Viri
1165 2856 1253 2886 docti
1270 2859 1443 2896 putarunt,
1458 2855 1530 2887 haec

831 2899 944 2929 omnia
958 2898 1134 2939 separatim
1147 2906 1215 2928 esse
1228 2897 1434 2938 accipienda:
1451 2908 1531 2937 qua-

763 2948 893 2985 4132
