1785 3185
409 134 758 174 PHILIPPICA
783 132 1263 172 TERTIADECIMA.
1456 131 1557 170 1427

119 234 234 278 blica
270 246 414 279 tenere
446 239 684 294 potuisset:
716 246 846 288 certe,
880 237 948 278 his
979 236 1289 286 consularibus,
1321 247 1407 275 non
1443 240 1555 274 esset

121 292 409 350 Pompeianus
441 295 740 351 despiciendus
769 304 953 336 senatus,
1014 294 1170 335 Utrum
1205 293 1337 348 igitur
1375 290 1588 346 aequius,8

118 358 263 391 utrum
289 352 437 392 melius
469 351 715 408 reipublicae
748 350 845 402 fuit,
869 350 950 392 Cn.
975 349 1247 406 Pompeium,
1268 363 1322 389 an
1345 358 1552 388 sectorem

120 406 204 448 Cn.
223 407 418 467 Pompeii
439 409 581 450 vivere
598 408 864 450 Antonium?
897 408 983 454 Qui
1007 421 1107 449 vero
1132 405 1349 461 praetorii?
1371 418 1586 460 quorump

119 465 318 521 princeps
342 465 409 507 M.
431 465 558 517 Cato,
580 467 777 520 idemque
807 465 1000 506 omnium
1033 463 1228 520 gentium
1251 462 1407 503 virtute
1437 460 1587 516 prin-³

118 535 233 576 ceps.
267 523 382 569 Quid
408 524 590 578 reliquos
612 523 868 564 clarissimos
892 522 1003 562 viros
1025 520 1387 562 commemorem?
1419 517 1554 558 nostis

118 591 282 619 omnes.
304 580 441 637 magis
466 595 625 632 vereor,
650 595 701 621 ne
723 580 898 635 longum
927 593 993 619 me
1025 578 1065 619 in
1098 575 1403 625 enumerando,
1424 588 1555 630 quam

119 649 173 675 ne
196 635 408 692 ingratum
434 638 476 678 in
512 637 806 692 praetereundo
840 635 1011 691 putetis.
1036 635 1109 690 qui
1141 633 1343 675 aedilicii?
1374 633 1447 687 qui
1479 631 1555 672 tri-

120 691 311 734 bunicii?
341 694 414 749 qui
448 695 696 749 quaestorii?
756 693 874 740 Quid
907 692 1067 735 multa?
1099 691 1193 732 talis
1228 699 1473 731 senatorum
1511 696 1555 729 et

117 748 306 805 dignitas
337 762 380 791 et
411 751 641 792 multitudo
672 751 768 802 fuit,
791 760 839 791 ut
868 764 1025 805 magna
1054 748 1334 789 excusatione
1361 761 1470 802 opus
1500 745 1552 786 iis

1592 298 1619 331 0

1589 433 1598 441 .
1615 411 1689 440 253.

119 807 189 856 sit,
211 807 284 862 qui
315 807 387 848 illa
419 808 461 849 in
491 817 630 849 castra
662 822 747 848 non
775 816 996 848 venerunt.
1058 806 1187 847 Nunc
1219 804 1382 860 reliqua
1413 812 1552 844 atten-
1571 795 1636 846 15

116 863 220 905 dite.
285 863 446 905 Victum
470 864 701 906 Ciceronem
721 864 858 905 ducem
880 863 1089 905 habuistis.
1151 861 1214 904 Eo
1245 860 1448 903 libentius
1478 859 1554 901 du-

116 935 199 961 cem
220 921 362 972 audio,
384 923 499 976 quod
522 932 636 963 certe
658 921 727 962 ille
747 922 853 963 dicit
884 921 1043 962 invitus
1063 937 1072 963 :
1102 935 1202 961 nam
1234 919 1287 961 de
1309 919 1425 960 victo
1447 917 1556 958 nihil

115 976 280 1020 laboro.
321 977 458 1019 fatum
495 980 611 1021 enim
648 993 790 1020 meum
826 988 905 1030 est,
938 978 1028 1018 sine
1066 976 1287 1033 republica
1320 990 1401 1018 nec
1441 974 1555 1016 vinci

115 1047 254 1090 posse,
294 1050 372 1076 nec
413 1036 597 1078 vincere.
658 1035 947 1077 Macedoniam
983 1034 1149 1076 munitis
1185 1033 1436 1075 exercitibus.
1498 1030 1556 1072 Et

114 1091 288 1146 quidem
320 1092 438 1133 fratri
472 1103 560 1145 tuo,
582 1093 656 1149 qui
685 1109 709 1134 a
729 1094 852 1134 vobis
883 1092 990 1133 nihil
1011 1092 1256 1148 degenerat,
1277 1089 1553 1132 extorsimus.

115 1147 309 1205 Asi-icam
338 1150 585 1192 commisistis
616 1151 651 1181 61
670 1149 778 1192 Varo
813 1150 873 1191 his
903 1156 1036 1204 capto,
1098 1148 1185 1190 Hic
1216 1163 1315 1190 cum
1347 1147 1399 1189 C.
1423 1145 1554 1187 fratre

115 1215 241 1261 putat
263 1221 305 1247 se
335 1207 518 1263 litigare.
580 1207 635 1249 In
659 1207 823 1264 Syriam
848 1206 1030 1248 Cassium
1051 1206 1224 1248 misistis.
1286 1205 1388 1246 Non
1419 1203 1554 1259 igitur

115 1263 261 1314 sentis,
286 1263 387 1306 huic
409 1279 548 1305 causae
579 1265 728 1306 orbem
760 1273 884 1305 terrae
917 1278 1090 1320 parere:
1123 1272 1179 1315 te,
1202 1271 1325 1304 extra
1346 1260 1554 1302 munitio-

114 1333 189 1360 nes
213 1329 321 1372 tuas‚
343 1323 574 1378 vestigium
599 1322 671 1362 ubi
695 1322 929 1378 imprimaS,
952 1336 1037 1362 non
1062 1320 1242 1362 habere?
1287 1319 1456 1363 Cascam
1477 1317 1553 1359 tri-

116 1376 314 1418 bunatum
348 1393 488 1435 gerere
518 1379 629 1434 passi
660 1379 763 1420 estis.

116 1433 350 1476 Caesetium
389 1451 413 1476 a
443 1436 661 1492 republica
693 1450 1021 1486 removeremus,
1051 1436 1092 1466 62>
1105 1449 1217 1486 eum,
1244 1449 1319 1492 per
1340 1448 1483 1490 quem,
1505 1442 1555 1474 ut

113 1505 252 1547 neque
283 1493 394 1534 idem
425 1492 508 1534 hoc
530 1493 725 1549 posthac,
747 1507 884 1548 neque
913 1492 1049 1533 multa
1080 1491 1328 1548 hujusmodi
1361 1491 1556 1532 accidere

113 1559 305 1605 possent,
347 1551 568 1591 consecuti
612 1552 788 1591 sumus?
825 1548 1096 1606 &vectigalia
1138 1548 1316 1591 Juliana
1360 1548 1557 1603 Lupercis

111 1606 328 1648 ademistis.
392 1607 680 1663 Lupercorum
714 1607 976 1648 mentionem
1007 1608 1047 1638 64
1062 1606 1200 1648 facere
1229 1606 1384 1648 audet?
1415 1619 1555 1661 neque

113 1663 225 1705 illius
259 1664 342 1705 diei
377 1665 628 1705 memoriam
662 1664 963 1721 perhorrescit,
985 1679 1070 1719 quo
1104 1678 1229 1705 ausus
1263 1672 1341 1714 est,
1372 1663 1552 1704 obrutus

111 1721 229 1774 vino,
252 1722 484 1778 unguentis
515 1721 689 1772 oblitus,
712 1722 864 1772 nudus,
890 1731 1132 1777 gementem
1158 1721 1365 1777 populum
1389 1720 1553 1761 Roma-

110 1793 213 1819 num
251 1779 304 1819 ad
337 1779 585 1820 servitutem
615 1778 859 1820 cohortari?
891 1786 1171 1820 veteranorum
1202 1777 1393 1829 colonias,
1426 1777 1583 1818 dedu-b

111 1842 196 1876 ctas
227 1834 313 1892 lege
341 1842 380 1877 et
409 1835 763 1885 senatusconsulto,
795 1835 1024 1877 sustulistis.
1082 1836 1175 1877 Nos
1209 1835 1472 1886 sustulimus,
1495 1850 1550 1876 an

110 1901 262 1933 contra
290 1893 384 1949 lege
405 1893 593 1934 comitiis
624 1893 873 1934 centuriatis
905 1892 1004 1943 lata,
1025 1893 1246 1935 sanximus
1265 1895 1277 1935 ?
1309 1892 1406 1933 vide
1427 1907 1480 1933 ne
1502 1901 1550 1933 tu

112 1959 348 2001 veteranos,
389 1960 531 1991 tamen
567 1964 654 2002 eos,
688 1951 760 2005 qui
798 1961 919 1991 erant
955 1950 1125 2006 perditi,
1166 1949 1414 2006 perdideris,
1449 1949 1548 1990 65in

109 2021 294 2063 eumque
329 2007 470 2048 locum
509 2007 751 2059 deduxeris,
787 2021 842 2048 ex
873 2022 975 2062 quo,
1014 2007 1096 2063 ipsi
1128 2007 1219 2062 jain
1259 2007 1464 2058 sentiunt,
1503 2021 1548 2047 se

109 2077 343 2120 numquam
375 2065 582 2105 exituros.
643 2063 966 2105 Massiliensibus
981 2065 1083 2120 jure
1113 2063 1209 2105 belli
1234 2063 1394 2106 ademta
1414 2062 1580 2104 reddi-3

111 2128 222 2162 turos
242 2137 322 2172 vos,
341 2121 606 2176 pollicemini.
659 2121 781 2162 Nihil
803 2121 977 2177 disputo
999 2122 1051 2162 de
1066 2121 1166 2176 jure
1188 2121 1302 2162 belli.
1325 2122 1463 2177 inagis
1485 2120 1548 2162 fa-

111 2178 204 2219 cilis
237 2179 474 2236 disputatio
506 2187 584 2231 est,
606 2193 735 2235 quam
767 2179 1020 2221 necessaria.
1042 2178 1195 2220 66illud
1229 2187 1373 2219 tamen
1399 2179 1549 2219 adver-

890 2314 930 2343 63
953 2315 1130 2352 vectigalia
1143 2313 1301 2353 Juliana]
1321 2315 1350 2345 A
1371 2312 1462 2344 Julio
1477 2314 1550 2344 Cae-

150 2315 185 2345 61
209 2314 296 2344 Varo
312 2315 357 2345 bis
371 2314 477 2354 capto]
496 2314 519 2344 i.
534 2324 555 2346 a
569 2314 710 2350 Caesare,
725 2314 806 2345 Cor-

848 2365 919 2386 sare
940 2355 1097 2396 Lupercis
1119 2357 1294 2393 attributa,
1312 2361 1351 2386 ut
1373 2355 1509 2385 discitur
1529 2366 1548 2386 e

110 2357 181 2386 finii
204 2357 360 2397 primum,
377 2366 406 2386 ν.
431 2359 513 2388 Caes.
533 2355 572 2386 dc.
595 2356 671 2387 bell.
694 2357 755 2386 civ.
779 2356 806 2392 1,

109 2401 164 2430 523.
180 2404 215 2429 et
238 2400 371 2436 iterum,
387 2403 427 2429 ut
442 2399 583 2435 videtur,
604 2399 638 2429 in
652 2398 807 2428 Africano

110 2441 209 2472 bello.
244 2441 353 2481 Quare
369 2441 456 2472 dicat
471 2445 543 2481 post
560 2441 645 2471 hanc
660 2441 808 2481 epistolae

110 2483 325 2523 particulam:
352 2485 403 2514 hic
424 2493 498 2513 cum
527 2482 683 2523 C.fi·atre
700 2492 733 2513 se
741 2492 807 2524 pu-

109 2530 161 2556 tat
175 2526 320 2563 litigare,
338 2535 403 2556 non
419 2525 580 2565 intelligo.

150 2568 191 2598 62
213 2577 301 2603 eum,
311 2578 375 2608 per
388 2577 481 2607 quem
498 2567 571 2607 δια]
597 2567 745 2597 Pertinet
765 2566 805 2597 ad

109 2610 259 2646 Cascam,
275 2611 329 2648 qui
349 2610 485 2641 Caesaris
501 2610 588 2640 inter
602 2619 806 2649 percussores

110 2653 192 2683 fuit:
217 2652 242 2682 is
257 2661 335 2691 ergo
352 2662 391 2684 ea
405 2651 492 2682 caede
513 2651 604 2688 fecit,
619 2656 657 2682 ut
674 2661 715 2681 ne
729 2650 806 2690 quid

109 2694 177 2724 tale
199 2694 269 2724 fieri
293 2698 414 2733 posset,
429 2694 524 2733 quale
538 2694 572 2724 in
587 2694 726 2723 tribunis
742 2693 806 2724 illis

109 2735 254 2767 Marullo
268 2740 302 2766 et
318 2737 457 2767 Caesetio
473 2736 598 2766 factum
614 2740 684 2766 erat
700 2745 719 2765 a
734 2737 806 2767 Cae-

109 2788 193 2814 sare,
209 2778 249 2808 ob
261 2777 443 2809 detractam
459 2784 576 2808 statuae
593 2777 729 2808 Caezaris
743 2778 807 2808 fas-

108 2821 203 2855 ciam,
214 2825 253 2850 ut
268 2821 441 2851 tribunatu
456 2824 677 2852 moverentur.
687 2830 718 2851 v.
728 2820 807 2851 Sue-

104 2867 176 2894 ton.
192 2863 273 2895 caes.
290 2873 318 2894 e.
333 2866 386 2896 79.

849 2398 968 2437 fragm.
996 2399 1092 2438 epist.
1123 2399 1289 2428 Ciceronis
1318 2399 1358 2429 ad
1385 2398 1548 2428 Caesarem

850 2440 1068 2471 Octavianum
1107 2451 1158 2480 ap.
1194 2440 1356 2476 Nonium,
1392 2439 1478 2479 quod
1513 2441 1548 2472 in

851 2483 967 2521 fragm.
981 2483 1194 2522 epistolarum
1210 2483 1397 2514 videndum.

893 2525 934 2554 64
943 2523 1063 2563 facere
1076 2526 1174 2556 audet
1191 2525 1263 2564 δῖα]
1282 2525 1357 2555 Non
1373 2528 1424 2555 est
1438 2533 1548 2554 neces-

848 2566 984 2604 sarium,
1004 2567 1123 2606 ubique
1146 2567 1282 2597 eandem
1307 2567 1446 2598 formam
1474 2577 1547 2597 ora-

848 2608 949 2638 tionis
963 2618 1031 2638 esse
1045 2621 1055 2640 2
1079 2609 1132 2639 hic
1146 2614 1260 2640 tamen
1277 2609 1357 2640 mihi
1373 2607 1546 2640 verisimile

850 2650 991 2687 videtur,
1009 2650 1215 2689 Ciceronem,
1237 2656 1274 2681 ut
1297 2658 1388 2688 ante,
1404 2650 1547 2682 secunda

849 2702 988 2733 persona
1017 2702 1112 2724 usum
1137 2703 1223 2724 esse:
1254 2694 1355 2723 audes
1365 2694 1548 2732 -permm

847 2736 1088 2765 reseis-ausus
1103 2745 1145 2766 es.

890 2777 931 2808 65
953 2778 976 2808 z'.
994 2786 1020 2808 e.
1041 2779 1146 2807 locum
1167 2776 1352 2817 deduxeris]
1378 2777 1418 2807 In
1440 2780 1548 2807 eastra

848 2828 908 2849 sua
921 2818 962 2848 ad
979 2819 1158 2850 Mutinam.

891 2861 932 2893 66
946 2862 970 2893 i.
986 2865 1097 2893 tamen
1111 2860 1284 2902 advertite]
1302 2859 1467 2893 Ferrarius
1481 2860 1548 2894 edi-

769 2909 895 2947 424

825 1378 942 1425 Quid
976 1381 1106 1434 ergo?
1140 1388 1186 1418 ut
1218 1376 1469 1426 Marullum,
1504 1380 1614 1416 utssl.

1583 2064 1608 2100 2
