1785 3185
636 102 981 142 RESPONSIO.
1425 107 1525 143 1449

99 219 187 247 non
219 215 419 257 armatus,
442 219 505 256 ea,
538 220 634 260 quae
657 205 866 260 gloriaris,
889 203 1147 247 confeceris:
1181 214 1307 261 atque
1337 206 1446 247 inter
1470 217 1526 256 te,

98 260 342 318 Sullamque
379 262 648 311 dictatorem,
682 271 837 317 praeter
872 276 1027 302 nomen
1065 263 1246 317 imperii,
1289 263 1522 318 quidquam

98 317 352 360 interfuerit.
412 318 495 360 Sed
529 319 631 374 quid
661 332 744 372 ego
775 318 895 374 plura
922 318 974 359 de
997 328 1069 359 tua
1091 319 1316 360 insolentia
1335 323 1571 371 comme-4

98 379 287 417 morem?
317 389 444 431 quem
470 375 670 416 Minerva
694 390 842 416 omnes
869 385 979 416 artes
1008 375 1195 425 edocuit,
1216 375 1388 432 Jupiter
1409 378 1559 433 opti-7

96 447 189 473 mus
212 432 423 474 maximus
446 432 488 472 in
512 431 742 473 concilium
772 432 948 474 deorum
970 431 1156 482 admisit,
1181 431 1305 473 Italia
1326 434 1523 474 exsulem

95 489 282 531 humeris
324 489 409 530 suis
450 488 699 544 reportavit.
760 488 850 530 Oro
892 498 947 540 te,
988 488 1172 529 Romule
1208 488 1408 544 Arpinas,
1449 492 1524 545 qui

94 546 269 602 egregia
290 554 365 586 tua
387 545 544 587 virtute
566 560 714 587 omnes
747 545 933 596 Faunos,
959 544 1198 601 Scipiones,
1223 545 1379 587 Fabios
1401 561 1527 603 supe·

96 604 215 653 rasti,
253 617 379 658 quem
416 603 585 644 tandem
623 602 764 644 locum
798 602 840 643 in
872 602 952 643 hac
983 603 1158 643 civitate
1188 603 1384 646 obtines?
1429 619 1526 659 quae

95 659 176 700 tibi
201 670 341 716 partes
364 659 611 714 reipublicae
634 659 830 715 placent?
862 673 989 715 quem
1011 660 1212 710 amicum,
1232 673 1359 714 quem
1382 661 1527 702 inimi-

98 730 198 758 cum
222 717 386 758 habes?
417 716 487 757 cui
509 716 683 757 insidias
713 717 756 757 in
788 716 964 758 civitate
993 715 1147 767 fecisti,
1169 717 1408 760 ancillaris?
1439 732 1527 772 quo

91 772 206 827 jure,
228 787 326 815 cum
347 773 399 814 de
419 773 572 814 exsilio
596 783 671 814 tuo
695 773 968 828 Dyrrhachio
990 773 1167 823 rediisti,
1189 788 1287 815 eum
1310 776 1527 829 sequeris?

95 845 202 885 quos
226 840 429 885 tyrannos
451 830 710 886 appellabas,
731 844 878 872 eorum
900 845 1013 872 nunc
1038 831 1243 887 potentiae
1276 830 1420 873 faves?
1451 832 1526 887 qui

97 887 176 927 tibi
199 897 298 928 aute
328 887 558 943 optimates
582 887 850 939 videbantur,
880 887 1049 928 eosdem
1083 902 1195 928 nunc
1226 888 1444 929 dementes
1475 904 1527 930 ac

97 942 279 985 furiosos
304 946 456 985 vocas?
490 943 646 984 Vatinii
682 959 850 985 causam
884 944 998 1000 agis?
1029 944 1081 985 de
1112 945 1263 985 Sextio
1294 946 1403 986 male
1431 947 1526 987 exi-

99 1001 274 1043 stimas?
306 1000 509 1041 Bibulum
544 1000 892 1056 petulantissimis
917 1002 1054 1042 verbis
1079 1001 1228 1043 laedis?
1259 1001 1402 1043 laudas
1426 1002 1525 1044 Cae-

98 1060 265 1100 sarem?
294 1072 420 1112 quern
451 1057 638 1098 maxime
660 1058 803 1108 odisti,
832 1058 869 1098 ei
895 1059 1081 1099 maxime
1103 1059 1377 1113 obsequeris?
1408 1060 1525 1102 aliud

98 1125 229 1164 stans,
259 1114 371 1155 aliud
404 1114 552 1155 sedens
573 1115 625 1154 de
648 1114 866 1170 republica
888 1115 1044 1158 sentis?
1081 1115 1147 1156 lris
1171 1115 1400 1166 maledicis,
1432 1117 1524 1158 illos

97 1171 479 1270 pidisti,}levissime
509 1171 745 1228 transfuga,
775 1186 911 1226 neque
941 1173 985 1212 in
1013 1171 1107 1223 hac,
1141 1187 1278 1227 neque
1305 1172 1377 1214 illa
1406 1184 1526 1230 parte

132 1229 227 1269 dem
285 1229 404 1271 abes.

532 1341 797 1348 *affl--

381 1413 448 1459 M.
501 1413 762 1461 TULLII
811 1413 1243 1465 CICERONIS,

1538 1453 1569 1516 .'''.³

1583 1444 1620 1477 εὐ.

1624 1446 1644 1474 Κ)

819 1524 845 1547 T

134 1594 523 1664 FALSO
601 1598 1490 1668 INSCRIBITUR,

786 1730 832 1754 ΙΝ

210 1802 263 1845 C.
302 1803 692 1848 SALLUSTIUM
725 1805 1007 1851 CRISPUM
1042 1807 1404 1851 RESPONSIO.

141 1995 157 2012 Ἰ

100 1994 203 2064 EA
234 2023 406 2067 demum
436 2037 595 2081 magna
614 2023 810 2080 voluptas
832 2033 910 2075 est,
943 2025 994 2067 C.
1027 2026 1214 2079 Sallusti,
1245 2029 1450 2084 aequalem
1474 2047 1524 2074 ac
1542 2031 1567 2079 1

99 2093 245 2135 parem
264 2081 404 2122 verbis
422 2081 552 2123 vitam
575 2095 726 2137 agere:
749 2096 887 2137 neque
907 2083 1142 2139 quidquam
1165 2096 1252 2126 tam
1274 2087 1523 2131 obscaenum
1540 2105 1558 2138 l

97 2137 253 2189 dicere,
286 2138 355 2179 cui
388 2152 475 2179 non
507 2138 562 2179 ab
600 2139 726 2180 initio
761 2140 956 2195 pueritiae
988 2140 1105 2182 omni
1136 2156 1292 2198 genere
1322 2143 1525 2187 facinoris

96 2204 201 2235 aetas
239 2204 312 2236 tua
345 2195 623 2250 respondeat:
657 2205 704 2236 ut
738 2196 877 2238 omnis
910 2197 1047 2239 oratio
1078 2200 1268 2241 moribus
1304 2213 1527 2245 consonet.

97 2265 235 2306 neque
263 2251 377 2293 enim
404 2252 476 2307 qui
508 2252 569 2293 ita
600 2253 719 2303 vivit,
748 2262 795 2294 ut
817 2262 877 2304 tu,
907 2253 1043 2306 aliter,
1066 2270 1115 2296 ac
1137 2266 1199 2308 tu,
1220 2256 1336 2313 loqui
1360 2270 1527 2315 potest:

97 2321 234 2363 neque
270 2308 340 2363 qui
377 2317 465 2350 tam
501 2309 621 2350 illoto
652 2323 846 2351 sermone
883 2312 1031 2362 utitur,
1070 2313 1159 2354 vita
1196 2314 1416 2357 honestior
1446 2328 1527 2359 est.

97 2364 199 2410 Quo
225 2380 294 2406 me
318 2376 494 2415 vertam,
526 2375 666 2423 patres
697 2368 956 2423 conscripti?
987 2369 1098 2410 unde
1133 2370 1304 2412 initium
1336 2379 1528 2418 sumam?

96 2422 236 2476 majus
272 2423 386 2463 enim
418 2423 523 2466 mihi
554 2423 725 2465 dicendi
754 2438 861 2465 onus
893 2425 1143 2482 imponitur,
1173 2443 1259 2483 quo
1289 2431 1434 2471 notior
1463 2442 1529 2474 est

99 2488 277 2534 uterque
296 2480 514 2521 nostrum.
545 2481 659 2536 quod
688 2490 776 2532 aut,
813 2482 846 2522 si
880 2482 933 2523 de
965 2497 1058 2524 mea
1081 2484 1168 2525 vita
1199 2496 1329 2541 atque
1358 2488 1527 2531 actibus

96 2534 200 2577 huic
220 2537 499 2577 conviciatori
522 2538 796 2594 respondem,
818 2538 1025 2581 invidiam
1055 2540 1192 2596 gloria
1217 2554 1526 2599 consequatur:

98 2603 186 2643 aut,
220 2593 253 2633 si
288 2593 415 2647 hujus
448 2594 578 2645 facta,
615 2609 769 2645 mores,
801 2610 971 2637 omnem
1011 2608 1183 2639 aetatem
1217 2601 1448 2653 nudavero,
1482 2603 1525 2644 in

98 2649 213 2690 idem
238 2649 390 2691 vitium
421 2651 606 2692 incidam
642 2652 928 2707 procacitatis,
957 2655 1071 2708 quod
1103 2655 1205 2697 huic
1235 2657 1414 2711 objicio.
1455 2659 1526 2705 ⁴Id

99 2719 189 2757 vos,
224 2707 259 2746 si
291 2706 402 2748 forte
423 2708 706 2759 offendimini,
732 2708 896 2763 justius
918 2710 1032 2762 huic,
1055 2727 1183 2767 quam
1205 2714 1327 2763 mihi,
1350 2730 1527 2762 succen-

96 2777 186 2804 sere
208 2763 387 2814 debetis,
409 2766 482 2820 qui
504 2765 675 2806 initium
697 2766 953 2807 introduxit.
1015 2767 1110 2824 Ego
1132 2770 1244 2816 dabo
1262 2785 1456 2827 operam„
1479 2782 1561 2821 [ηρ

95 2829 139 2860 et
161 2834 239 2877 pro
262 2835 329 2862 me
348 2822 526 2867 minimo
549 2837 649 2865 cum
670 2822 844 2865 fastidio
864 2826 1160 2881 respondeam,
1181 2838 1224 2868 et
1247 2827 1289 2868 in
1311 2828 1426 2872 hunc
1444 2832 1524 2872 mi-
