1769 3174
535 106 654 146 PRO
688 107 745 147 M.
785 106 999 146 COELIO.
1394 114 1491 151 1065

50 229 138 258 non
171 223 258 257 tam
293 212 467 264 insulem,
499 225 627 267 quam
660 225 746 252 non
779 211 1037 253 verecundo.
1069 211 1135 252 sin
1168 221 1312 255 autem
1343 223 1409 256 est
1441 215 1493 256 fi-

52 283 196 315 ctum:
229 286 316 313 non
348 269 451 312 illud
472 269 646 324 quidem
679 267 922 320 molestum,
944 268 1016 310 sed
1049 276 1192 309 tamen
1223 280 1289 311 est
1319 286 1404 313 non
1427 272 1493 314 in·

52 330 227 372 ficetum
269 326 556 370 mendacium.
594 326 710 381 quod
754 325 950 381 profecto
987 339 1223 381 numquam
1268 327 1493 370 hominum

53 400 193 428 sermo
231 395 360 440 atque
397 384 545 440 opinio
581 384 918 438 comprobasset,
950 383 1034 424 nisi
1067 382 1226 434 omnia,
1258 399 1354 438 quae
1393 400 1492 426 cum

53 443 320 499 turpitudine
346 441 488 498 aliqua
515 441 772 492 dicerentur,
795 440 840 482 in
870 441 996 481 istam
1018 439 1226 496 quadrare
1253 451 1353 497 apte
1376 442 1493 483 vide-

53 508 215 541 rentur.

111 556 243 598 Dicta
269 564 335 598 est
363 570 388 595 a
417 569 483 595 me
511 569 652 605 causa,
675 553 860 609 judices,
888 561 934 595 et
964 561 1177 611 perorata.
1236 553 1337 598 Jam
1369 554 1492 595 intel·
1504 558 1556 600 70

51 613 203 670 ligitis,
229 621 436 669 quantum
462 612 678 666 judicium
709 611 970 663 sustineatis,
1001 620 1163 667 quanta
1192 625 1257 652 res
1289 613 1345 652 sit
1375 626 1495 652 com-

50 672 181 712 missa
215 670 352 712 vobis.
416 668 484 710 De
518 669 559 709 vi
591 669 809 723 quaeritis:
842 684 939 724 quae
973 669 1043 710 lex
1077 669 1130 710 ad
1163 668 1407 724 imperium,
1441 668 1495 709 ad

55 728 342 784 majestatem,
363 731 403 761 99
416 725 470 767 ad
500 734 658 766 statum
687 727 853 781 patriae,
875 726 927 767 ad
947 726 1126 766 salutem
1149 726 1343 767 omnium
1367 726 1498 782 perti-

55 795 159 827 net:
191 800 319 840 quam
353 782 492 839 legem
526 782 583 828 Q.
614 781 792 824 Catulus
826 792 990 824 armata
1024 783 1289 824 dissensione
1321 783 1498 834 civium,

54 842 304 898 reipublicae
336 854 458 897 paene
489 839 692 881 extremis
724 841 1006 896 temporibus,
1038 839 1166 881 tulit:
1197 854 1381 896 quaeque
1411 840 1498 891 lex,

58 900 204 940 sedata
227 899 297 940 illa
319 899 491 938 flamma
511 896 756 938 consulatus
779 898 878 947 mei,
901 897 1107 938 fumantis
1129 896 1326 952 reliquias
1345 898 1498 953 conju-

57 956 234 997 rationis
253 954 479 996 exstinxit.
512 952 610 994 Hac
628 955 741 995 enim
761 954 854 1010 lege
874 954 1006 995 Coelii
1027 953 1314 996 adolescentia
1341 957 1399 985 100
1409 969 1497 996 non

57 1013 111 1055 ad
142 1012 389 1068 reipublicae
421 1025 588 1067 poenaS,
612 1011 685 1052 sed
716 1011 769 1053 ad
799 1011 988 1053 mulieris
1019 1011 1218 1053 libidines
1249 1020 1292 1053 et
1321 1011 1496 1053 delicias

58 1070 321 1126 deposcitur.
378 1067 524 1123 Atque
561 1067 644 1110 hoc
685 1069 817 1110 etiam
857 1068 953 1110 loco
992 1068 1060 1110 M.
1096 1068 1318 1110 lCamurti
1360 1079 1402 1110 et
1443 1067 1580 1115 C.30

60 1125 209 1168 Eserni
231 1125 449 1168 damnatio
473 1125 746 1180 praedicatur.
795 1125 835 1167 O
857 1125 1140 1167 stultitiamne
1161 1126 1317 1178 dicam,
1340 1141 1392 1167 an
1416 1127 1557 1179 im-71

57 1184 310 1240 pudentiam
343 1182 601 1238 singularem
623 1183 631 1225 !
664 1182 916 1235 Audetisne,
940 1198 1039 1224 cum
1070 1184 1124 1225 ab
1155 1198 1205 1224 ea
1226 1184 1404 1226 muliere
1425 1200 1500 1227 ve·-

60 1241 204 1293 niatis,
226 1240 366 1282 facere
388 1240 569 1281 istorum
597 1240 822 1282 hominum
852 1241 1117 1282 mentionem
1137 1242 1151 1282 ?
1181 1242 1403 1283 audetisne
1423 1257 1502 1285 ex-

60 1298 193 1340 citare
224 1298 334 1339 tanti
365 1297 521 1353 flagitii
554 1298 819 1350 memoriam,
849 1312 937 1339 non
967 1299 1228 1340 exstinctam
1259 1299 1375 1341 illam
1406 1300 1502 1356 qui·

59 1355 173 1406 dem,
195 1355 268 1397 sed
290 1369 523 1411 repressam
545 1358 785 1397 vetustate?
823 1355 924 1402 Quo
954 1356 1068 1397 enim
1101 1355 1160 1397 illi
1192 1356 1371 1398 crimine
1400 1373 1502 1414 pec-

59 1422 243 1468 catoque
273 1413 517 1468 perierunt?
547 1426 717 1469 nempe,
740 1413 855 1468 quod
882 1412 1074 1469 ejusdem
1097 1413 1286 1454 mulieris
1308 1414 1501 1457 dolorem

63 1479 108 1511 et
131 1470 364 1525 2injuriam
387 1469 590 1511 Vettiano
614 1470 778 1511 nefario
801 1481 900 1511 sunt
921 1480 1069 1527 stupro
1092 1472 1319 1527 persecuti.
1366 1471 1501 1529 Ergo,

60 1535 110 1568 ut
139 1529 357 1568 audiretur
377 1526 513 1567 Vettii
544 1541 702 1568 nomen
733 1527 778 1568 in
808 1542 950 1579 causa,
972 1538 1020 1569 ut
1050 1528 1121 1569 illa
1143 1538 1265 1570 vetus
1289 1529 1499 1572 ³Af1-ania

61 1583 208 1625 fabula
227 1583 512 1635 refricaretur,
533 1584 694 1626 idcirco
718 1584 913 1626 Camurti
945 1593 988 1626 et
1019 1584 1169 1626 Eserni
1199 1601 1328 1627 causa
1348 1598 1412 1629 est
1434 1603 1497 1630 re·
1512 1595 1542 1626 P·
1559 1589 1610 1618 ⁵3·

58 1644 245 1682 novata?
275 1641 349 1696 qui
371 1655 631 1696 quamquam
653 1641 747 1697 lege
769 1643 822 1684 de
845 1642 884 1683 vi
908 1651 1024 1684 certe
1045 1658 1131 1684 non
1155 1645 1424 1697 tenebantur,
1447 1661 1498 1687 eo
1513 1638 1542 1660 ὃ·

61 1697 274 1739 maleficio
297 1708 440 1739 tamen
459 1708 581 1740 erant
601 1699 825 1755 implicati,
848 1709 896 1740 ut
917 1703 1007 1741 4ex
1030 1699 1186 1741 nullius
1209 1701 1314 1757 legis
1338 1702 1500 1758 laqueis

62 1755 286 1797 emittendi
309 1755 568 1799 viderentur.
620 1756 688 1797 M.
711 1770 812 1798 vero
835 1756 1002 1798 Coelius
1025 1772 1101 1798 cur
1119 1758 1163 1798 in
1186 1758 1268 1799 hoc
1283 1759 1500 1814 judicium
1513 1768 1565 1808 72

62 1815 269 1854 vocatur?
296 1812 366 1854 cui
388 1827 526 1869 neque
550 1817 567 1845 5
581 1814 803 1870 proprium
825 1815 1077 1870 quaestionis
1097 1815 1258 1858 crimen
1280 1817 1502 1873 objicitur,

60 1983 124 2004 mm
137 1974 340 2014 estfactum.-
358 1974 451 2015 (quid
459 1977 545 2006 enim
558 1976 718 2007 attinebat
730 1975 760 2017 3²)

64 2016 122 2046 sed
141 2016 181 2047 ab
203 2018 311 2057 aliquo
321 2016 471 2058 fortasse
492 2019 688 2049 adolescente
704 2020 762 2049 «Sec.

805 1976 1181 2060 tuberjlji'raniafabula]
1207 2021 1285 2052 Non
1308 2022 1450 2054 arbitror
1462 2024 1505 2055 ad

65 2067 133 2088 non
160 2059 386 2091 animadversa
409 2061 611 2101 parenthesis
634 2061 764 2091 vitiavit

64 2101 261 2140 orationem.

107 2146 148 2177 99
170 2143 216 2173 ad
227 2147 351 2174 statum
361 2143 497 2184 patrioe]
512 2144 601 2176 Alias
624 2145 703 2175 dicit
723 2145 765 2176 ad

62 2188 187 2215 statum
200 2186 352 2217 civitatis.
364 2187 386 2217 i.
396 2187 617 2218 securitatem.
627 2197 657 2218 v.
672 2187 763 2219 Clav.

66 2227 102 2258 in
115 2231 233 2259 status.

111 2271 170 2300 100
188 2279 251 2300 non
265 2270 311 2300 ad
321 2272 402 2310 reip.
412 2281 527 2311 paenas
542 2271 616 2311 &c.]
635 2272 683 2303 Ut
698 2282 764 2303 non

66 2310 205 2351 reipubl.
222 2322 318 2343 causa
335 2316 505 2353 puniatur,
519 2314 574 2344 sed
587 2320 626 2345 ut
641 2314 764 2355 cupidi-

64 2353 128 2384 tati
143 2358 177 2384 et
191 2354 265 2384 odio
282 2354 405 2386 Clodiae
426 2356 504 2386 satis
519 2357 591 2394 fiat,
607 2366 679 2396 quae
693 2358 764 2396 ejus

64 2396 210 2437 pernicie
225 2396 436 2428 vehementer
451 2398 596 2430 laetetur.

112 2440 126 2468 l
156 2438 306 2470 Camurti
327 2443 358 2469 et
380 2440 516 2480 Eserni]
541 2441 681 2472 Videtur
702 2451 763 2471 scr.

70 2479 234 2511 Camurtiz·
249 2486 283 2512 et
293 2480 446 2512 AEserniz'
460 2484 512 2514 vel
523 2482 710 2515 AEsemini.
725 2484 763 2514 il-

65 2520 125 2552 lud
136 2526 171 2553 et
185 2523 423 2561 Manutio,hoe
437 2526 542 2555 visum
555 2526 625 2556 dac.
636 2526 764 2556 Grono-

67 2563 134 2601 vio,
151 2565 238 2604 quod
257 2565 333 2596 libri
355 2566 485 2605 quidam
508 2567 631 2598 habent
658 2568 764 2599 Ceser-

66 2606 127 2636 m':
150 2617 189 2637 ex
211 2617 277 2646 quo
299 2608 470 2639 Manutius
492 2609 556 2648 legi
572 2610 703 2642 volebat
730 2611 762 2642 C.

69 2646 218 2721 ξεζζηὶἱ,
233 2650 308 2689 quia
321 2656 356 2681 et
374 2651 564 2683 Camurtius
576 2662 767 2692 praenomen

96 2699 116 2719 a
156 2694 183 2721 t.

113 2733 133 2762 2
155 2733 181 2762 i.
197 2731 281 2763 Vete.
295 2732 422 2774 nefario
436 2740 513 2766 sunt
533 2740 574 2767 st.
586 2737 764 2777 persecuti]

73 2772 145 2804 Ulti
159 2778 253 2804 erant
271 2775 432 2813 Clodiam,
444 2781 558 2817 stupro
571 2779 769 2809 adolescenti

73 2815 188 2846 Vettio
207 2816 388 2855 inferendo,
404 2819 563 2850 instinctu
585 2823 668 2859 ejus,
684 2821 771 2860 quod

74 2866 147 2888 eam
162 2857 361 2897 deseruerat,
375 2864 409 2891 et
432 2870 558 2892 amores
577 2862 642 2893 alio
663 2868 769 2894 traus-

804 2061 974 2092 Afranium
1002 2067 1133 2102 poetam
1159 2064 1334 2103 pertinere,
1358 2066 1412 2104 qui
1437 2076 1504 2098 non

805 2113 907 2134 unam
922 2104 1067 2135 fabulam
1082 2105 1223 2145 scripsit,
1237 2107 1271 2136 in
1282 2117 1346 2146 qua
1358 2108 1397 2138 de
1411 2108 1504 2140 foedis

807 2155 982 2186 puerorum
1010 2148 1131 2187 stupris
1155 2152 1241 2178 esset
1254 2159 1263 2178 :
1288 2149 1322 2179 in
1348 2160 1412 2190 quo
1435 2161 1505 2182 esse

807 2187 939 2219 deberet
952 2187 1102 2228 Afranii,
1117 2194 1157 2220 ut
1179 2190 1215 2221 P.
1231 2190 1403 2222 Manutius
1418 2192 1505 2234 lege-

806 2230 875 2261 bat.
912 2231 1058 2262 Verbum
1073 2231 1292 2272 refricaretur
1305 2244 1373 2266 non
1387 2245 1506 2267 conve·

808 2273 858 2302 nit
874 2273 928 2302 isti
943 2275 1054 2312 generi
1069 2274 1201 2311 fabulae,
1216 2275 1272 2305 sed
1294 2276 1416 2308 indicat
1438 2288 1506 2308 ser·

806 2324 939 2345 monem
953 2325 1021 2346 esse
1036 2316 1074 2347 de
1089 2326 1123 2347 re
1138 2317 1266 2354 infami,
1280 2328 1352 2357 quae
1367 2329 1434 2350 non
1449 2321 1506 2351 diu

807 2363 884 2388 ante
907 2361 980 2388 acta
999 2362 1096 2395 esset,
1110 2361 1267 2399 cujusque
1282 2363 1441 2393 memoria
1455 2372 1505 2393 re-

807 2404 994 2431 novaretur.
1040 2401 1210 2432 Probabile
1232 2407 1294 2439 est,
1315 2413 1381 2433 rem
1406 2405 1505 2444 perti-

808 2451 884 2472 nere
908 2441 949 2472 ad
970 2442 1154 2480 Afraniam,
1177 2443 1216 2474 de
1242 2455 1305 2484 qua
1323 2446 1432 2477 Valer.
1456 2447 1505 2478 M.

805 2484 901 2522 VIII,
917 2486 949 2521 3,
964 2489 1003 2515 ut
1018 2485 1123 2516 visum
1139 2486 1239 2516 etiam
1253 2487 1421 2519 Abramio.

847 2528 868 2556 4
890 2536 929 2556 ex
948 2528 1073 2558 nullius
1095 2529 1176 2567 tegis
1198 2530 1320 2568 laqueis
1343 2531 1416 2570 &e.]
1444 2530 1505 2567 Ut,

806 2578 998 2608 quacunque
1013 2570 1084 2609 lege
1099 2576 1343 2609 accusarentur,
1359 2574 1506 2611 quamvis

806 2611 913 2642 aliena
928 2621 948 2641 a
963 2621 1072 2648 causa,
1086 2616 1200 2643 tamen
1224 2619 1357 2653 propter
1380 2615 1506 2644 malefi-

808 2654 910 2690 cium,
934 2654 1021 2693 quod
1045 2658 1243 2695 patrassent,
1267 2655 1507 2687 condemnandi

810 2700 929 2726 essent.

853 2740 871 2767 5
890 2738 1063 2777 proprium
1077 2739 1257 2778 qnoestionis
1279 2739 1416 2779 crimen]
1442 2740 1464 2770 i.
1479 2751 1508 2771 e.

811 2778 897 2818 quod
918 2780 962 2809 sit
984 2781 1052 2819 ejus
1067 2781 1268 2820 quaestionis,
1283 2791 1356 2821 quae
1378 2783 1438 2823 ipsi
1458 2783 1509 2812 in-

811 2821 971 2858 tenditur,
987 2831 1105 2862 nempe
1117 2833 1156 2854 ex
1171 2823 1242 2862 lege
1257 2823 1296 2855 de
1310 2824 1354 2862 vi,
1368 2824 1456 2865 quod
1467 2824 1510 2856 ad

812 2863 877 2894 vim
892 2864 1068 2903 pertineat.
