1812 3147
318 94 398 130 886
920 89 1168 129 ORATIO

233 183 305 235 45
319 193 451 245 dedit,
482 193 565 236 nisi
595 199 670 235 aut
699 202 909 251 egestate,
943 202 1018 235 aut
1060 193 1216 235 scelere
1246 193 1453 249 perditus.
1514 190 1642 235 Hanc
1672 208 1762 248 vos,
1787 226 1789 230 Α

318 251 560 307 pontificeS,
594 260 680 292 tam
715 252 892 302 variam,
927 260 1015 292 tam
1051 266 1209 292 novam
1252 252 1294 290 in
1333 250 1451 291 omni
1495 263 1649 305 genere
1689 249 1790 293 vo-‘-·‘v

315 309 540 361 luntatem,
580 308 907 365 impudentiam,
949 303 1193 355 audaciam,
1230 307 1513 363 cupiditatem
1564 320 1794 363 compro-,

315 366 506 407 habitis?

377 421 597 475 Pontifex,
620 422 776 477 inquit,
799 421 936 462 affuit.
998 421 1100 462 Non
1133 428 1174 462 te
1208 421 1352 476 pudet,
1379 435 1476 462 cum
1509 419 1622 475 apud
1655 435 1761 475 pon·
1792 453 1793 458 ,

315 479 452 520 tifices
484 494 548 520 res
578 489 744 535 agatur,
768 478 1019 535 pontificem
1050 479 1206 527 dicere,
1237 492 1321 518 non
1353 477 1582 532 collegium
1620 478 1795 532 pontia-2

314 536 444 577 ficum
467 536 663 577 affuisse:
697 537 935 591 praesertim
958 550 1056 576 cum
1078 535 1276 575 tribunus
1300 534 1450 590 plebis,
1474 533 1538 574 vel
1560 533 1795 582 denunti-1*

314 608 384 634 are
417 594 620 648 potueris,
654 592 720 633 vel
750 592 880 633 etiam
911 594 1094 647 cogere?
1138 591 1267 632 Esto:
1306 590 1536 645 collegium
1567 605 1652 630 non
1685 592 1795 642 acl-'12

313 649 511 690 hibuisti.
542 649 673 705 quid?
704 649 757 690 de
790 648 973 703 collegio
1015 649 1109 703 quis
1153 648 1322 689 tandem
1366 647 1517 688 affuit?
1558 642 1792 702 posuerat³

180 732 213 763 p.
230 722 300 755 237.
313 707 427 748 enim
449 706 752 747 auctoritatem
783 706 826 746 in
858 720 957 746 uno.
980 720 1076 760 quae
1100 716 1164 745 est
1189 706 1230 745 in
1255 703 1319 744 his
1342 704 1566 744 omnibus:
1599 705 1671 746 sed
1699 714 1782 747 ta-'

270 774 301 794 a.
315 779 408 804 men
441 772 572 819 auget
602 772 646 803 et
677 772 780 804 aetas
812 772 856 803 et
889 762 1024 802 honos
1060 762 1335 818 dignitatem.
1380 775 1488 816 opus
1513 769 1604 801 erat
1628 759 1758 803 etiam

315 821 516 863 scientia:
550 835 677 875 quam
701 820 779 861 etsi
800 834 947 860 omncs
970 819 1189 860 consecuti
1214 827 1327 869 sunt,
1350 826 1493 858 tamen
1515 827 1630 859 certe
1648 819 1759 873 peri-

228 892 301 926 113
315 879 442 919 tiores
476 887 662 918 vetustas
702 877 821 917 facit.
884 875 994 922 Quis
1025 890 1127 931 ergo
1170 875 1322 916 affuit?
1352 879 1394 909 99
1409 874 1570 924 Frater,
1603 874 1757 929 inquit,

313 935 460 976 uxoris
483 949 606 975 meze.
666 934 711 974 Si
734 933 1035 974 auctoritatem
1057 933 1304 987 quaerimus,
1326 932 1406 972 etsi
1440 932 1481 972 id
1512 940 1573 971 est
1601 932 1756 984 aetatis,

311 1002 359 1033 ut
381 992 570 1033 nondum
594 1001 848 1032 consecutus
872 990 952 1030 sit:
984 1000 1127 1030 tamen
1150 998 1311 1044 quanta
1332 997 1394 1028 est
1424 988 1464 1028 in
1488 988 1756 1029 adolescente
1791 1008 1793 1011 ’

310 1049 558 1099 auctoritas,
592 1062 655 1099 ea,
699 1056 873 1103 propter
915 1056 1078 1087 tantam
1121 1045 1471 1100 conjunctionem
1516 1045 1755 1097 affinitatis,
1792 1068 1793 1072 =

309 1107 451 1148 minor
472 1115 536 1147 est
555 1105 759 1160 putanda.
784 1105 848 1145 sin
867 1114 1007 1144 autem
1027 1103 1206 1144 scientia
1224 1114 1286 1143 est
1310 1102 1515 1158 quaesita:
1546 1102 1641 1157 quis
1663 1111 1755 1144 erat

308 1164 451 1204 minus
485 1164 660 1218 perituS,
699 1176 827 1217 quam
868 1161 918 1211 is,
949 1161 1022 1214 qui
1057 1160 1202 1215 paucis
1247 1160 1326 1200 illis
1365 1160 1515 1200 diebus
1549 1159 1588 1199 in
1625 1159 1755 1201 colle-

309 1221 430 1275 gium
455 1223 652 1261 venerat?
684 1219 755 1273 qui
775 1218 903 1258 ctiam
923 1218 1000 1258 tibi
1023 1228 1112 1257 erat
1131 1217 1268 1272 magis
1288 1217 1518 1257 obstrictus
1546 1216 1754 1258 beneficio

309 1278 486 1326 recenti,
520 1291 618 1317 cum
661 1290 719 1326 se,
760 1275 933 1316 fratrem
966 1275 1110 1315 uxoris
1155 1286 1254 1323 tuen,
1286 1272 1404 1314 fratri
1447 1283 1520 1313 tuo
1542 1287 1748 1329 germano

309 1334 544 1375 antelatum
566 1333 752 1374 videbat.
775 1332 855 1373 etsi
889 1332 932 1372 in
965 1346 1015 1372 eo
1051 1330 1290 1386 providisti,
1312 1345 1365 1370 ne
1396 1329 1526 1370 frater
1558 1341 1598 1371 te
1627 1345 1752 1371 accu-

309 1405 400 1431 sare
423 1400 580 1447 posset.
627 1390 754 1430 Hanc
778 1398 822 1430 tu
846 1389 978 1444 igitur
997 1388 1311 1429 dedicationem
1334 1387 1534 1442 appellas,
1555 1387 1604 1428 ad
1623 1402 1752 1442 quam

309 1463 395 1489 non
438 1447 682 1502 collegium,
724 1462 810 1487 non
853 1446 1086 1486 honoribus
1126 1444 1273 1501 populi
1320 1444 1502 1484 Romani
1554 1454 1753 1485 ornatum

310 1505 577 1561 pontificem,
606 1519 691 1545 non
723 1503 907 1558 denique
934 1506 991 1533 ¹00
1006 1502 1318 1543 adolescentem
1351 1515 1623 1556 quemquam,
1654 1516 1754 1542 cum

311 1563 491 1603 haberes
525 1562 567 1602 in
597 1561 780 1617 collegio
813 1559 1179 1609 familiarissimos,
1202 1559 1405 1599 adhibere
1435 1559 1641 1613 potuisti?
1672 1557 1753 1599 Af-

313 1619 397 1660 fuit
428 1620 477 1670 is,
516 1619 550 1659 si
580 1619 710 1660 modo
741 1617 879 1668 affuit,
910 1631 1037 1672 quem
1079 1625 1124 1656 tu
1156 1615 1379 1671 impulisti,
1405 1629 1523 1655 soror
1566 1617 1751 1670 rogavit,

229 1683 450 1718 119mate1·
481 1676 642 1732 coegit.
702 1675 857 1716 Videte
896 1674 1043 1730 igitur,
1074 1673 1316 1729 pontifices,
1345 1671 1446 1726 quid
1480 1672 1676 1713 statuatis
1707 1672 1752 1714 in

312 1748 408 1775 mea
431 1748 559 1774 causa
587 1733 640 1773 de
661 1732 851 1773 omnium
877 1730 1074 1772 fortunis.
1130 1733 1140 1760 ¹
1161 1730 1332 1785 Ergone
1356 1728 1603 1785 pontificem
1629 1738 1753 1785 puta-

312 1791 381 1842 tis,
405 1791 437 1831 si
471 1791 504 1831 is
536 1799 704 1846 postem
736 1788 921 1831 tenuerit
951 1800 994 1829 et
1025 1786 1183 1841 aliquid
1214 1787 1386 1836 dixerit,
1409 1787 1583 1827 domum
1608 1786 1754 1826 unius-

312 1848 520 1903 cujusque
552 1860 801 1888 consecrare
833 1848 985 1902 posse?
1019 1844 1111 1884 2Αῑ
1134 1844 1227 1885 istae
1251 1843 1556 1891 dedicationes,
1578 1852 1621 1883 et
1644 1851 1752 1884 tem-

311 1906 479 1962 plorum
511 1913 554 1945 et
583 1904 856 1945 delubrorum
888 1902 1129 1958 religiones,
1151 1901 1201 1942 ad
1235 1901 1441 1941 honorem
1472 1899 1648 1940 deorum
1671 1900 1752 1940 im-

311 1961 572 2012 mortalium,
594 1961 684 2002 sine
705 1960 787 2002 ulla
808 1960 969 2002 civium
999 1958 1242 2000 calamitate
1273 1973 1298 1998 a
1327 1957 1562 2012 majoribus
1593 1957 1750 1998 nostris

229 436 301 474 117

351 2079 392 2110 99
414 2075 653 2106 Bataua-oris
668 2073 757 2114 meae]
774 2074 912 2104 Pinariae
923 2083 965 2103 sc.
977 2083 1006 2103 v.

309 2116 462 2149 Perizon.
477 2117 647 2147 Animadv.
662 2117 739 2148 hist.
754 2127 783 2146 c.
800 2119 830 2147 5.
847 2126 878 2155 p.
894 2118 965 2147 5200.

341 2162 401 2190 100
415 2160 643 2189 adolescentem
655 2160 724 2198 qm]
743 2158 921 2188 Lambinus
936 2157 1009 2188 addi

310 2202 440 2232 volebat
457 2202 619 2232 scientem.
644 2201 714 2240 Ego
727 2200 876 2239 intelligo
889 2201 1007 2235 alium,

310 2244 410 2283 quod,
433 2247 471 2273 ut
493 2254 545 2284 ap.
565 2243 696 2274 Graecos
718 2243 824 2280 ἄλλος,
841 2243 1005 2272 interdum

310 2286 489 2316 omittitur.

369 2331 381 2357 l
422 2328 563 2358 Verbone
592 2327 811 2367 pontfiees—
823 2335 1008 2355 consecrare

306 2369 408 2409 posse]
427 2369 566 2400 ls'erhone
575 2369 743 2411 pontzflces
756 2369 877 2398 habent
892 2376 1004 2396 omncs

308 2412 383 2442 edd.
400 2422 450 2451 pr.
476 2418 594 2452 praeter
616 2411 668 2442 W.
691 2420 761 2449 quse
788 2410 887 2440 habet
911 2409 1005 2447 Ergo

310 2463 374 2490 me,
389 2454 503 2485 vitiose
518 2463 575 2494 pro
590 2452 738 2491 Ergone.
783 2452 913 2481 Eaedcm
936 2460 1006 2480 om-

309 2505 367 2526 nes
382 2496 574 2526 consecrari.
620 2495 746 2524 Primus
758 2493 921 2524 ‘Victorius
933 2502 1005 2522 con-

310 2547 450 2574 secrare,
463 2538 547 2568 forte
563 2536 641 2566 vitio
657 2546 838 2576 operarum.
883 2535 918 2565 P.
934 2534 968 2564 M
974 2545 1006 2563 a-

313 2581 425 2610 nutius
449 2582 539 2610 1540.
561 2578 662 2609 edidit
683 2588 796 2608 verone
819 2587 876 2617 per
899 2577 1005 2615 conje—

311 2627 451 2653 cturam.
495 2622 563 2652 Viri
579 2621 665 2651 docti
681 2622 847 2659 coniecere
867 2619 1007 2648 ‚fh-bone

305 2664 479 2705 pontificis.
530 2662 592 2693 Sed
614 2662 758 2692 Graevius
782 2663 813 2691 in
839 2661 916 2691 Mss.
941 2661 1006 2690 suis

310 2707 430 2746 reperit
458 2705 605 2744 Ergone,
627 2704 713 2743 quod
742 2708 775 2734 ct
807 2704 869 2733 Ms.
897 2702 1006 2732 Guelf.

310 2749 422 2784 habet,
436 2749 515 2777 item
533 2749 725 2777 consecrat-2.
770 2746 814 2776 Et
836 2746 897 2775 hoe
922 2754 1008 2774 rece-

309 2791 358 2830 pit
386 2790 544 2819 Graevius.
590 2789 659 2827 Ego
690 2797 807 2827 anceps
836 2787 890 2817 diu
918 2786 1007 2816 haesi.

312 2832 453 2863 Verboue
467 2840 578 2862 verum
590 2840 656 2861 esse
671 2840 737 2861 non
750 2834 870 2871 potest,
887 2829 963 2868 quia
977 2827 1010 2859 id

1050 2071 1165 2101 statim
1192 2074 1266 2110 post
1298 2073 1360 2107 cst,
1396 2071 1423 2099 si
1459 2069 1585 2107 aliquid
1618 2070 1749 2101 dixerit.

1051 2113 1229 2153 Ponlg'fices
1242 2122 1336 2153 porro
1347 2121 1457 2142 verum
1471 2121 1538 2141 esse
1554 2120 1619 2140 non
1631 2116 1752 2151 potest.

1052 2165 1128 2185 nam
1151 2160 1369 2194 praeterquam
1391 2153 1476 2192 qnod
1500 2154 1525 2183 is
1548 2163 1614 2183 non
1637 2153 1750 2190 habet,

1053 2208 1116 2236 quo
1139 2196 1319 2232 referatur;
1348 2206 1424 2226 nam
1448 2195 1488 2225 ad
1509 2196 1677 2235 superiora
1699 2205 1750 2226 re-

1049 2240 1125 2269 ferri
1141 2248 1207 2268 non
1231 2242 1351 2277 potest,
1369 2238 1444 2276 quia
1473 2237 1524 2266 hic
1549 2247 1614 2267 non
1639 2244 1689 2267 est
1711 2237 1752 2268 de

1051 2281 1108 2311 illo
1131 2281 1286 2320 pontifice
1309 2279 1467 2311 Clodiano
1489 2288 1609 2315 serum,
1631 2279 1685 2309 sed
1708 2279 1749 2310 de

1050 2328 1123 2353 toto
1138 2332 1276 2362 genere-3
1301 2331 1376 2351 mot<
1396 2321 1559 2362 praecessit
1568 2321 1750 2360 pontifices,

1048 2369 1081 2395 et
1106 2365 1220 2403 frigide
1244 2364 1412 2403 repetitur.
1459 2363 1543 2392 Puto
1571 2372 1647 2400 ergo
1670 2363 1750 2393 scri-

1048 2406 1190 2436 bendum
1204 2418 1210 2435 :
1234 2405 1371 2443 Ergone
1379 2405 1565 2445 pontificem
1573 2406 1746 2444 putatis—

1049 2458 1234 2478 consecrare
1241 2457 1330 2486 posse
1341 2448 1356 2476 .⁹
1371 2453 1429 2477 aut
1444 2447 1539 2485 Ergo
1545 2456 1607 2486 per
1616 2446 1750 2487 P⁰¹²²ffi7

1048 2500 1338 2520 cem-cunsem·arz
1358 2499 1456 2527 posse,
1479 2498 1554 2527 quia
1580 2498 1613 2517 m
1643 2498 1748 2519 com-e-

1049 2533 1139 2562 ηανξ
1154 2541 1266 2562 omnes
1283 2531 1363 2561 Mss.
1380 2537 1414 2561 et
1428 2530 1498 2561 edd.
1522 2535 1646 2560 veteres
1668 2540 1748 2561 con-

1049 2575 1208 2604 sentiunt.
1255 2574 1331 2603 Mox
1355 2579 1404 2603 est
1421 2572 1678 2613 per-pontificem
1694 2573 1749 2602 de-

1050 2617 1169 2645 dicare.
1214 2615 1344 2645 Interea
1371 2615 1451 2644 ii'ud
1480 2615 1597 2654 recepi,
1620 2614 1654 2644 in
1681 2623 1746 2653 quo

1050 2668 1117 2688 una
1133 2657 1227 2687 modo
1241 2657 1336 2687 litera
1350 2668 1368 2686 a
1385 2667 1436 2686 me
1452 2662 1512 2686 est.

1093 2702 1112 2730 2
1134 2700 1187 2729 An
1209 2699 1291 2738 istoe]
1320 2699 1420 2729 Recte
1443 2698 1587 2727 Graevius
1609 2697 1744 2736 corrigit

1050 2742 1095 2772 At
1108 2743 1177 2772 istoe
1190 2742 1248 2773 ἃς.
1280 2741 1390 2773 Nexus
1403 2740 1558 2772 orationis
1573 2740 1620 2770 ita
1635 2744 1746 2781 postu·

1052 2783 1110 2816 lat.
