<?xml version="1.0" encoding="UTF-8"?>
<!DOCTYPE html PUBLIC "-//W3C//DTD XHTML 1.0 Transitional//EN"
    "http://www.w3.org/TR/xhtml1/DTD/xhtml1-transitional.dtd">
<html xmlns="http://www.w3.org/1999/xhtml" xml:lang="en" lang="en">
 <head>
  <title>
</title>
<meta http-equiv="Content-Type" content="text/html;charset=utf-8" />
  <meta name='ocr-system' content='tesseract 3.04.00' />
  <meta name='ocr-capabilities' content='ocr_page ocr_carea ocr_par ocr_line ocrx_word'/>
</head>
<body>
  <div class='ocr_page' id='page_1' title='image "./p2operaomnia02ciceuoft_0414.png"; bbox 0 0 1817 3169; ppageno 0'>
   <div class='ocr_carea' id='block_1_1' title="bbox 307 119 1146 159">
    <p class='ocr_par' dir='ltr' id='par_1_1' title="bbox 307 119 1146 159">
     <span class='ocr_line' id='line_1_1' title="bbox 307 119 1146 159; baseline 0 -1"><span class='ocrx_word' id='word_1_1' title='bbox 307 122 407 158; x_wconf 78' lang='lat'><strong>1130</strong></span> <span class='ocrx_word' id='word_1_2' title='bbox 898 119 1146 159; x_wconf 83' lang='lat' dir='ltr'><strong>ORATIO</strong></span> 
     </span>
    </p>
   </div>
   <div class='ocr_carea' id='block_1_2' title="bbox 226 214 1735 1986">
    <p class='ocr_par' dir='ltr' id='par_1_2' title="bbox 240 214 1734 564">
     <span class='ocr_line' id='line_1_2' title="bbox 240 214 1734 281; baseline 0.002 -18"><span class='ocrx_word' id='word_1_3' title='bbox 240 222 291 264; x_wconf 78' lang='lat'>32</span> <span class='ocrx_word' id='word_1_4' title='bbox 304 222 490 264; x_wconf 83' lang='lat' dir='ltr'>furorem</span> <span class='ocrx_word' id='word_1_5' title='bbox 524 214 889 279; x_wconf 84' lang='lat' dir='ltr'>petulantiamque</span> <span class='ocrx_word' id='word_1_6' title='bbox 920 224 1123 281; x_wconf 83' lang='lat' dir='ltr'><strong>fregistis.</strong></span> <span class='ocrx_word' id='word_1_7' title='bbox 1183 222 1247 265; x_wconf 92' lang='lat' dir='ltr'>Tu</span> <span class='ocrx_word' id='word_1_8' title='bbox 1281 222 1443 264; x_wconf 85' lang='lat' dir='ltr'>luctum</span> <span class='ocrx_word' id='word_1_9' title='bbox 1476 231 1661 274; x_wconf 75' lang='lat' dir='ltr'>senatus,</span> <span class='ocrx_word' id='word_1_10' title='bbox 1683 230 1734 269; x_wconf 70' lang='lat' dir='ltr'>tu,</span> 
     </span>
     <span class='ocr_line' id='line_1_3' title="bbox 303 280 1733 337; baseline 0.001 -17"><span class='ocrx_word' id='word_1_11' title='bbox 303 280 558 321; x_wconf 85' lang='lat' dir='ltr'>desiderium</span> <span class='ocrx_word' id='word_1_12' title='bbox 592 282 798 337; x_wconf 83' lang='lat' dir='ltr'>equestris</span> <span class='ocrx_word' id='word_1_13' title='bbox 830 281 1005 333; x_wconf 87' lang='lat' dir='ltr'><strong>ordinis,</strong></span> <span class='ocrx_word' id='word_1_14' title='bbox 1039 292 1085 323; x_wconf 89' lang='lat' dir='ltr'>tu</span> <span class='ocrx_word' id='word_1_15' title='bbox 1119 281 1355 336; x_wconf 83' lang='lat' dir='ltr'>squalorem</span> <span class='ocrx_word' id='word_1_16' title='bbox 1392 280 1543 331; x_wconf 81' lang='lat' dir='ltr'>Italiae,</span> <span class='ocrx_word' id='word_1_17' title='bbox 1577 290 1624 321; x_wconf 90' lang='lat' dir='ltr'>tu</span> <span class='ocrx_word' id='word_1_18' title='bbox 1656 296 1733 322; x_wconf 67' lang='lat' dir='ltr'>cu⁴</span> 
     </span>
     <span class='ocr_line' id='line_1_4' title="bbox 303 338 1733 394; baseline 0.001 -17"><span class='ocrx_word' id='word_1_19' title='bbox 303 338 379 378; x_wconf 84' lang='lat' dir='ltr'>riae</span> <span class='ocrx_word' id='word_1_20' title='bbox 413 338 747 380; x_wconf 84' lang='lat' dir='ltr'>taciturnitatem</span> <span class='ocrx_word' id='word_1_21' title='bbox 779 353 978 389; x_wconf 82' lang='lat' dir='ltr'>annuam,</span> <span class='ocrx_word' id='word_1_22' title='bbox 1012 348 1055 380; x_wconf 84' lang='lat' dir='ltr'>tu</span> <span class='ocrx_word' id='word_1_23' title='bbox 1088 338 1301 380; x_wconf 89' lang='lat' dir='ltr'>silentium</span> <span class='ocrx_word' id='word_1_24' title='bbox 1335 348 1587 394; x_wconf 88' lang='lat' dir='ltr'>perpetuum</span> <span class='ocrx_word' id='word_1_25' title='bbox 1611 338 1733 393; x_wconf 80' lang='lat' dir='ltr'>judi-</span> 
     </span>
     <span class='ocr_line' id='line_1_5' title="bbox 304 394 1732 451; baseline 0.001 -16"><span class='ocrx_word' id='word_1_26' title='bbox 304 394 468 436; x_wconf 86' lang='lat' dir='ltr'>ciorum</span> <span class='ocrx_word' id='word_1_27' title='bbox 491 409 541 436; x_wconf 90' lang='lat' dir='ltr'>ac</span> <span class='ocrx_word' id='word_1_28' title='bbox 563 395 660 447; x_wconf 86' lang='lat' dir='ltr'>fori,</span> <span class='ocrx_word' id='word_1_29' title='bbox 683 405 727 436; x_wconf 90' lang='lat' dir='ltr'>tu</span> <span class='ocrx_word' id='word_1_30' title='bbox 751 405 892 436; x_wconf 86' lang='lat' dir='ltr'>cetera</span> <span class='ocrx_word' id='word_1_31' title='bbox 912 396 985 436; x_wconf 82' lang='lat' dir='ltr'>illa</span> <span class='ocrx_word' id='word_1_32' title='bbox 1016 395 1057 437; x_wconf 90' lang='lat' dir='ltr'>in</span> <span class='ocrx_word' id='word_1_33' title='bbox 1089 395 1304 436; x_wconf 81' lang='lat' dir='ltr'>maledicti</span> <span class='ocrx_word' id='word_1_34' title='bbox 1338 395 1432 436; x_wconf 84' lang='lat' dir='ltr'>loco</span> <span class='ocrx_word' id='word_1_35' title='bbox 1464 409 1610 451; x_wconf 88' lang='lat' dir='ltr'>pones,</span> <span class='ocrx_word' id='word_1_36' title='bbox 1633 409 1732 450; x_wconf 81' lang='lat' dir='ltr'>quae</span> 
     </span>
     <span class='ocr_line' id='line_1_6' title="bbox 304 451 1733 508; baseline 0 -16"><span class='ocrx_word' id='word_1_37' title='bbox 304 465 423 492; x_wconf 89' lang='lat' dir='ltr'>meus</span> <span class='ocrx_word' id='word_1_38' title='bbox 445 452 654 494; x_wconf 81' lang='lat' dir='ltr'>discessus</span> <span class='ocrx_word' id='word_1_39' title='bbox 682 452 928 508; x_wconf 78' lang='lat' dir='ltr'>reipublicae</span> <span class='ocrx_word' id='word_1_40' title='bbox 952 452 1124 493; x_wconf 82' lang='lat' dir='ltr'>vulnera</span> <span class='ocrx_word' id='word_1_41' title='bbox 1157 452 1342 493; x_wconf 76' lang='lat' dir='ltr'>inflixit?</span> <span class='ocrx_word' id='word_1_42' title='bbox 1375 452 1462 498; x_wconf 73' lang='lat' dir='ltr'>Qui</span> <span class='ocrx_word' id='word_1_43' title='bbox 1495 452 1527 492; x_wconf 91' lang='lat' dir='ltr'>si</span> <span class='ocrx_word' id='word_1_44' title='bbox 1560 451 1733 492; x_wconf 88' lang='lat' dir='ltr'>calami·</span> 
     </span>
     <span class='ocr_line' id='line_1_7' title="bbox 304 509 1734 564; baseline 0 -15"><span class='ocrx_word' id='word_1_45' title='bbox 304 509 542 550; x_wconf 88' lang='lat' dir='ltr'>tosissimus</span> <span class='ocrx_word' id='word_1_46' title='bbox 574 509 754 559; x_wconf 83' lang='lat' dir='ltr'>fuisset3</span> <span class='ocrx_word' id='word_1_47' title='bbox 786 520 928 550; x_wconf 83' lang='lat' dir='ltr'>tamen</span> <span class='ocrx_word' id='word_1_48' title='bbox 960 509 1249 550; x_wconf 81' lang='lat' dir='ltr'>misericordia</span> <span class='ocrx_word' id='word_1_49' title='bbox 1272 509 1457 564; x_wconf 83' lang='lat' dir='ltr'>dignior,</span> <span class='ocrx_word' id='word_1_50' title='bbox 1479 523 1606 563; x_wconf 90' lang='lat' dir='ltr'>quam</span> <span class='ocrx_word' id='word_1_51' title='bbox 1630 523 1734 549; x_wconf 91' lang='lat' dir='ltr'>con-</span> 
     </span>
    </p>

    <p class='ocr_par' dir='ltr' id='par_1_3' title="bbox 258 565 1732 1076">
     <span class='ocr_line' id='line_1_8' title="bbox 258 565 1731 622; baseline -0.001 -15"><span class='ocrx_word' id='word_1_52' title='bbox 258 566 494 617; x_wconf 55' lang='lat' dir='ltr'>utumelia,</span> <span class='ocrx_word' id='word_1_53' title='bbox 520 575 563 607; x_wconf 88' lang='lat' dir='ltr'>et</span> <span class='ocrx_word' id='word_1_54' title='bbox 592 582 690 608; x_wconf 89' lang='lat' dir='ltr'>cum</span> <span class='ocrx_word' id='word_1_55' title='bbox 722 565 858 622; x_wconf 82' lang='lat' dir='ltr'>gloria</span> <span class='ocrx_word' id='word_1_56' title='bbox 888 566 1030 621; x_wconf 86' lang='lat' dir='ltr'>potius</span> <span class='ocrx_word' id='word_1_57' title='bbox 1061 580 1150 607; x_wconf 83' lang='lat' dir='ltr'>esse</span> <span class='ocrx_word' id='word_1_58' title='bbox 1181 565 1452 620; x_wconf 79' lang='lat' dir='ltr'>conjunctus,</span> <span class='ocrx_word' id='word_1_59' title='bbox 1473 581 1601 620; x_wconf 85' lang='lat' dir='ltr'>quam</span> <span class='ocrx_word' id='word_1_60' title='bbox 1633 579 1731 606; x_wconf 88' lang='lat' dir='ltr'>cum</span> 
     </span>
     <span class='ocr_line' id='line_1_9' title="bbox 304 621 1732 679; baseline -0.001 -15"><span class='ocrx_word' id='word_1_61' title='bbox 304 623 461 678; x_wconf 90' lang='lat' dir='ltr'>probro</span> <span class='ocrx_word' id='word_1_62' title='bbox 484 632 718 679; x_wconf 85' lang='lat' dir='ltr'>putaretur,</span> <span class='ocrx_word' id='word_1_63' title='bbox 741 632 869 676; x_wconf 88' lang='lat' dir='ltr'>atque</span> <span class='ocrx_word' id='word_1_64' title='bbox 893 622 975 672; x_wconf 90' lang='lat' dir='ltr'>ille,</span> <span class='ocrx_word' id='word_1_65' title='bbox 998 621 1119 663; x_wconf 89' lang='lat' dir='ltr'>dolor</span> <span class='ocrx_word' id='word_1_66' title='bbox 1150 636 1266 662; x_wconf 88' lang='lat' dir='ltr'>meus</span> <span class='ocrx_word' id='word_1_67' title='bbox 1297 622 1522 672; x_wconf 78' lang='lat' dir='ltr'>duntaxat,</span> <span class='ocrx_word' id='word_1_68' title='bbox 1545 631 1732 662; x_wconf 86' lang='lat' dir='ltr'>vestrum</span> 
     </span>
     <span class='ocr_line' id='line_1_10' title="bbox 302 678 1730 734; baseline 0 -14"><span class='ocrx_word' id='word_1_69' title='bbox 302 680 476 734; x_wconf 90' lang='lat' dir='ltr'>quidem</span> <span class='ocrx_word' id='word_1_70' title='bbox 510 680 644 721; x_wconf 88' lang='lat' dir='ltr'>scelus</span> <span class='ocrx_word' id='word_1_71' title='bbox 678 694 727 720; x_wconf 83' lang='lat' dir='ltr'>ac</span> <span class='ocrx_word' id='word_1_72' title='bbox 758 679 941 720; x_wconf 85' lang='lat' dir='ltr'>dedecus</span> <span class='ocrx_word' id='word_1_73' title='bbox 975 679 1215 720; x_wconf 82' lang='lat' dir='ltr'>haberetur.</span> <span class='ocrx_word' id='word_1_74' title='bbox 1251 693 1349 719; x_wconf 85' lang='lat' dir='ltr'>cum</span> <span class='ocrx_word' id='word_1_75' title='bbox 1384 693 1496 728; x_wconf 79' lang='lat' dir='ltr'>vero,</span> <span class='ocrx_word' id='word_1_76' title='bbox 1531 678 1730 732; x_wconf 77' lang='lat' dir='ltr'>(forsitan</span> 
     </span>
     <span class='ocr_line' id='line_1_11' title="bbox 303 735 1732 791; baseline 0 -14"><span class='ocrx_word' id='word_1_77' title='bbox 303 736 401 787; x_wconf 90' lang='lat' dir='ltr'>hoc,</span> <span class='ocrx_word' id='word_1_78' title='bbox 424 737 537 791; x_wconf 88' lang='lat' dir='ltr'>quod</span> <span class='ocrx_word' id='word_1_79' title='bbox 570 737 760 777; x_wconf 85' lang='lat' dir='ltr'>dicturus</span> <span class='ocrx_word' id='word_1_80' title='bbox 783 750 890 786; x_wconf 88' lang='lat' dir='ltr'>sum,</span> <span class='ocrx_word' id='word_1_81' title='bbox 913 735 1105 776; x_wconf 84' lang='lat' dir='ltr'>mirabile</span> <span class='ocrx_word' id='word_1_82' title='bbox 1136 736 1282 777; x_wconf 86' lang='lat' dir='ltr'>auditu</span> <span class='ocrx_word' id='word_1_83' title='bbox 1315 750 1404 776; x_wconf 88' lang='lat' dir='ltr'>esse</span> <span class='ocrx_word' id='word_1_84' title='bbox 1429 735 1634 784; x_wconf 80' lang='lat' dir='ltr'>videatur,</span> <span class='ocrx_word' id='word_1_85' title='bbox 1658 735 1732 777; x_wconf 86' lang='lat' dir='ltr'>sed</span> 
     </span>
     <span class='ocr_line' id='line_1_12' title="bbox 304 790 1731 848; baseline -0.001 -14"><span class='ocrx_word' id='word_1_86' title='bbox 304 802 419 834; x_wconf 88' lang='lat' dir='ltr'>certe</span> <span class='ocrx_word' id='word_1_87' title='bbox 453 793 492 835; x_wconf 86' lang='lat' dir='ltr'>id</span> <span class='ocrx_word' id='word_1_88' title='bbox 525 794 681 844; x_wconf 81' lang='lat' dir='ltr'>dicam,</span> <span class='ocrx_word' id='word_1_89' title='bbox 716 793 831 848; x_wconf 91' lang='lat' dir='ltr'>quod</span> <span class='ocrx_word' id='word_1_90' title='bbox 865 793 1036 842; x_wconf 87' lang='lat' dir='ltr'>sentio‚)</span> <span class='ocrx_word' id='word_1_91' title='bbox 1069 807 1167 834; x_wconf 87' lang='lat' dir='ltr'>cum</span> <span class='ocrx_word' id='word_1_92' title='bbox 1202 793 1330 833; x_wconf 84' lang='lat' dir='ltr'>tantis</span> <span class='ocrx_word' id='word_1_93' title='bbox 1363 807 1388 832; x_wconf 77' lang='lat' dir='ltr'>a</span> <span class='ocrx_word' id='word_1_94' title='bbox 1422 790 1557 842; x_wconf 90' lang='lat' dir='ltr'>vobis,</span> <span class='ocrx_word' id='word_1_95' title='bbox 1590 802 1731 848; x_wconf 86' lang='lat' dir='ltr'>patres</span> 
     </span>
     <span class='ocr_line' id='line_1_13' title="bbox 304 848 1731 906; baseline -0.001 -16"><span class='ocrx_word' id='word_1_96' title='bbox 304 850 553 906; x_wconf 85' lang='lat' dir='ltr'>conscripti,</span> <span class='ocrx_word' id='word_1_97' title='bbox 587 849 805 890; x_wconf 83' lang='lat' dir='ltr'>beneficiis</span> <span class='ocrx_word' id='word_1_98' title='bbox 837 848 1014 891; x_wconf 84' lang='lat' dir='ltr'>affectus</span> <span class='ocrx_word' id='word_1_99' title='bbox 1053 851 1147 900; x_wconf 74' lang='lat' dir='ltr'>sim,</span> <span class='ocrx_word' id='word_1_100' title='bbox 1185 850 1312 890; x_wconf 85' lang='lat' dir='ltr'>tantis</span> <span class='ocrx_word' id='word_1_101' title='bbox 1348 849 1613 890; x_wconf 79' lang='lat' dir='ltr'>honoribus:</span> <span class='ocrx_word' id='word_1_102' title='bbox 1645 863 1731 890; x_wconf 87' lang='lat' dir='ltr'>non</span> 
     </span>
     <span class='ocr_line' id='line_1_14' title="bbox 304 905 1730 960; baseline -0.001 -12"><span class='ocrx_word' id='word_1_103' title='bbox 304 907 434 948; x_wconf 84' lang='lat' dir='ltr'>modo</span> <span class='ocrx_word' id='word_1_104' title='bbox 467 907 579 948; x_wconf 87' lang='lat' dir='ltr'>illam</span> <span class='ocrx_word' id='word_1_105' title='bbox 611 907 897 948; x_wconf 81' lang='lat' dir='ltr'>calamitatem</span> <span class='ocrx_word' id='word_1_106' title='bbox 928 920 1017 947; x_wconf 80' lang='lat' dir='ltr'>esse</span> <span class='ocrx_word' id='word_1_107' title='bbox 1050 921 1130 948; x_wconf 82' lang='lat' dir='ltr'>uon</span> <span class='ocrx_word' id='word_1_108' title='bbox 1164 908 1289 957; x_wconf 83' lang='lat' dir='ltr'>duco,</span> <span class='ocrx_word' id='word_1_109' title='bbox 1312 907 1398 956; x_wconf 82' lang='lat' dir='ltr'>scd,</span> <span class='ocrx_word' id='word_1_110' title='bbox 1428 906 1459 945; x_wconf 87' lang='lat' dir='ltr'>si</span> <span class='ocrx_word' id='word_1_111' title='bbox 1491 905 1591 960; x_wconf 91' lang='lat' dir='ltr'>quid</span> <span class='ocrx_word' id='word_1_112' title='bbox 1624 905 1730 946; x_wconf 88' lang='lat' dir='ltr'>mihi</span> 
     </span>
     <span class='ocr_line' id='line_1_15' title="bbox 305 963 1731 1020; baseline -0.001 -16"><span class='ocrx_word' id='word_1_113' title='bbox 305 973 447 1020; x_wconf 86' lang='lat' dir='ltr'>potest</span> <span class='ocrx_word' id='word_1_114' title='bbox 471 979 495 1004; x_wconf 87' lang='lat' dir='ltr'>a</span> <span class='ocrx_word' id='word_1_115' title='bbox 515 964 733 1019; x_wconf 86' lang='lat' dir='ltr'>republica</span> <span class='ocrx_word' id='word_1_116' title='bbox 754 977 843 1004; x_wconf 80' lang='lat' dir='ltr'>esse</span> <span class='ocrx_word' id='word_1_117' title='bbox 866 963 1120 1018; x_wconf 84' lang='lat' dir='ltr'>sejunctum,</span> <span class='ocrx_word' id='word_1_118' title='bbox 1143 965 1256 1018; x_wconf 83' lang='lat' dir='ltr'>quod</span> <span class='ocrx_word' id='word_1_119' title='bbox 1282 965 1351 1003; x_wconf 75' lang='lat' dir='ltr'>vix</span> <span class='ocrx_word' id='word_1_120' title='bbox 1387 973 1527 1018; x_wconf 83' lang='lat' dir='ltr'>potest</span> <span class='ocrx_word' id='word_1_121' title='bbox 1547 979 1559 1013; x_wconf 87' lang='lat'>;</span> <span class='ocrx_word' id='word_1_122' title='bbox 1590 963 1731 1018; x_wconf 87' lang='lat' dir='ltr'>priva·</span> 
     </span>
     <span class='ocr_line' id='line_1_16' title="bbox 306 1019 1729 1076; baseline -0.001 -15"><span class='ocrx_word' id='word_1_123' title='bbox 306 1022 383 1062; x_wconf 87' lang='lat' dir='ltr'>tim</span> <span class='ocrx_word' id='word_1_124' title='bbox 406 1021 457 1061; x_wconf 86' lang='lat' dir='ltr'>ad</span> <span class='ocrx_word' id='word_1_125' title='bbox 480 1034 618 1061; x_wconf 90' lang='lat' dir='ltr'>meum</span> <span class='ocrx_word' id='word_1_126' title='bbox 655 1034 808 1061; x_wconf 86' lang='lat' dir='ltr'>nomen</span> <span class='ocrx_word' id='word_1_127' title='bbox 840 1021 1097 1076; x_wconf 79' lang='lat' dir='ltr'>augendum,</span> <span class='ocrx_word' id='word_1_128' title='bbox 1120 1021 1351 1076; x_wconf 81' lang='lat' dir='ltr'>optandam</span> <span class='ocrx_word' id='word_1_129' title='bbox 1382 1026 1492 1061; x_wconf 80' lang='lat' dir='ltr'>duco</span> <span class='ocrx_word' id='word_1_130' title='bbox 1525 1019 1628 1060; x_wconf 92' lang='lat' dir='ltr'>mihi</span> <span class='ocrx_word' id='word_1_131' title='bbox 1660 1019 1729 1060; x_wconf 87' lang='lat' dir='ltr'>fu·</span> 
     </span>
    </p>

    <p class='ocr_par' dir='ltr' id='par_1_4' title="bbox 241 1076 1734 1633">
     <span class='ocr_line' id='line_1_17' title="bbox 241 1076 1731 1133; baseline -0.001 -14"><span class='ocrx_word' id='word_1_132' title='bbox 241 1086 291 1120; x_wconf 74' lang='lat'>³3</span> <span class='ocrx_word' id='word_1_133' title='bbox 306 1078 386 1118; x_wconf 86' lang='lat' dir='ltr'>isse</span> <span class='ocrx_word' id='word_1_134' title='bbox 406 1077 521 1118; x_wconf 86' lang='lat' dir='ltr'>illam</span> <span class='ocrx_word' id='word_1_135' title='bbox 543 1077 914 1133; x_wconf 82' lang='lat' dir='ltr'>expetendamque</span> <span class='ocrx_word' id='word_1_136' title='bbox 936 1077 1166 1119; x_wconf 80' lang='lat' dir='ltr'>fortunam.</span> <span class='ocrx_word' id='word_1_137' title='bbox 1206 1077 1363 1132; x_wconf 83' lang='lat' dir='ltr'>Atque,</span> <span class='ocrx_word' id='word_1_138' title='bbox 1387 1087 1432 1117; x_wconf 92' lang='lat' dir='ltr'>ut</span> <span class='ocrx_word' id='word_1_139' title='bbox 1456 1087 1576 1118; x_wconf 87' lang='lat' dir='ltr'>tuum</span> <span class='ocrx_word' id='word_1_140' title='bbox 1599 1076 1731 1118; x_wconf 84' lang='lat' dir='ltr'>laetis-</span> 
     </span>
     <span class='ocr_line' id='line_1_18' title="bbox 304 1134 1728 1184; baseline -0.001 -9"><span class='ocrx_word' id='word_1_141' title='bbox 304 1135 460 1175; x_wconf 88' lang='lat' dir='ltr'>simum</span> <span class='ocrx_word' id='word_1_142' title='bbox 485 1134 598 1175; x_wconf 89' lang='lat' dir='ltr'>diem</span> <span class='ocrx_word' id='word_1_143' title='bbox 629 1148 726 1175; x_wconf 90' lang='lat' dir='ltr'>cum</span> <span class='ocrx_word' id='word_1_144' title='bbox 759 1134 1001 1175; x_wconf 85' lang='lat' dir='ltr'>tristissimo</span> <span class='ocrx_word' id='word_1_145' title='bbox 1023 1148 1116 1175; x_wconf 89' lang='lat' dir='ltr'>mco</span> <span class='ocrx_word' id='word_1_146' title='bbox 1137 1134 1369 1184; x_wconf 80' lang='lat' dir='ltr'>conferam,</span> <span class='ocrx_word' id='word_1_147' title='bbox 1393 1144 1533 1175; x_wconf 89' lang='lat' dir='ltr'>utrum</span> <span class='ocrx_word' id='word_1_148' title='bbox 1556 1134 1728 1174; x_wconf 86' lang='lat' dir='ltr'>tandem</span> 
     </span>
     <span class='ocr_line' id='line_1_19' title="bbox 303 1191 1731 1247; baseline -0.001 -15"><span class='ocrx_word' id='word_1_149' title='bbox 303 1192 419 1232; x_wconf 89' lang='lat' dir='ltr'>bono</span> <span class='ocrx_word' id='word_1_150' title='bbox 447 1191 540 1232; x_wconf 86' lang='lat' dir='ltr'>viro</span> <span class='ocrx_word' id='word_1_151' title='bbox 569 1200 613 1232; x_wconf 84' lang='lat' dir='ltr'>et</span> <span class='ocrx_word' id='word_1_152' title='bbox 644 1192 825 1247; x_wconf 87' lang='lat' dir='ltr'>sapienti</span> <span class='ocrx_word' id='word_1_153' title='bbox 857 1191 1088 1247; x_wconf 84' lang='lat' dir='ltr'>optabilius</span> <span class='ocrx_word' id='word_1_154' title='bbox 1122 1202 1259 1246; x_wconf 78' lang='lat' dir='ltr'>putaS,</span> <span class='ocrx_word' id='word_1_155' title='bbox 1290 1192 1350 1232; x_wconf 87' lang='lat' dir='ltr'>sic</span> <span class='ocrx_word' id='word_1_156' title='bbox 1380 1193 1498 1232; x_wconf 84' lang='lat' dir='ltr'>exire</span> <span class='ocrx_word' id='word_1_157' title='bbox 1529 1206 1552 1231; x_wconf 89' lang='lat' dir='ltr'>a</span> <span class='ocrx_word' id='word_1_158' title='bbox 1580 1191 1731 1247; x_wconf 83' lang='lat' dir='ltr'>patria,</span> 
     </span>
     <span class='ocr_line' id='line_1_20' title="bbox 303 1248 1731 1303; baseline -0.001 -13"><span class='ocrx_word' id='word_1_159' title='bbox 303 1257 351 1289; x_wconf 87' lang='lat' dir='ltr'>ut</span> <span class='ocrx_word' id='word_1_160' title='bbox 383 1248 626 1290; x_wconf 87' lang='lat' dir='ltr'>omnes-sui</span> <span class='ocrx_word' id='word_1_161' title='bbox 660 1249 775 1289; x_wconf 83' lang='lat' dir='ltr'>cives</span> <span class='ocrx_word' id='word_1_162' title='bbox 807 1248 1000 1299; x_wconf 87' lang='lat' dir='ltr'>salutem,</span> <span class='ocrx_word' id='word_1_163' title='bbox 1033 1248 1386 1299; x_wconf 85' lang='lat' dir='ltr'>incolumitatem,</span> <span class='ocrx_word' id='word_1_164' title='bbox 1420 1249 1602 1289; x_wconf 84' lang='lat' dir='ltr'>reditum</span> <span class='ocrx_word' id='word_1_165' title='bbox 1636 1262 1731 1303; x_wconf 87' lang='lat' dir='ltr'>pre-</span> 
     </span>
     <span class='ocr_line' id='line_1_21' title="bbox 298 1304 1734 1361; baseline -0.001 -15"><span class='ocrx_word' id='word_1_166' title='bbox 298 1316 467 1358; x_wconf 85' lang='lat' dir='ltr'>centur,</span> <span class='ocrx_word' id='word_1_167' title='bbox 489 1306 605 1361; x_wconf 91' lang='lat' dir='ltr'>quod</span> <span class='ocrx_word' id='word_1_168' title='bbox 626 1305 732 1346; x_wconf 87' lang='lat' dir='ltr'>mihi</span> <span class='ocrx_word' id='word_1_169' title='bbox 755 1306 912 1347; x_wconf 83' lang='lat' dir='ltr'>accidit</span> <span class='ocrx_word' id='word_1_170' title='bbox 931 1322 941 1347; x_wconf 87' lang='grc'>;</span> <span class='ocrx_word' id='word_1_171' title='bbox 973 1320 1042 1356; x_wconf 84' lang='lat' dir='ltr'>an,</span> <span class='ocrx_word' id='word_1_172' title='bbox 1064 1306 1177 1360; x_wconf 87' lang='lat' dir='ltr'>quod</span> <span class='ocrx_word' id='word_1_173' title='bbox 1206 1306 1283 1346; x_wconf 88' lang='lat' dir='ltr'>tibi</span> <span class='ocrx_word' id='word_1_174' title='bbox 1316 1304 1603 1360; x_wconf 84' lang='lat' dir='ltr'>proficiscenti</span> <span class='ocrx_word' id='word_1_175' title='bbox 1635 1318 1734 1345; x_wconf 80' lang='lat' dir='ltr'>eve-</span> 
     </span>
     <span class='ocr_line' id='line_1_22' title="bbox 303 1362 1731 1418; baseline -0.001 -15"><span class='ocrx_word' id='word_1_176' title='bbox 303 1363 382 1413; x_wconf 88' lang='lat' dir='ltr'>nit,</span> <span class='ocrx_word' id='word_1_177' title='bbox 414 1373 462 1404; x_wconf 93' lang='lat' dir='ltr'>ut</span> <span class='ocrx_word' id='word_1_178' title='bbox 492 1377 639 1404; x_wconf 90' lang='lat' dir='ltr'>omnes</span> <span class='ocrx_word' id='word_1_179' title='bbox 669 1372 1004 1413; x_wconf 82' lang='lat' dir='ltr'>exsecrarentur,</span> <span class='ocrx_word' id='word_1_180' title='bbox 1037 1362 1145 1403; x_wconf 87' lang='lat' dir='ltr'>male</span> <span class='ocrx_word' id='word_1_181' title='bbox 1177 1371 1460 1418; x_wconf 82' lang='lat' dir='ltr'>precarentur,</span> <span class='ocrx_word' id='word_1_182' title='bbox 1492 1376 1619 1402; x_wconf 86' lang='lat' dir='ltr'>unam</span> <span class='ocrx_word' id='word_1_183' title='bbox 1651 1362 1731 1402; x_wconf 90' lang='lat' dir='ltr'>tibi</span> 
     </span>
     <span class='ocr_line' id='line_1_23' title="bbox 304 1418 1731 1476; baseline -0.001 -16"><span class='ocrx_word' id='word_1_184' title='bbox 304 1419 418 1461; x_wconf 89' lang='lat' dir='ltr'>illam</span> <span class='ocrx_word' id='word_1_185' title='bbox 443 1420 553 1461; x_wconf 84' lang='lat' dir='ltr'>viam</span> <span class='ocrx_word' id='word_1_186' title='bbox 575 1429 619 1461; x_wconf 88' lang='lat' dir='ltr'>et</span> <span class='ocrx_word' id='word_1_187' title='bbox 642 1430 889 1476; x_wconf 83' lang='lat' dir='ltr'>perpetuam</span> <span class='ocrx_word' id='word_1_188' title='bbox 911 1434 1001 1460; x_wconf 85' lang='lat' dir='ltr'>esse</span> <span class='ocrx_word' id='word_1_189' title='bbox 1025 1419 1210 1461; x_wconf 83' lang='lat' dir='ltr'>vellent?</span> <span class='ocrx_word' id='word_1_190' title='bbox 1243 1419 1373 1469; x_wconf 84' lang='lat' dir='ltr'>Mihi,</span> <span class='ocrx_word' id='word_1_191' title='bbox 1394 1419 1558 1460; x_wconf 83' lang='lat' dir='ltr'>medius</span> <span class='ocrx_word' id='word_1_192' title='bbox 1590 1418 1731 1468; x_wconf 88' lang='lat' dir='ltr'>fidius,</span> 
     </span>
     <span class='ocr_line' id='line_1_24' title="bbox 305 1475 1732 1531; baseline -0.002 -13"><span class='ocrx_word' id='word_1_193' title='bbox 305 1477 348 1518; x_wconf 84' lang='lat' dir='ltr'>in</span> <span class='ocrx_word' id='word_1_194' title='bbox 381 1487 501 1519; x_wconf 84' lang='lat' dir='ltr'>tanto</span> <span class='ocrx_word' id='word_1_195' title='bbox 531 1478 724 1518; x_wconf 87' lang='lat' dir='ltr'>omnium</span> <span class='ocrx_word' id='word_1_196' title='bbox 757 1477 999 1518; x_wconf 86' lang='lat' dir='ltr'>mortalium</span> <span class='ocrx_word' id='word_1_197' title='bbox 1029 1477 1145 1527; x_wconf 89' lang='lat' dir='ltr'>odio,</span> <span class='ocrx_word' id='word_1_198' title='bbox 1167 1476 1289 1530; x_wconf 81' lang='lat' dir='ltr'>justo</span> <span class='ocrx_word' id='word_1_199' title='bbox 1322 1477 1556 1531; x_wconf 57' lang='lat' dir='ltr'>praesertim</span> <span class='ocrx_word' id='word_1_200' title='bbox 1585 1484 1630 1516; x_wconf 87' lang='lat' dir='ltr'>et</span> <span class='ocrx_word' id='word_1_201' title='bbox 1658 1475 1732 1516; x_wconf 92' lang='lat' dir='ltr'>de-</span> 
     </span>
     <span class='ocr_line' id='line_1_25' title="bbox 306 1533 1729 1591; baseline -0.001 -16"><span class='ocrx_word' id='word_1_202' title='bbox 306 1535 413 1586; x_wconf 80' lang='lat' dir='ltr'>bito,</span> <span class='ocrx_word' id='word_1_203' title='bbox 435 1538 473 1566; x_wconf 74' lang='lat'>53</span> <span class='ocrx_word' id='word_1_204' title='bbox 487 1535 650 1590; x_wconf 83' lang='lat' dir='ltr'>quaevis</span> <span class='ocrx_word' id='word_1_205' title='bbox 673 1534 777 1590; x_wconf 81' lang='lat' dir='ltr'>fuga</span> <span class='ocrx_word' id='word_1_206' title='bbox 801 1536 958 1591; x_wconf 78' lang='lat' dir='ltr'>potiuS,</span> <span class='ocrx_word' id='word_1_207' title='bbox 981 1549 1109 1590; x_wconf 87' lang='lat' dir='ltr'>quam</span> <span class='ocrx_word' id='word_1_208' title='bbox 1133 1533 1215 1575; x_wconf 84' lang='lat' dir='ltr'>ulla</span> <span class='ocrx_word' id='word_1_209' title='bbox 1237 1534 1458 1590; x_wconf 83' lang='lat' dir='ltr'>provincia</span> <span class='ocrx_word' id='word_1_210' title='bbox 1476 1541 1588 1574; x_wconf 85' lang='lat' dir='ltr'>essct</span> <span class='ocrx_word' id='word_1_211' title='bbox 1607 1542 1729 1588; x_wconf 86' lang='lat' dir='ltr'>opta-</span> 
     </span>
     <span class='ocr_line' id='line_1_26' title="bbox 306 1601 402 1633; baseline 0.01 -1"><span class='ocrx_word' id='word_1_212' title='bbox 306 1601 402 1633; x_wconf 82' lang='lat' dir='ltr'>tior.</span> 
     </span>
    </p>

    <p class='ocr_par' dir='ltr' id='par_1_5' title="bbox 226 1643 1732 1818">
     <span class='ocr_line' id='line_1_27' title="bbox 226 1643 1731 1705; baseline -0.003 -15"><span class='ocrx_word' id='word_1_213' title='bbox 226 1643 291 1692; x_wconf 81' lang='lat'>15</span> <span class='ocrx_word' id='word_1_214' title='bbox 362 1648 444 1690; x_wconf 79' lang='lat' dir='ltr'>Sed</span> <span class='ocrx_word' id='word_1_215' title='bbox 478 1662 608 1705; x_wconf 83' lang='lat' dir='ltr'>perge</span> <span class='ocrx_word' id='word_1_216' title='bbox 640 1662 781 1703; x_wconf 78' lang='lat' dir='ltr'>porro,</span> <span class='ocrx_word' id='word_1_217' title='bbox 811 1662 908 1689; x_wconf 84' lang='lat' dir='ltr'>nam</span> <span class='ocrx_word' id='word_1_218' title='bbox 946 1648 979 1688; x_wconf 91' lang='lat' dir='ltr'>si</span> <span class='ocrx_word' id='word_1_219' title='bbox 1013 1647 1114 1688; x_wconf 89' lang='lat' dir='ltr'>illud</span> <span class='ocrx_word' id='word_1_220' title='bbox 1147 1661 1285 1688; x_wconf 86' lang='lat' dir='ltr'>mcum</span> <span class='ocrx_word' id='word_1_221' title='bbox 1318 1645 1731 1687; x_wconf 87' lang='lat' dir='ltr'>turbulentissimum</span> 
     </span>
     <span class='ocr_line' id='line_1_28' title="bbox 305 1703 1728 1762; baseline -0.002 -16"><span class='ocrx_word' id='word_1_222' title='bbox 305 1715 473 1762; x_wconf 84' lang='lat' dir='ltr'>tempus</span> <span class='ocrx_word' id='word_1_223' title='bbox 497 1706 788 1760; x_wconf 84' lang='lat' dir='ltr'>profectionis,</span> <span class='ocrx_word' id='word_1_224' title='bbox 811 1715 883 1746; x_wconf 90' lang='lat' dir='ltr'>tuo</span> <span class='ocrx_word' id='word_1_225' title='bbox 906 1705 1253 1760; x_wconf 78' lang='lat' dir='ltr'>tranquillissimo</span> <span class='ocrx_word' id='word_1_226' title='bbox 1283 1713 1471 1760; x_wconf 69' lang='lat' dir='ltr'>praestat,</span> <span class='ocrx_word' id='word_1_227' title='bbox 1491 1703 1593 1758; x_wconf 89' lang='lat' dir='ltr'>quid</span> <span class='ocrx_word' id='word_1_228' title='bbox 1625 1717 1728 1744; x_wconf 84' lang='lat' dir='ltr'>con-</span> 
     </span>
     <span class='ocr_line' id='line_1_29' title="bbox 305 1759 1732 1818; baseline -0.002 -15"><span class='ocrx_word' id='word_1_229' title='bbox 305 1762 436 1804; x_wconf 87' lang='lat' dir='ltr'>feram</span> <span class='ocrx_word' id='word_1_230' title='bbox 464 1763 638 1818; x_wconf 86' lang='lat' dir='ltr'>reliqua,</span> <span class='ocrx_word' id='word_1_231' title='bbox 659 1777 755 1816; x_wconf 86' lang='lat' dir='ltr'>qnae</span> <span class='ocrx_word' id='word_1_232' title='bbox 786 1762 828 1803; x_wconf 90' lang='lat' dir='ltr'>in</span> <span class='ocrx_word' id='word_1_233' title='bbox 853 1772 894 1803; x_wconf 89' lang='lat' dir='ltr'>te</span> <span class='ocrx_word' id='word_1_234' title='bbox 917 1762 1136 1803; x_wconf 83' lang='lat' dir='ltr'>dedecoris</span> <span class='ocrx_word' id='word_1_235' title='bbox 1161 1762 1283 1816; x_wconf 84' lang='lat' dir='ltr'>plena</span> <span class='ocrx_word' id='word_1_236' title='bbox 1304 1759 1491 1811; x_wconf 81' lang='lat' dir='ltr'>fuerunt,</span> <span class='ocrx_word' id='word_1_237' title='bbox 1513 1762 1556 1800; x_wconf 89' lang='lat' dir='ltr'>in</span> <span class='ocrx_word' id='word_1_238' title='bbox 1579 1774 1645 1800; x_wconf 89' lang='lat' dir='ltr'>mc</span> <span class='ocrx_word' id='word_1_239' title='bbox 1666 1760 1732 1800; x_wconf 90' lang='lat' dir='ltr'>di-</span> 
     </span>
    </p>

    <p class='ocr_par' dir='ltr' id='par_1_6' title="bbox 239 1817 1735 1986">
     <span class='ocr_line' id='line_1_30' title="bbox 239 1817 1732 1875; baseline -0.003 -15"><span class='ocrx_word' id='word_1_240' title='bbox 239 1839 290 1872; x_wconf 78' lang='lat'>34</span> <span class='ocrx_word' id='word_1_241' title='bbox 304 1820 509 1875; x_wconf 80' lang='lat' dir='ltr'>gnitatis?</span> <span class='ocrx_word' id='word_1_242' title='bbox 542 1820 619 1860; x_wconf 86' lang='lat' dir='ltr'>Me</span> <span class='ocrx_word' id='word_1_243' title='bbox 651 1819 854 1860; x_wconf 81' lang='lat' dir='ltr'>Kalendis</span> <span class='ocrx_word' id='word_1_244' title='bbox 875 1818 975 1861; x_wconf 82' lang='lat' dir='ltr'>Jan.</span> <span class='ocrx_word' id='word_1_245' title='bbox 997 1820 1068 1873; x_wconf 86' lang='lat' dir='ltr'>qui</span> <span class='ocrx_word' id='word_1_246' title='bbox 1091 1819 1180 1859; x_wconf 84' lang='lat' dir='ltr'>dies</span> <span class='ocrx_word' id='word_1_247' title='bbox 1204 1827 1299 1873; x_wconf 83' lang='lat' dir='ltr'>post</span> <span class='ocrx_word' id='word_1_248' title='bbox 1319 1817 1486 1858; x_wconf 88' lang='lat' dir='ltr'>obitum</span> <span class='ocrx_word' id='word_1_249' title='bbox 1511 1831 1732 1857; x_wconf 86' lang='lat' dir='ltr'>occasum-</span> 
     </span>
     <span class='ocr_line' id='line_1_31' title="bbox 301 1874 1735 1932; baseline -0.003 -14"><span class='ocrx_word' id='word_1_250' title='bbox 301 1892 385 1931; x_wconf 88' lang='lat' dir='ltr'>que</span> <span class='ocrx_word' id='word_1_251' title='bbox 409 1886 598 1918; x_wconf 85' lang='lat' dir='ltr'>nostrum</span> <span class='ocrx_word' id='word_1_252' title='bbox 630 1877 878 1931; x_wconf 65' lang='lat' dir='ltr'>reipublicae</span> <span class='ocrx_word' id='word_1_253' title='bbox 909 1877 1070 1932; x_wconf 87' lang='lat' dir='ltr'>primus</span> <span class='ocrx_word' id='word_1_254' title='bbox 1093 1875 1249 1925; x_wconf 74' lang='lat' dir='ltr'>illuxit,</span> <span class='ocrx_word' id='word_1_255' title='bbox 1271 1874 1639 1929; x_wconf 76' lang='lat' dir='ltr'>frequentissimus</span> <span class='ocrx_word' id='word_1_256' title='bbox 1670 1888 1735 1914; x_wconf 87' lang='lat' dir='ltr'>sc-</span> 
     </span>
     <span class='ocr_line' id='line_1_32' title="bbox 302 1931 1732 1986; baseline -0.003 -11"><span class='ocrx_word' id='word_1_257' title='bbox 302 1944 441 1984; x_wconf 80' lang='lat' dir='ltr'>natus,</span> <span class='ocrx_word' id='word_1_258' title='bbox 458 1948 667 1975; x_wconf 84' lang='lat' dir='ltr'>concursu</span> <span class='ocrx_word' id='word_1_259' title='bbox 693 1933 845 1985; x_wconf 77' lang='lat' dir='ltr'>Italiae,</span> <span class='ocrx_word' id='word_1_260' title='bbox 865 1933 1072 1974; x_wconf 82' lang='lat' dir='ltr'>referente</span> <span class='ocrx_word' id='word_1_261' title='bbox 1093 1932 1325 1973; x_wconf 82' lang='lat' dir='ltr'>clarissimo</span> <span class='ocrx_word' id='word_1_262' title='bbox 1348 1941 1476 1986; x_wconf 88' lang='lat' dir='ltr'>atque</span> <span class='ocrx_word' id='word_1_263' title='bbox 1498 1931 1732 1972; x_wconf 82' lang='lat' dir='ltr'>fortissimo</span> 
     </span>
    </p>
   </div>
   <div class='ocr_carea' id='block_1_3' title="bbox 301 1980 1807 2046">
    <p class='ocr_par' dir='ltr' id='par_1_7' title="bbox 301 1980 1807 2046">
     <span class='ocr_line' id='line_1_33' title="bbox 301 1980 1807 2046; baseline -0.004 -14"><span class='ocrx_word' id='word_1_264' title='bbox 301 1992 409 2043; x_wconf 85' lang='lat' dir='ltr'>viro,</span> <span class='ocrx_word' id='word_1_265' title='bbox 434 1991 484 2032; x_wconf 88' lang='lat' dir='ltr'>P.</span> <span class='ocrx_word' id='word_1_266' title='bbox 508 1990 704 2041; x_wconf 83' lang='lat' dir='ltr'>Lentulo,</span> <span class='ocrx_word' id='word_1_267' title='bbox 726 1992 1021 2032; x_wconf 85' lang='lat' dir='ltr'>consentiente</span> <span class='ocrx_word' id='word_1_268' title='bbox 1053 1988 1212 2046; x_wconf 88' lang='lat' dir='ltr'>populo</span> <span class='ocrx_word' id='word_1_269' title='bbox 1247 1989 1458 2040; x_wconf 84' lang='lat' dir='ltr'>Romano,</span> <span class='ocrx_word' id='word_1_270' title='bbox 1488 1998 1615 2043; x_wconf 84' lang='lat' dir='ltr'>atque</span> <span class='ocrx_word' id='word_1_271' title='bbox 1645 2002 1730 2028; x_wconf 83' lang='lat' dir='ltr'>una</span> <span class='ocrx_word' id='word_1_272' title='bbox 1767 2005 1770 2009; x_wconf 55' lang='grc'>’</span> <span class='ocrx_word' id='word_1_273' title='bbox 1804 1980 1807 2022; x_wconf 68' lang='grc' dir='ltr'><em>ἶ</em></span> 
     </span>
    </p>
   </div>
   <div class='ocr_carea' id='block_1_4' title="bbox 298 2044 1732 2447">
    <p class='ocr_par' dir='ltr' id='par_1_8' title="bbox 298 2044 1732 2447">
     <span class='ocr_line' id='line_1_34' title="bbox 300 2044 1732 2095; baseline -0.003 -6"><span class='ocrx_word' id='word_1_274' title='bbox 300 2062 408 2089; x_wconf 84' lang='lat' dir='ltr'>voce</span> <span class='ocrx_word' id='word_1_275' title='bbox 429 2048 662 2089; x_wconf 85' lang='lat' dir='ltr'>revocavit.</span> <span class='ocrx_word' id='word_1_276' title='bbox 686 2062 752 2088; x_wconf 88' lang='lat' dir='ltr'>me</span> <span class='ocrx_word' id='word_1_277' title='bbox 777 2048 888 2089; x_wconf 89' lang='lat' dir='ltr'>idcm</span> <span class='ocrx_word' id='word_1_278' title='bbox 911 2058 1081 2089; x_wconf 78' lang='lat' dir='ltr'>senatus</span> <span class='ocrx_word' id='word_1_279' title='bbox 1112 2046 1271 2087; x_wconf 81' lang='lat' dir='ltr'>exteris</span> <span class='ocrx_word' id='word_1_280' title='bbox 1303 2045 1563 2095; x_wconf 85' lang='lat' dir='ltr'>nationibus,</span> <span class='ocrx_word' id='word_1_281' title='bbox 1584 2059 1653 2085; x_wconf 90' lang='lat' dir='ltr'>me</span> <span class='ocrx_word' id='word_1_282' title='bbox 1674 2044 1732 2085; x_wconf 92' lang='lat' dir='ltr'>lc-</span> 
     </span>
     <span class='ocr_line' id='line_1_35' title="bbox 301 2101 1731 2161; baseline -0.003 -15"><span class='ocrx_word' id='word_1_283' title='bbox 301 2106 413 2160; x_wconf 83' lang='lat' dir='ltr'>gatis</span> <span class='ocrx_word' id='word_1_284' title='bbox 434 2105 843 2161; x_wconf 75' lang='lat' dir='ltr'>magistratibusque</span> <span class='ocrx_word' id='word_1_285' title='bbox 865 2105 1022 2146; x_wconf 87' lang='lat' dir='ltr'>nostris</span> <span class='ocrx_word' id='word_1_286' title='bbox 1046 2104 1302 2145; x_wconf 87' lang='lat' dir='ltr'>auctoritate</span> <span class='ocrx_word' id='word_1_287' title='bbox 1324 2117 1414 2153; x_wconf 80' lang='lat' dir='ltr'>sua,</span> <span class='ocrx_word' id='word_1_288' title='bbox 1435 2101 1731 2144; x_wconf 77' lang='lat' dir='ltr'>consularibus</span> 
     </span>
     <span class='ocr_line' id='line_1_36' title="bbox 303 2161 1731 2214; baseline -0.004 -11"><span class='ocrx_word' id='word_1_289' title='bbox 303 2162 468 2213; x_wconf 88' lang='lat' dir='ltr'>litteris,</span> <span class='ocrx_word' id='word_1_290' title='bbox 503 2177 604 2213; x_wconf 79' lang='lat' dir='ltr'>non,</span> <span class='ocrx_word' id='word_1_291' title='bbox 634 2172 682 2203; x_wconf 90' lang='lat' dir='ltr'>ut</span> <span class='ocrx_word' id='word_1_292' title='bbox 716 2171 760 2202; x_wconf 91' lang='lat' dir='ltr'>tu</span> <span class='ocrx_word' id='word_1_293' title='bbox 796 2161 977 2203; x_wconf 87' lang='lat' dir='ltr'>Insuber</span> <span class='ocrx_word' id='word_1_294' title='bbox 1009 2161 1150 2202; x_wconf 88' lang='lat' dir='ltr'>dicere</span> <span class='ocrx_word' id='word_1_295' title='bbox 1184 2175 1309 2201; x_wconf 81' lang='lat' dir='ltr'>ausus</span> <span class='ocrx_word' id='word_1_296' title='bbox 1340 2174 1399 2210; x_wconf 90' lang='lat' dir='ltr'>es,</span> <span class='ocrx_word' id='word_1_297' title='bbox 1428 2161 1624 2201; x_wconf 86' lang='lat' dir='ltr'>orbatum</span> <span class='ocrx_word' id='word_1_298' title='bbox 1655 2173 1731 2214; x_wconf 80' lang='lat' dir='ltr'>pa-</span> 
     </span>
     <span class='ocr_line' id='line_1_37' title="bbox 301 2216 1730 2276; baseline -0.003 -16"><span class='ocrx_word' id='word_1_299' title='bbox 301 2221 396 2270; x_wconf 86' lang='lat' dir='ltr'>tria,</span> <span class='ocrx_word' id='word_1_300' title='bbox 420 2219 489 2259; x_wconf 83' lang='lat' dir='ltr'>sed</span> <span class='ocrx_word' id='word_1_301' title='bbox 517 2228 563 2260; x_wconf 88' lang='lat' dir='ltr'>ut</span> <span class='ocrx_word' id='word_1_302' title='bbox 584 2229 754 2260; x_wconf 86' lang='lat' dir='ltr'>senatus</span> <span class='ocrx_word' id='word_1_303' title='bbox 778 2219 848 2260; x_wconf 92' lang='lat' dir='ltr'>illo</span> <span class='ocrx_word' id='word_1_304' title='bbox 871 2220 964 2276; x_wconf 86' lang='lat' dir='ltr'>ipso</span> <span class='ocrx_word' id='word_1_305' title='bbox 988 2229 1180 2274; x_wconf 86' lang='lat' dir='ltr'>tempore</span> <span class='ocrx_word' id='word_1_306' title='bbox 1202 2216 1445 2273; x_wconf 78' lang='lat' dir='ltr'>appellavit,</span> <span class='ocrx_word' id='word_1_307' title='bbox 1467 2216 1605 2257; x_wconf 85' lang='lat' dir='ltr'>civem</span> <span class='ocrx_word' id='word_1_308' title='bbox 1626 2230 1730 2257; x_wconf 88' lang='lat' dir='ltr'>con·</span> 
     </span>
     <span class='ocr_line' id='line_1_38' title="bbox 301 2273 1731 2332; baseline -0.003 -15"><span class='ocrx_word' id='word_1_309' title='bbox 301 2286 559 2317; x_wconf 80' lang='lat' dir='ltr'>servatorem</span> <span class='ocrx_word' id='word_1_310' title='bbox 589 2276 852 2332; x_wconf 79' lang='lat' dir='ltr'>reipublicae,</span> <span class='ocrx_word' id='word_1_311' title='bbox 875 2276 1207 2318; x_wconf 85' lang='lat' dir='ltr'>commendavit.</span> <span class='ocrx_word' id='word_1_312' title='bbox 1229 2278 1269 2306; x_wconf 80' lang='lat'>5⁴</span> <span class='ocrx_word' id='word_1_313' title='bbox 1282 2274 1334 2314; x_wconf 90' lang='lat' dir='ltr'>ad</span> <span class='ocrx_word' id='word_1_314' title='bbox 1357 2287 1494 2313; x_wconf 78' lang='lat' dir='ltr'>meam</span> <span class='ocrx_word' id='word_1_315' title='bbox 1518 2273 1642 2313; x_wconf 89' lang='lat' dir='ltr'>unius</span> <span class='ocrx_word' id='word_1_316' title='bbox 1665 2287 1731 2313; x_wconf 83' lang='lat' dir='ltr'>sa-</span> 
     </span>
     <span class='ocr_line' id='line_1_39' title="bbox 301 2329 1730 2381; baseline -0.003 -7"><span class='ocrx_word' id='word_1_317' title='bbox 301 2333 431 2374; x_wconf 81' lang='lat' dir='ltr'>lutem</span> <span class='ocrx_word' id='word_1_318' title='bbox 464 2342 635 2374; x_wconf 81' lang='lat' dir='ltr'>senatus</span> <span class='ocrx_word' id='word_1_319' title='bbox 666 2333 874 2374; x_wconf 79' lang='lat' dir='ltr'>auxilium</span> <span class='ocrx_word' id='word_1_320' title='bbox 904 2334 1097 2375; x_wconf 82' lang='lat' dir='ltr'>omnium</span> <span class='ocrx_word' id='word_1_321' title='bbox 1129 2332 1289 2374; x_wconf 78' lang='lat' dir='ltr'>civium</span> <span class='ocrx_word' id='word_1_322' title='bbox 1320 2341 1475 2370; x_wconf 86' lang='lat' dir='ltr'>cuncta</span> <span class='ocrx_word' id='word_1_323' title='bbox 1505 2344 1558 2370; x_wconf 79' lang='lat' dir='ltr'>ex</span> <span class='ocrx_word' id='word_1_324' title='bbox 1589 2329 1730 2381; x_wconf 80' lang='lat' dir='ltr'>Italia,</span> 
     </span>
     <span class='ocr_line' id='line_1_40' title="bbox 298 2387 1729 2447; baseline -0.003 -15"><span class='ocrx_word' id='word_1_325' title='bbox 298 2392 372 2447; x_wconf 91' lang='lat' dir='ltr'>qui</span> <span class='ocrx_word' id='word_1_326' title='bbox 404 2390 710 2446; x_wconf 85' lang='lat' dir='ltr'>rempublicam</span> <span class='ocrx_word' id='word_1_327' title='bbox 743 2390 902 2432; x_wconf 80' lang='lat' dir='ltr'>salvam</span> <span class='ocrx_word' id='word_1_328' title='bbox 932 2405 1022 2432; x_wconf 83' lang='lat' dir='ltr'>esse</span> <span class='ocrx_word' id='word_1_329' title='bbox 1046 2389 1214 2440; x_wconf 78' lang='lat' dir='ltr'>vellent,</span> <span class='ocrx_word' id='word_1_330' title='bbox 1244 2387 1429 2430; x_wconf 69' lang='lat' dir='ltr'>consulis</span> <span class='ocrx_word' id='word_1_331' title='bbox 1453 2401 1556 2428; x_wconf 77' lang='lat' dir='ltr'>voce</span> <span class='ocrx_word' id='word_1_332' title='bbox 1586 2396 1629 2427; x_wconf 86' lang='lat' dir='ltr'>et</span> <span class='ocrx_word' id='word_1_333' title='bbox 1659 2387 1729 2427; x_wconf 92' lang='lat' dir='ltr'>lit-</span> 
     </span>
    </p>
   </div>
   <div class='ocr_carea' id='block_1_5' title="bbox 295 2525 1733 2909">
    <p class='ocr_par' dir='ltr' id='par_1_9' title="bbox 297 2525 1733 2818">
     <span class='ocr_line' id='line_1_41' title="bbox 342 2525 1731 2571; baseline -0.004 -9"><span class='ocrx_word' id='word_1_334' title='bbox 342 2534 380 2562; x_wconf 78' lang='lat'>53</span> <span class='ocrx_word' id='word_1_335' title='bbox 402 2532 521 2571; x_wconf 77' lang='lat' dir='ltr'>quaevis</span> <span class='ocrx_word' id='word_1_336' title='bbox 537 2529 633 2570; x_wconf 73' lang='lat' dir='ltr'>suga</span> <span class='ocrx_word' id='word_1_337' title='bbox 657 2531 764 2569; x_wconf 65' lang='lat' dir='ltr'>potius</span> <span class='ocrx_word' id='word_1_338' title='bbox 789 2529 863 2569; x_wconf 57' lang='grc' dir='ltr'>δια]</span> <span class='ocrx_word' id='word_1_339' title='bbox 889 2530 997 2569; x_wconf 72' lang='lat' dir='ltr'>potius</span> <span class='ocrx_word' id='word_1_340' title='bbox 1038 2531 1136 2560; x_wconf 70' lang='lat' dir='ltr'>unius</span> <span class='ocrx_word' id='word_1_341' title='bbox 1159 2528 1231 2559; x_wconf 70' lang='lat' dir='ltr'>addi</span> <span class='ocrx_word' id='word_1_342' title='bbox 1254 2528 1383 2558; x_wconf 69' lang='lat' dir='ltr'>volebat</span> <span class='ocrx_word' id='word_1_343' title='bbox 1403 2528 1552 2563; x_wconf 71' lang='lat' dir='ltr'>hominis,</span> <span class='ocrx_word' id='word_1_344' title='bbox 1575 2532 1650 2568; x_wconf 86' lang='lat' dir='ltr'>post</span> <span class='ocrx_word' id='word_1_345' title='bbox 1674 2525 1731 2557; x_wconf 84' lang='lat' dir='ltr'>de-</span> 
     </span>
     <span class='ocr_line' id='line_1_42' title="bbox 298 2569 1731 2612; baseline -0.003 -8"><span class='ocrx_word' id='word_1_346' title='bbox 298 2573 428 2605; x_wconf 76' lang='lat' dir='ltr'>delebat</span> <span class='ocrx_word' id='word_1_347' title='bbox 444 2573 600 2609; x_wconf 66' lang='lat' dir='ltr'>Faernus,</span> <span class='ocrx_word' id='word_1_348' title='bbox 618 2582 683 2603; x_wconf 66' lang='lat' dir='ltr'>noi!</span> <span class='ocrx_word' id='word_1_349' title='bbox 701 2577 865 2612; x_wconf 83' lang='lat' dir='ltr'>repertum</span> <span class='ocrx_word' id='word_1_350' title='bbox 882 2573 915 2602; x_wconf 89' lang='lat' dir='ltr'>in</span> <span class='ocrx_word' id='word_1_351' title='bbox 930 2571 994 2602; x_wconf 64' lang='grc' dir='ltr'>ΜΞ.</span> <span class='ocrx_word' id='word_1_352' title='bbox 1040 2572 1098 2602; x_wconf 66' lang='lat' dir='ltr'>leri</span> <span class='ocrx_word' id='word_1_353' title='bbox 1113 2572 1245 2601; x_wconf 64' lang='lat' dir='ltr'>civium.</span> <span class='ocrx_word' id='word_1_354' title='bbox 1284 2569 1369 2600; x_wconf 81' lang='lat' dir='ltr'>Illud</span> <span class='ocrx_word' id='word_1_355' title='bbox 1383 2570 1529 2610; x_wconf 72' lang='lat' dir='ltr'>probem,</span> <span class='ocrx_word' id='word_1_356' title='bbox 1545 2571 1570 2599; x_wconf 76' lang='lat' dir='ltr'>si</span> <span class='ocrx_word' id='word_1_357' title='bbox 1585 2574 1731 2600; x_wconf 79' lang='lat' dir='ltr'>servetur</span> 
     </span>
     <span class='ocr_line' id='line_1_43' title="bbox 299 2612 1731 2655; baseline -0.003 -8"><span class='ocrx_word' id='word_1_358' title='bbox 299 2617 447 2655; x_wconf 76' lang='lat' dir='ltr'>antiquo.</span> <span class='ocrx_word' id='word_1_359' title='bbox 464 2615 517 2645; x_wconf 83' lang='lat' dir='ltr'>alii</span> <span class='ocrx_word' id='word_1_360' title='bbox 535 2615 600 2645; x_wconf 82' lang='lat' dir='ltr'>fere</span> <span class='ocrx_word' id='word_1_361' title='bbox 615 2614 770 2647; x_wconf 76' lang='lat' dir='ltr'>retinent.</span> <span class='ocrx_word' id='word_1_362' title='bbox 788 2614 998 2646; x_wconf 77' lang='lat' dir='ltr'>Pleonasmus</span> <span class='ocrx_word' id='word_1_363' title='bbox 1040 2615 1172 2650; x_wconf 64' lang='lat' dir='ltr'>civium,</span> <span class='ocrx_word' id='word_1_364' title='bbox 1188 2619 1226 2643; x_wconf 83' lang='lat' dir='ltr'>ut</span> <span class='ocrx_word' id='word_1_365' title='bbox 1240 2612 1394 2651; x_wconf 63' lang='lat' dir='ltr'>aequalior</span> <span class='ocrx_word' id='word_1_366' title='bbox 1410 2612 1452 2642; x_wconf 74' lang='lat' dir='ltr'>sit</span> <span class='ocrx_word' id='word_1_367' title='bbox 1474 2613 1590 2642; x_wconf 83' lang='lat' dir='ltr'>oratio.</span> <span class='ocrx_word' id='word_1_368' title='bbox 1612 2616 1648 2641; x_wconf 81' lang='lat' dir='ltr'>at</span> <span class='ocrx_word' id='word_1_369' title='bbox 1669 2621 1731 2650; x_wconf 83' lang='lat' dir='ltr'>ego.</span> 
     </span>
     <span class='ocr_line' id='line_1_44' title="bbox 298 2654 1733 2694; baseline -0.003 -5"><span class='ocrx_word' id='word_1_370' title='bbox 298 2664 349 2689; x_wconf 85' lang='lat' dir='ltr'>est</span> <span class='ocrx_word' id='word_1_371' title='bbox 361 2659 484 2688; x_wconf 70' lang='lat' dir='ltr'>Gra‘cis</span> <span class='ocrx_word' id='word_1_372' title='bbox 499 2657 652 2694; x_wconf 76' lang='lat' dir='ltr'>usitatus,</span> <span class='ocrx_word' id='word_1_373' title='bbox 665 2657 738 2687; x_wconf 74' lang='lat' dir='ltr'>iude</span> <span class='ocrx_word' id='word_1_374' title='bbox 754 2664 785 2687; x_wconf 80' lang='lat' dir='ltr'>et</span> <span class='ocrx_word' id='word_1_375' title='bbox 804 2656 929 2688; x_wconf 86' lang='lat' dir='ltr'>Latinis</span> <span class='ocrx_word' id='word_1_376' title='bbox 944 2657 992 2686; x_wconf 78' lang='lat' dir='ltr'>iu-</span> <span class='ocrx_word' id='word_1_377' title='bbox 1035 2656 1148 2686; x_wconf 80' lang='lat' dir='ltr'>malim</span> <span class='ocrx_word' id='word_1_378' title='bbox 1171 2657 1241 2694; x_wconf 80' lang='lat' dir='ltr'>ejus</span> <span class='ocrx_word' id='word_1_379' title='bbox 1266 2654 1461 2693; x_wconf 59' lang='lat' dir='ltr'>aqualitatis</span> <span class='ocrx_word' id='word_1_380' title='bbox 1487 2664 1586 2684; x_wconf 78' lang='lat' dir='ltr'>causa</span> <span class='ocrx_word' id='word_1_381' title='bbox 1609 2654 1733 2684; x_wconf 75' lang='lat' dir='ltr'>civium</span> 
     </span>
     <span class='ocr_line' id='line_1_45' title="bbox 298 2695 1732 2740; baseline -0.005 -9"><span class='ocrx_word' id='word_1_382' title='bbox 298 2702 428 2732; x_wconf 77' lang='lat' dir='ltr'>tei-dum</span> <span class='ocrx_word' id='word_1_383' title='bbox 444 2704 632 2740; x_wconf 52' lang='lat' dir='ltr'>usurpatis,</span> <span class='ocrx_word' id='word_1_384' title='bbox 646 2700 678 2729; x_wconf 84' lang='lat' dir='ltr'>h.</span> <span class='ocrx_word' id='word_1_385' title='bbox 694 2699 716 2729; x_wconf 88' lang='lat' dir='ltr'>l.</span> <span class='ocrx_word' id='word_1_386' title='bbox 734 2699 864 2739; x_wconf 69' lang='lat' dir='ltr'>quidem</span> <span class='ocrx_word' id='word_1_387' title='bbox 879 2698 919 2729; x_wconf 85' lang='lat' dir='ltr'>ad</span> <span class='ocrx_word' id='word_1_388' title='bbox 940 2709 993 2728; x_wconf 72' lang='lat' dir='ltr'>ex·</span> <span class='ocrx_word' id='word_1_389' title='bbox 1035 2698 1134 2728; x_wconf 81' lang='lat' dir='ltr'>deleri</span> <span class='ocrx_word' id='word_1_390' title='bbox 1150 2710 1156 2728; x_wconf 93' lang='lat'><strong>:</strong></span> <span class='ocrx_word' id='word_1_391' title='bbox 1180 2698 1360 2738; x_wconf 82' lang='lat' dir='ltr'>praescrtini</span> <span class='ocrx_word' id='word_1_392' title='bbox 1385 2705 1460 2726; x_wconf 76' lang='lat' dir='ltr'>cum</span> <span class='ocrx_word' id='word_1_393' title='bbox 1486 2706 1551 2726; x_wconf 83' lang='lat' dir='ltr'>non</span> <span class='ocrx_word' id='word_1_394' title='bbox 1575 2695 1671 2726; x_wconf 86' lang='lat' dir='ltr'>modo</span> <span class='ocrx_word' id='word_1_395' title='bbox 1686 2695 1732 2724; x_wconf 87' lang='lat' dir='ltr'>ei-</span> 
     </span>
     <span class='ocr_line' id='line_1_46' title="bbox 297 2737 1732 2783; baseline -0.005 -10"><span class='ocrx_word' id='word_1_396' title='bbox 297 2743 455 2783; x_wconf 79' lang='lat' dir='ltr'>plendum</span> <span class='ocrx_word' id='word_1_397' title='bbox 493 2751 681 2779; x_wconf 81' lang='lat' dir='ltr'>numerum,</span> <span class='ocrx_word' id='word_1_398' title='bbox 715 2742 741 2772; x_wconf 82' lang='lat' dir='ltr'>si</span> <span class='ocrx_word' id='word_1_399' title='bbox 777 2751 872 2772; x_wconf 84' lang='lat' dir='ltr'>aures</span> <span class='ocrx_word' id='word_1_400' title='bbox 911 2750 993 2771; x_wconf 79' lang='lat' dir='ltr'>meae</span> <span class='ocrx_word' id='word_1_401' title='bbox 1036 2741 1124 2771; x_wconf 70' lang='lat' dir='ltr'>xiuin</span> <span class='ocrx_word' id='word_1_402' title='bbox 1138 2750 1176 2770; x_wconf 83' lang='lat' dir='ltr'>ex</span> <span class='ocrx_word' id='word_1_403' title='bbox 1195 2739 1293 2770; x_wconf 80' lang='lat' dir='ltr'>Italia</span> <span class='ocrx_word' id='word_1_404' title='bbox 1307 2739 1396 2769; x_wconf 84' lang='lat' dir='ltr'>omni</span> <span class='ocrx_word' id='word_1_405' title='bbox 1417 2738 1575 2769; x_wconf 80' lang='lat' dir='ltr'>auxilium</span> <span class='ocrx_word' id='word_1_406' title='bbox 1599 2737 1732 2776; x_wconf 81' lang='lat' dir='ltr'>requisi-</span> 
     </span>
     <span class='ocr_line' id='line_1_47' title="bbox 299 2779 1732 2818; baseline -0.006 -2"><span class='ocrx_word' id='word_1_407' title='bbox 299 2791 386 2816; x_wconf 81' lang='lat' dir='ltr'>rectc</span> <span class='ocrx_word' id='word_1_408' title='bbox 403 2785 562 2815; x_wconf 77' lang='lat' dir='ltr'>sentiunt.</span> <span class='ocrx_word' id='word_1_409' title='bbox 1034 2788 1107 2813; x_wconf 83' lang='lat' dir='ltr'>tum</span> <span class='ocrx_word' id='word_1_410' title='bbox 1123 2786 1218 2818; x_wconf 76' lang='lat' dir='ltr'>esset,</span> <span class='ocrx_word' id='word_1_411' title='bbox 1234 2781 1289 2811; x_wconf 83' lang='lat' dir='ltr'>sed</span> <span class='ocrx_word' id='word_1_412' title='bbox 1311 2781 1472 2812; x_wconf 61' lang='lat' dir='ltr'>universae</span> <span class='ocrx_word' id='word_1_413' title='bbox 1496 2781 1612 2815; x_wconf 78' lang='lat' dir='ltr'>ltaliae,</span> <span class='ocrx_word' id='word_1_414' title='bbox 1628 2779 1732 2809; x_wconf 83' lang='lat' dir='ltr'>etiam</span> 
     </span>
    </p>

    <p class='ocr_par' dir='ltr' id='par_1_10' title="bbox 295 2822 1723 2909">
     <span class='ocr_line' id='line_1_48' title="bbox 341 2822 1723 2858; baseline -0.004 -1"><span class='ocrx_word' id='word_1_415' title='bbox 341 2831 380 2858; x_wconf 72' lang='lat'>5⁴</span> <span class='ocrx_word' id='word_1_416' title='bbox 409 2828 454 2857; x_wconf 80' lang='lat' dir='ltr'>ad</span> <span class='ocrx_word' id='word_1_417' title='bbox 480 2837 587 2857; x_wconf 81' lang='lat' dir='ltr'>meam</span> <span class='ocrx_word' id='word_1_418' title='bbox 618 2826 716 2856; x_wconf 73' lang='lat' dir='ltr'>unius</span> <span class='ocrx_word' id='word_1_419' title='bbox 743 2826 991 2856; x_wconf 59' lang='lat' dir='ltr'>saa—omnium</span> <span class='ocrx_word' id='word_1_420' title='bbox 1035 2826 1195 2855; x_wconf 79' lang='lat' dir='ltr'>sociorum</span> <span class='ocrx_word' id='word_1_421' title='bbox 1213 2824 1271 2853; x_wconf 69' lang='grc' dir='ltr'>ἃς.</span> <span class='ocrx_word' id='word_1_422' title='bbox 1288 2829 1324 2854; x_wconf 85' lang='lat' dir='ltr'>ut</span> <span class='ocrx_word' id='word_1_423' title='bbox 1342 2823 1418 2856; x_wconf 80' lang='lat' dir='ltr'>alibi</span> <span class='ocrx_word' id='word_1_424' title='bbox 1432 2822 1532 2854; x_wconf 77' lang='lat' dir='ltr'>tradit</span> <span class='ocrx_word' id='word_1_425' title='bbox 1549 2823 1675 2858; x_wconf 83' lang='lat' dir='ltr'>Cicero,</span> <span class='ocrx_word' id='word_1_426' title='bbox 1691 2824 1723 2852; x_wconf 72' lang='lat' dir='ltr'>et</span> 
     </span>
     <span class='ocr_line' id='line_1_49' title="bbox 295 2867 1315 2909; baseline -0.004 -10"><span class='ocrx_word' id='word_1_427' title='bbox 295 2871 417 2900; x_wconf 69' lang='lat' dir='ltr'>cic-ium</span> <span class='ocrx_word' id='word_1_428' title='bbox 452 2879 478 2900; x_wconf 76' lang='lat' dir='ltr'>c.</span> <span class='ocrx_word' id='word_1_429' title='bbox 510 2880 550 2899; x_wconf 71' lang='lat' dir='ltr'>ea:</span> <span class='ocrx_word' id='word_1_430' title='bbox 581 2868 701 2908; x_wconf 77' lang='lat' dir='ltr'>Italia]</span> <span class='ocrx_word' id='word_1_431' title='bbox 741 2868 885 2900; x_wconf 65' lang='lat' dir='ltr'>Faernus</span> <span class='ocrx_word' id='word_1_432' title='bbox 916 2873 991 2909; x_wconf 82' lang='lat' dir='ltr'>post</span> <span class='ocrx_word' id='word_1_433' title='bbox 1035 2867 1087 2898; x_wconf 83' lang='lat' dir='ltr'>hic</span> <span class='ocrx_word' id='word_1_434' title='bbox 1102 2867 1214 2898; x_wconf 74' lang='lat' dir='ltr'>statim</span> <span class='ocrx_word' id='word_1_435' title='bbox 1231 2872 1315 2907; x_wconf 64' lang='lat' dir='ltr'>post.</span> 
     </span>
    </p>
   </div>
  </div>
 </body>
</html>
