1769 3174
552 131 668 169 PRO
698 131 740 168 P.
770 130 998 169 SEXTIO.
1391 134 1492 172 1008

63 237 104 269 ³9
118 233 398 276 fortissimum
420 249 470 276 ac
492 248 705 275 summum
726 233 864 276 civem
888 234 929 274 in
955 233 1158 274 invidiam
1181 234 1313 277 homo
1335 247 1492 288 castus,

62 305 113 333 ac
146 307 231 332 non
261 293 441 348 cupidus
479 293 677 333 vocaret?
708 291 887 332 alterum
923 290 1161 331 Thracibus
1192 307 1242 332 ac
1280 293 1491 335 Dardanis
1505 307 1554 342 94

65 349 251 404 primum
283 363 429 406 pacem
461 349 653 388 maxima
675 349 856 403 pecunia
878 348 1144 389 vendidisse?
1174 349 1341 398 deinde,
1367 362 1412 392 ut
1434 352 1493 392 illi

65 407 292 462 pecuniam
315 406 526 447 conficere
549 414 737 461 possent,
760 405 1000 446 vexandam
1026 405 1092 445 his
1125 404 1428 448 Macedoniam
1452 418 1496 449 et

64 463 331 517 spoliandam
351 462 600 504 tradidisse?
623 462 890 517 eundemque
911 463 1023 502 bona
1040 463 1316 514 creditorum,
1335 465 1497 505 civium

68 518 378 570 Romanorum,
395 534 491 560 cum
515 519 782 559 debitoribus
803 519 970 560 Graecis
992 519 1214 561 divisisse?
1245 535 1400 576 cogere
1423 535 1498 577 pe-

64 577 212 618 cunias
239 578 447 618 maximas
470 592 494 616 a
521 576 845 631 Dyrrhachinis,
870 575 1052 632 spoliare
1073 575 1312 628 Thessalos,
1335 591 1497 619 certam

65 633 241 675 Achaeis
263 634 306 674 in
329 648 462 675 annos
486 633 676 689 singulos
700 634 924 689 pecuniam
947 633 1245 690 imperavisse:
1278 649 1416 689 neque
1435 645 1499 676 ta-

66 704 165 732 men
199 692 283 732 ullo
306 691 349 731 in
385 690 575 747 publico,
606 700 678 731 aut
711 690 911 746 religioso
935 690 1045 742 loco,
1069 692 1254 747 signum,
1277 702 1349 732 aut
1375 693 1500 733 tabu-

66 747 166 799 lam,
185 758 258 789 aut
280 758 578 789 ornamentum
603 748 848 802 reliquisse?
879 751 920 778 40
938 747 1031 788 Hos
1051 749 1111 788 sic
1135 748 1323 798 illudere,
1341 750 1501 804 quibus

67 819 195 846 omne
223 806 478 861 supplicium
514 815 642 859 atque
664 806 802 845 omnis
826 804 925 859 jure
949 806 1114 860 optimo
1136 820 1269 860 poena
1290 807 1499 848 debetur?

66 876 160 902 reos
194 877 283 904 esse
310 863 387 903 hos
420 862 543 913 duos,
571 876 677 916 quos
707 862 889 904 videtis?
920 863 1076 903 omitto
1102 862 1196 916 jam
1228 863 1499 914 Numerium,

69 919 313 969 Serranum,
334 919 512 969 AElium,
535 919 785 974 quisquilias
816 919 1037 960 seditionis
1062 918 1310 961 Clodianae:
1342 921 1412 961 sed
1438 931 1500 962 ta-

67 990 167 1017 men
203 976 246 1017 hi
277 990 449 1032 quoque
470 976 600 1016 etiam
631 990 746 1017 nunc
780 976 975 1027 volitant,
1001 986 1046 1017 ut
1069 977 1248 1019 videtis:
1282 992 1374 1028 nec,
1397 978 1499 1019 dum

67 1047 145 1074 vos
168 1034 220 1074 de
242 1035 364 1074 vobis
396 1033 554 1088 aliquid
578 1033 801 1085 timebitis,
825 1033 882 1074 illi
917 1048 1117 1088 umquam
1140 1035 1193 1075 de
1226 1049 1270 1075 se
1299 1035 1500 1090 pertime-

67 1100 203 1132 scent.
266 1091 379 1131 Nam
410 1091 512 1146 quid
544 1105 625 1146 ego
657 1091 762 1131 4¹de
792 1091 915 1131 aedile
949 1091 1042 1147 ipso
1070 1091 1232 1146 loquar,
1265 1093 1336 1146 qui
1368 1090 1583 1138 etiam44

66 1147 181 1188 diem
204 1147 330 1198 dixit,
353 1156 395 1188 et
416 1148 634 1188 accusavit
656 1148 708 1188 de
731 1148 771 1188 vi
796 1147 1007 1188 Milonem
1027 1151 1040 1189 ?
1089 1148 1242 1204 Neque
1265 1149 1334 1190 bic
1357 1159 1496 1191 tamen
1511 1162 1560 1195 95

70 1204 155 1246 ulla
184 1219 387 1260 umquam
421 1205 578 1259 injuria
608 1205 856 1256 adducetur,
881 1216 927 1246 ut
948 1220 1044 1246 eum
1069 1205 1140 1246 tali
1166 1208 1337 1257 virtut-e,
1359 1216 1501 1248 tanta-

68 1276 152 1317 que
173 1261 376 1303 firmitate
399 1262 530 1302 animi
554 1276 597 1302 se
619 1262 661 1303 in
682 1262 990 1318 rempublicam
1009 1262 1139 1304 fuisse
1159 1264 1395 1319 poeniteat:
1429 1265 1502 1306 sed

66 1319 142 1374 qui
175 1318 271 1360 haec
303 1319 462 1370 vident,
494 1319 799 1371 adolescentes,
819 1334 1008 1374 quonam
1043 1334 1137 1361 suas
1170 1331 1333 1362 mentes
1354 1322 1502 1363 confe-

68 1378 190 1418 rent?
214 1376 295 1427 ille,
317 1376 390 1431 qui
414 1386 694 1418 monumenta
715 1376 901 1432 publica,
923 1377 995 1432 qui
1020 1378 1132 1418 aedes
1154 1393 1306 1429 sacrem,
1329 1380 1401 1434 qui
1425 1380 1500 1420 do-
1513 1396 1545 1426 p.
1561 1386 1615 1416 23.

68 1446 162 1473 mos
195 1433 467 1474 inimieorum
497 1448 670 1474 suorum
693 1436 979 1490 oppugnavit,
1001 1434 1179 1486 excidit,
1201 1436 1407 1487 incendit,
1427 1438 1544 1492 quia.

71 1489 254 1546 stipatus
278 1504 444 1547 semper
468 1491 645 1542 sicariis,
676 1503 820 1547 septus
851 1491 1040 1542 armatis,
1063 1493 1253 1533 munitus
1288 1494 1503 1535 indicibus

70 1546 168 1598 fuit,
189 1561 371 1602 quorum
396 1548 523 1589 hodie
545 1549 672 1604 copia
699 1548 924 1600 redundat,
946 1549 1018 1603 qui
1041 1558 1084 1589 et
1114 1551 1384 1606 peregrinam
1416 1566 1507 1592 ma-

69 1618 174 1645 num
198 1604 536 1646 facinorosorum
558 1605 809 1656 concitavit,
831 1616 874 1646 et
896 1620 1038 1646 servos
1061 1607 1115 1647 ad
1137 1608 1299 1648 caedem
1329 1609 1506 1650 idoneos

70 1662 191 1712 emit,
215 1671 258 1702 et
288 1661 333 1702 in
364 1662 582 1703 tribunatu
605 1677 816 1704 carcerem
841 1672 980 1704 totum
1012 1663 1054 1703 in
1079 1663 1217 1705 forum
1242 1664 1409 1717 effudit,
1433 1681 1506 1707 vo-

71 1717 168 1759 litat
198 1718 348 1769 aedilis,
371 1730 544 1760 accusat
565 1734 678 1771 eum,
698 1720 770 1775 qui
801 1720 943 1776 aliqua
963 1734 1020 1760 ex
1055 1730 1174 1776 parte
1202 1721 1294 1777 ejus
1319 1722 1505 1764 furorem

72 1775 362 1818 exsultantem
386 1777 598 1833 repressit.
624 1776 708 1829 hic,
731 1778 804 1832 qui
829 1792 871 1818 se
894 1786 959 1817 est
981 1788 1144 1819 tutatus
1167 1779 1242 1829 sic,
1265 1789 1312 1820 ut
1344 1781 1387 1821 in
1420 1781 1506 1837 pri-

72 1842 173 1874 vata
193 1846 238 1873 re
257 1833 359 1875 deos
389 1843 566 1889 penates
597 1849 710 1886 suOS,
733 1835 774 1875 in
799 1834 1018 1891 republica
1036 1835 1137 1890 jura
1159 1837 1403 1879 tribunatus
1432 1853 1506 1879 au-

72 1890 292 1946 spiciaque
323 1890 584 1942 defenderet,
615 1906 814 1933 accusare
844 1906 941 1933 eum
973 1893 1208 1944 moderate,
1242 1909 1266 1934 a
1296 1910 1382 1950 quo
1415 1895 1507 1951 ipse

73 1946 236 1988 nefarie
257 1958 496 1999 accusatur,
520 1963 593 2004 per
616 1958 786 1989 senatus
808 1950 1111 1990 auctoritatem
1135 1965 1219 1991 non
1241 1962 1306 1993 est
1328 1953 1449 1994 situs.

131 2003 348 2045 Nimirum
368 2005 451 2046 hoc
474 2005 574 2047 illud
597 2015 675 2057 est,
697 2007 814 2062 quod
835 2007 888 2048 de
910 2020 978 2047 me
1003 2008 1275 2063 potissimum
1302 2019 1345 2050 tu
1370 2011 1412 2051 in
1436 2025 1505 2052 ac·
1517 2025 1569 2061 96

71 2061 295 2103 cusatione
318 2062 526 2117 quaesisti,
547 2078 644 2119 quae
675 2073 786 2104 esset
816 2073 962 2105 nostra
981 2065 1099 2106 natio
1123 2066 1415 2120 optimatium.
1446 2068 1508 2110 sic

72 2119 188 2160 enim
210 2119 374 2160 dixisti.
438 2119 547 2160 Rem
570 2121 726 2176 quaeris
753 2121 999 2177 praeclaram
1021 2121 1242 2177 juventuti
1266 2125 1318 2166 ad
1341 2126 1509 2167 discen-

73 2175 190 2227 dum,
212 2190 292 2217 nec
324 2176 430 2217 mihi
461 2177 680 2218 difficilem
715 2179 768 2219 ad
800 2178 1134 2234 perdocendum.
1167 2180 1221 2221 de
1247 2196 1332 2237 qua
1355 2197 1508 2239 pauca,

68 2232 254 2289 judices,
275 2233 442 2276 dicam:
475 2244 532 2284 et,
555 2243 603 2275 ut
632 2235 831 2286 arbitror,
853 2249 931 2276 nec
963 2237 1017 2277 ab
1040 2236 1225 2278 utilitate
1247 2253 1410 2290 eorum,
1432 2241 1508 2296 qui
1564 2268 1568 2272 -

73 2290 263 2341 audient,
296 2304 373 2331 nec
404 2292 458 2331 ab
480 2291 626 2332 officio
649 2301 810 2344 nostro,
832 2307 911 2333 nec
943 2294 997 2334 ab
1023 2294 1116 2350 ipsa
1135 2309 1264 2336 causa
1297 2297 1346 2338 P.
1367 2297 1505 2339 Sextii

73 2347 322 2389 abhorrebit
343 2348 480 2389 oratio
503 2364 612 2390 mea.
674 2349 775 2390 Duo
798 2363 955 2406 genera
976 2365 1143 2407 semper
1163 2353 1206 2393 in
1229 2353 1310 2395 hac
1331 2355 1508 2396 civitate
1520 2347 1590 2398 45

74 2405 116 2435 42
129 2403 302 2446 fuerunt
331 2419 495 2456 eorum,
517 2407 591 2461 qui
622 2407 779 2448 versari
812 2408 857 2448 in
890 2408 1123 2463 republica,
1145 2418 1275 2465 atque
1308 2412 1351 2452 in
1381 2426 1433 2453 ea
1464 2427 1508 2453 se

75 2461 353 2503 excellentius
376 2477 522 2519 gerere
553 2464 828 2506 studuerunt:
860 2464 1017 2520 quibus
1039 2479 1093 2506 ex
1126 2467 1355 2522 generibus
1387 2469 1509 2510 alteri

76 2531 121 2561 Se
152 2519 394 2575 populares,
427 2520 547 2561 alteri
579 2521 810 2578 optimates
840 2532 884 2562 et
913 2521 1060 2564 haberi
1082 2532 1125 2564 et
1146 2538 1238 2566 esse
1267 2526 1508 2567 voluerunt.

69 2573 167 2623 Qui
197 2591 261 2627 ea,
291 2591 389 2632 quae
422 2576 654 2630 faciebant,
684 2593 867 2635 quaeque
896 2579 1114 2633 dicebant,
1145 2581 1411 2624 multitudini
1437 2583 1511 2638 ju-

118 2706 159 2739 39
169 2703 258 2744 sort.
273 2715 314 2736 ac
325 2715 492 2738 summum
509 2708 626 2748 civem]
651 2708 772 2739 Lucul-
814 2708 997 2740 insolenter
1011 2718 1119 2748 agere,
1134 2709 1219 2741 nihil
1230 2711 1398 2741 timentes.

77 2743 147 2776 lum
161 2747 332 2787 intelligit,
347 2749 441 2788 cujus
457 2749 534 2780 villa
549 2750 634 2790 apud
647 2751 773 2782 Tuscu-
856 2753 893 2782 41
925 2751 963 2781 de
999 2752 1090 2781 aea'ile
1116 2752 1197 2793 ipso]
1231 2753 1360 2790 Clodio,
1388 2754 1444 2793 qui
1472 2763 1513 2784 e·

76 2785 147 2823 lum
162 2790 334 2828 magnifiee
349 2791 510 2822 aedificata
527 2796 590 2829 est,
606 2803 682 2824 cum
704 2794 772 2834 ipse
815 2803 903 2824 anno
918 2793 1020 2823 aedilis
1035 2793 1111 2824 fuit.

69 2835 163 2872 §set
177 2831 211 2860 in
228 2831 313 2862 bello
328 2832 567 2864 Mithridatico.
856 2837 898 2866 42
915 2834 1077 2875 fuerunt,
1105 2836 1418 2878 qui—studuerunt]
1450 2837 1512 2870 Re-

118 2875 160 2903 40
184 2872 253 2909 Hos
275 2875 321 2906 nie
344 2875 498 2917 illudere]
524 2875 713 2908 Libidinose
736 2882 772 2908 et
815 2877 902 2910 etius
915 2877 1093 2910 studerent,
