1785 3185
421 109 539 147 PRO
565 108 611 146 T.
639 107 832 146 ANNIO
860 107 1111 147 MILONE.
1382 112 1480 152 1179

39 213 206 261 nullum
239 213 284 254 in
318 212 423 254 urbe
453 211 613 262 vicum,
639 209 802 251 nullum
834 211 1112 266 angiportum
1144 225 1233 251 esse
1263 212 1481 264 dicebant,

45 273 90 314 in
110 285 196 326 quo
219 268 378 311 Miloni
408 283 494 309 non
525 277 636 308 esset
670 268 886 308 conducta
920 269 1098 308 domus:
1131 282 1248 308 arma
1270 269 1311 309 in
1338 270 1480 311 villain

47 327 349 370 Ocriculanam
369 325 548 366 devecta
564 323 734 366 Tiberi:
759 326 799 355 86
811 325 988 366 domum
1015 325 1056 364 in
1091 323 1203 364 clivo
1227 325 1478 381 Capitsssiuo

45 385 178 427 scutis
197 383 420 425 refertam:
445 382 570 439 plena
591 381 735 423 omnia
757 381 1048 422 malleolorum
1071 380 1120 421 ad
1145 381 1259 421 urbis
1283 383 1481 424 incendia

44 449 407 498 comparatorum.
469 439 580 481 Haec
602 453 686 480 non
709 438 849 479 delata
881 438 1032 488 solum,
1052 438 1122 478 sed
1149 453 1270 493 paene
1291 441 1478 481 credita:

46 512 126 540 nec
158 506 257 539 ante
287 497 509 552 repudiata
543 506 656 548 suut,
677 510 805 551 quam
838 496 1033 550 quaesita.
1094 495 1339 536 Laudabam
1360 498 1478 551 equi·
1491 509 1539 543 65

47 555 144 597 dem
168 554 461 596 incredibilem
487 554 755 609 diligentiam
789 552 870 594 Cn.
899 552 1116 608 Pompeii:
1154 553 1224 593 sed
1254 552 1411 603 dicam,
1434 563 1480 593 ut

47 611 400 668 sentio,judiees.
463 612 603 652 Nimis
627 610 760 651 multa
781 610 927 651 audire
948 620 1177 665 coguntur,
1201 624 1337 664 neque
1360 611 1481 650 aliter

49 669 189 712 facere
212 677 393 726 possunt
423 668 468 720 ii,
499 672 535 702 87
551 668 707 723 quibus
744 677 835 708 tota
866 668 1094 708 commissa
1127 677 1191 707 est
1229 667 1613 722 1-espublica.p-11‡-

50 729 90 758 88
103 726 222 773 Quin
253 725 384 768 etiam
417 725 650 766 audiendus
682 724 810 765 fuerit
844 739 958 780 popa
981 724 1184 773 Licinius,
1208 725 1352 764 nescio
1373 723 1523 779 quis‚'⁴'

51 787 91 819 89
104 784 157 825 de
178 784 309 825 circo.
329 797 471 824 servos
500 782 680 822 Milonis
714 781 826 837 apud
861 796 903 822 se
935 781 1075 822 ebrios
1107 781 1257 830 factos,
1281 781 1358 821 sibi
1383 794 1486 822 con-

52 840 186 882 fessos
218 854 323 891 esse,
355 853 399 880 se
431 840 484 880 de
516 838 813 880 interficiendo
856 838 939 879 Cn.
971 838 1180 893 Pompeio
1216 838 1486 892 conjurasse:

53 898 207 939 deinde
249 906 397 953 postea
433 910 477 936 se
516 895 659 952 gladio
705 910 952 951 percussum
985 909 1075 935 esse
1109 896 1162 935 ab
1201 910 1284 935 uno
1308 896 1360 936 de
1392 895 1488 946 illis,

53 969 107 996 ne
129 954 351 1004 indicaret,
375 952 584 1009 Pompeio
607 953 650 992 in
672 952 820 993 hortos
844 953 1070 993 nuntiavit.
1111 951 1315 993 Arcessor
1338 953 1379 993 in
1405 953 1490 1008 pri-

53 1011 160 1053 mis:
191 1011 244 1052 de
274 1010 510 1052 amicorum
538 1010 749 1051 sententia
778 1023 866 1050 rem
889 1009 1025 1050 defert
1043 1009 1095 1050 ad
1118 1019 1326 1050 senatum.
1388 1010 1489 1050 Non

53 1077 249 1125 poteram
279 1068 324 1108 in
355 1066 464 1108 illius
495 1068 580 1108 mei
612 1067 848 1122 patriaequc
869 1067 1058 1107 custodis
1090 1077 1210 1107 tanta
1231 1067 1490 1122 suspicione,

53 1140 142 1166 non
163 1134 280 1166 metu
302 1125 564 1166 exanimari:
596 1124 668 1164 sed
692 1124 876 1164 mirabar
897 1134 1052 1174 tamen,
1075 1124 1188 1164 credi
1214 1139 1336 1180 popae.
1356 1141 1363 1165 :
1388 1139 1490 1165 con-

51 1181 281 1224 sessionem
305 1196 523 1222 servorum
545 1181 707 1222 audiri:
740 1181 890 1222 vulnus
912 1180 956 1222 in
978 1181 1122 1232 latere,
1144 1182 1258 1235 quod
1283 1196 1360 1222 acu
1383 1196 1490 1237 puu-

54 1248 175 1281 ctum
206 1239 435 1290 videretur,
466 1253 544 1296 pro
573 1239 665 1279 ictu
696 1237 942 1294 gladiatoris
981 1239 1168 1294 probari.
1230 1239 1387 1280 Verum
1426 1250 1488 1281 ta·
1502 1245 1552 1279 66

54 1310 170 1349 men,
191 1304 238 1338 ut
259 1295 468 1352 intellig0‚
491 1296 672 1338 cavebat
704 1296 840 1351 magis
876 1295 1122 1351 Pompeius,
1144 1311 1272 1352 quam
1296 1296 1490 1347 timebat,

55 1368 144 1395 non
177 1367 229 1394 ea
255 1353 407 1404 solum,
429 1369 525 1409 quae
559 1351 749 1393 timenda
779 1363 912 1403 erant,
947 1353 1015 1393 sed
1049 1357 1226 1394 omnino
1260 1354 1417 1404 omnia,
1440 1368 1494 1394 ne

57 1410 219 1466 aliquid
251 1425 327 1452 vos
355 1410 578 1451 timeretis.
638 1409 904 1466 Oppugnata
936 1410 1087 1451 domus
1115 1410 1165 1451 C.
1188 1410 1386 1462 Caesaris,
1408 1410 1495 1452 cla-

57 1468 214 1509 tissimi
236 1477 280 1509 et
299 1467 523 1509 fortissimi
553 1467 647 1518 viri,
672 1481 745 1522 per
772 1467 926 1508 multas
958 1468 1096 1508 noetis
1120 1468 1244 1508 horas
1268 1469 1494 1509 nuntiaba-

59 1534 142 1566 tur.
164 1539 290 1566 nemo
319 1525 513 1566 audierat
544 1534 631 1566 tam
655 1524 810 1565 celebri
842 1526 952 1575 loco,
971 1539 1097 1565 nemo
1129 1536 1329 1566 senserat.
1353 1536 1493 1566 tamen

58 1582 326 1624 audiebatur.
386 1582 488 1623 Non
520 1592 714 1638 poteram
737 1580 820 1622 Cn.
845 1581 1117 1637 Pompeium,
1139 1586 1179 1616 90
1196 1583 1495 1638 praestantissi-

57 1653 128 1681 ma
155 1639 315 1680 virtute
345 1638 499 1690 virum,
521 1639 721 1680 timidum
753 1639 981 1694 suspicari:
1014 1639 1296 1694 diligentiam,
1322 1650 1411 1680 tota
1433 1654 1498 1681 re-

56 1695 233 1752 publica
262 1706 473 1752 suscepta,
496 1697 675 1737 nimiam
707 1695 868 1737 nullam
903 1697 1123 1752 putabam.
1186 1697 1497 1751 Frequentissi-

58 1767 131 1794 mo
173 1763 323 1794 senatu
356 1768 492 1810 nuper
523 1753 566 1795 in
600 1752 834 1809 Capitolio,
868 1763 1037 1794 senator
1071 1754 1269 1794 inventus
1309 1764 1387 1804 est,
1423 1755 1496 1809 qui

60 1808 275 1852 Milonem
307 1825 406 1851 cum
440 1810 524 1852 telo
555 1810 645 1851 esse
675 1811 851 1852 diceret.
873 1811 1053 1852 nudavit
1085 1826 1128 1851 se
1160 1812 1203 1851 in
1226 1812 1496 1853 sanctissimo

60 1867 237 1923 templo,
254 1868 457 1922 quoniam
489 1868 579 1909 vita
610 1867 705 1908 talis
737 1877 781 1908 et
812 1868 933 1918 civis,
953 1878 995 1908 et
1027 1868 1120 1919 viri,
1152 1868 1279 1909 fidem
1313 1883 1399 1909 non
1433 1867 1496 1910 fa-

59 1923 217 1975 ciebat,
238 1927 276 1958 91
291 1925 388 1975 nisi,
406 1939 457 1965 eo
477 1934 660 1976 tacente,
682 1939 747 1966 res
778 1925 871 1980 ipsa
890 1925 1149 1980 loqueretur.
1211 1925 1371 1966 Omnia
1392 1925 1496 1968 falsa
1510 1922 1578 1971 25

61 1990 191 2036 atque
207 1984 248 2016 92
262 1980 464 2022 insidiose
496 1982 599 2024 ficta
628 1992 850 2037 comperta
882 1991 994 2023 sunt.
1057 1982 1222 2029 Quodsi
1249 1993 1387 2024 tamen
1411 1998 1496 2024 me-
1509 1995 1556 2033 67

59 2038 198 2079 tuitur
228 2038 357 2079 etiam
391 2053 505 2080 nunc
537 2038 664 2090 Milo,
687 2054 774 2080 non
807 2039 890 2080 boc
915 2038 1009 2094 jam
1043 2038 1301 2080 Clodianum
1336 2040 1498 2081 crimen

105 2150 147 2181 86
167 2149 462 2190 domus—referta]
483 2151 558 2181 Sine
571 2151 669 2182 dubio
684 2152 762 2182 scri-

65 2193 131 2232 psit
160 2193 274 2223 Cicero
302 2192 655 2233 domum—refertam.
685 2204 763 2224 nam

66 2235 179 2266 omnia
210 2235 264 2266 hic
298 2242 377 2266 sunt
412 2236 448 2266 in
481 2238 680 2274 accusativo,
709 2237 764 2275 qui

805 2152 978 2193 absorpsit,
993 2157 1032 2181 ut
1046 2152 1272 2192 strpemltima
1286 2154 1319 2183 in
1335 2162 1408 2184 esse.
1434 2154 1501 2185 De-

806 2195 902 2234 nique
917 2200 1075 2234 punctum
1092 2194 1210 2224 sustuli
1233 2199 1307 2234 post
1321 2196 1482 2227 indicaret
1492 2209 1502 2226 .-

806 2237 891 2276 quod
908 2243 941 2266 et
955 2236 1026 2267 edd.
1037 2237 1088 2266 W.
1103 2237 1193 2268 Crat.
1206 2237 1307 2267 abest.
1351 2237 1437 2268 Nam
1452 2248 1502 2269 se-

69 2277 191 2317 pende't
206 2278 246 2308 ab
262 2287 336 2308 esse.

111 2320 149 2352 87
173 2320 287 2360 quibus
308 2323 377 2350 tota
397 2320 567 2350 commissa
588 2325 634 2351 est
655 2330 764 2361 respu-

71 2359 170 2400 blica]
196 2362 264 2392 Cur
291 2362 422 2392 additur
450 2364 546 2392 tota?
581 2372 656 2393 eum
685 2363 765 2393 alias

69 2410 197 2442 semper
215 2404 407 2444 simpliciter
425 2405 586 2443 permissa
611 2406 766 2444 respubli-

73 2453 125 2480 ca,
137 2445 205 2476 sine
219 2451 286 2476 tota
301 2450 359 2476 aut
372 2447 538 2484 universa,
549 2447 686 2478 dicatur.
703 2448 766 2478 Ve-

72 2495 146 2516 reor
160 2496 200 2517 ne
215 2487 257 2517 sit
275 2498 293 2518 a
307 2488 424 2527 glossa.

115 2530 155 2558 88
188 2528 280 2569 ‚Quin
307 2531 407 2561 etiam
436 2540 468 2560 α.
495 2530 549 2570 sit]
577 2531 658 2562 Mss.
687 2531 763 2562 boni

61 2567 186 2609 suerit.
230 2571 280 2601 An
291 2572 394 2612 fuit?
417 2583 492 2602 nam
520 2583 587 2603 non
616 2580 763 2613 apparet,

74 2620 174 2650 quare
195 2614 422 2652 conjunctivus
443 2615 486 2644 sit
507 2615 540 2645 h.
568 2616 589 2645 l.
633 2616 765 2646 Interea

65 2651 179 2694 fuerit
194 2655 298 2694 recepi
313 2665 386 2685 cum
402 2657 544 2688 Gra-vio.

119 2696 159 2728 89
181 2695 219 2724 de
237 2697 320 2726 circo
341 2698 497 2738 maximo]
521 2699 684 2729 Vitiosum
707 2709 766 2739 pu-

76 2736 144 2765 tavi
171 2738 332 2768 maa-imo.-
363 2749 438 2770 cum
467 2741 544 2770 alibi
571 2750 698 2781 semper
725 2743 768 2772 sit

78 2781 210 2807 tantum
226 2779 265 2808 de
279 2781 372 2811 circo.
385 2782 458 2820 quia
472 2793 538 2812 non
551 2783 615 2812 fuit
629 2784 662 2812 in
678 2783 768 2813 libris

78 2816 228 2857 Fabricii,
241 2821 354 2852 delevi.
399 2823 480 2853 Mox
493 2824 609 2855 Lamb.
625 2825 707 2854 bene
722 2825 768 2854 vi-

78 2858 128 2895 dit
146 2862 351 2902 se·-excidisse
375 2870 454 2901 ante
476 2866 515 2897 de
536 2866 767 2907 interficiendo.

808 2279 942 2318 quentia
958 2278 1112 2318 Pompeio
1135 2279 1169 2308 in
1190 2280 1222 2309 Ιι.
1239 2289 1271 2308 n.
1296 2280 1439 2319 pendent
1461 2282 1502 2312 ab

801 2330 888 2360 popa
904 2321 1068 2352 Licinius.-
1094 2326 1127 2351 et
1142 2321 1277 2351 fortasse
1293 2322 1326 2351 in
1341 2323 1501 2364 principio

808 2369 885 2393 ante
900 2373 1004 2393 servos
1019 2364 1137 2393 excidit
1150 2364 1215 2402 qui.

850 2409 890 2439 90
907 2407 1181 2445 proestantissz'ma.
1207 2415 1237 2435 τ’.
1262 2406 1386 2445 virum]
1411 2407 1502 2439 Beue

808 2448 916 2477 virum
940 2458 997 2487 pro
1025 2447 1158 2487 vulgato
1184 2449 1284 2478 civem
1308 2459 1325 2478 e
1351 2449 1430 2480 Mss.
1454 2460 1503 2480 re-

807 2490 893 2529 cepit
909 2489 1067 2520 Graevius.
1113 2491 1164 2520 Sic
1179 2496 1212 2519 et
1228 2491 1277 2520 ed.
1292 2491 1342 2520 W.

848 2534 885 2566 91
904 2533 966 2562 nisi
981 2542 1014 2562 eo
1029 2533 1166 2571 tacente]
1186 2533 1268 2562 Μῦς.
1285 2533 1361 2562 boni
1376 2537 1425 2569 ut,
1442 2543 1500 2574 pro

807 2574 880 2604 nisi.
906 2575 1026 2614 recepit
1049 2575 1205 2605 Gz-aexius.
1233 2585 1298 2604 non
1325 2575 1420 2605 male.
1444 2576 1501 2606 sed

807 2616 854 2646 ita
869 2616 947 2646 ordo
962 2616 1103 2654 intelligi
1125 2616 1222 2647 debet
1243 2616 1309 2653 hie,
1328 2621 1376 2653 ut,
1391 2619 1502 2656 quoni-

808 2657 1058 2697 am—j'aciehat,
1073 2668 1107 2688 eo
1122 2663 1144 2688 t.
1161 2660 1219 2688 ἃς.

850 2703 890 2734 92
911 2700 1165 2739 insidioseficIa]
1188 2700 1325 2730 videtur
1340 2700 1420 2730 mihi
1436 2710 1504 2731 rne-

810 2742 872 2772 lius
895 2743 963 2772 fore
987 2744 1139 2772 invidiose
1149 2742 1249 2783 fieta.
1273 2751 1349 2772 nam
1378 2742 1504 2774 insidiae

811 2793 882 2822 qua?
898 2783 949 2813 hie
964 2785 1043 2821 sint,
1059 2794 1125 2814 non
1148 2783 1250 2814 video,
1294 2783 1408 2815 Paullo
1431 2790 1506 2825 post

810 2835 869 2865 pro
879 2825 996 2855 audire
1005 2826 1173 2865 eleganter
1187 2825 1325 2865 conjecit
1335 2827 1504 2865 exaudire,

812 2867 899 2906 quod
911 2873 960 2900 est
976 2877 1105 2908 semper
1118 2868 1152 2898 iu
1166 2867 1227 2902 hac
1243 2868 1358 2900 forma.
