<?xml version="1.0" encoding="UTF-8"?>
<!DOCTYPE html PUBLIC "-//W3C//DTD XHTML 1.0 Transitional//EN"
    "http://www.w3.org/TR/xhtml1/DTD/xhtml1-transitional.dtd">
<html xmlns="http://www.w3.org/1999/xhtml" xml:lang="en" lang="en">
 <head>
  <title>
</title>
<meta http-equiv="Content-Type" content="text/html;charset=utf-8" />
  <meta name='ocr-system' content='tesseract 3.04.00' />
  <meta name='ocr-capabilities' content='ocr_page ocr_carea ocr_par ocr_line ocrx_word'/>
</head>
<body>
  <div class='ocr_page' id='page_1' title='image "./p2operaomnia02ciceuoft_0381.png"; bbox 0 0 1817 3169; ppageno 0'>
   <div class='ocr_carea' id='block_1_1' title="bbox 421 120 1535 166">
    <p class='ocr_par' dir='ltr' id='par_1_1' title="bbox 421 120 1535 166">
     <span class='ocr_line' id='line_1_1' title="bbox 421 120 1535 166; baseline 0.001 -3"><span class='ocrx_word' id='word_1_1' title='bbox 421 123 540 163; x_wconf 86' lang='lat' dir='ltr'>PRO</span> <span class='ocrx_word' id='word_1_2' title='bbox 566 122 612 160; x_wconf 88' lang='lat' dir='ltr'>L.</span> <span class='ocrx_word' id='word_1_3' title='bbox 640 120 952 159; x_wconf 85' lang='lat' dir='ltr'>CORNELIO</span> <span class='ocrx_word' id='word_1_4' title='bbox 976 120 1184 160; x_wconf 86' lang='lat' dir='ltr'><strong>BALBO.</strong></span> <span class='ocrx_word' id='word_1_5' title='bbox 1434 125 1535 166; x_wconf 83' lang='grc'><strong>1097</strong></span> 
     </span>
    </p>
   </div>
   <div class='ocr_carea' id='block_1_2' title="bbox 85 222 1645 1830">
    <p class='ocr_par' dir='ltr' id='par_1_2' title="bbox 85 222 1645 1830">
     <span class='ocr_line' id='line_1_2' title="bbox 88 222 1536 286; baseline 0 -16"><span class='ocrx_word' id='word_1_6' title='bbox 88 228 198 286; x_wconf 85' lang='lat' dir='ltr'>lege,</span> <span class='ocrx_word' id='word_1_7' title='bbox 218 222 428 276; x_wconf 85' lang='lat' dir='ltr'>videmus,</span> <span class='ocrx_word' id='word_1_8' title='bbox 446 227 606 268; x_wconf 61' lang='lat' dir='ltr'>*usatis</span> <span class='ocrx_word' id='word_1_9' title='bbox 628 239 719 266; x_wconf 79' lang='lat' dir='ltr'>csse</span> <span class='ocrx_word' id='word_1_10' title='bbox 750 235 963 275; x_wconf 85' lang='lat' dir='ltr'>sanctum,</span> <span class='ocrx_word' id='word_1_11' title='bbox 984 225 1048 265; x_wconf 89' lang='lat' dir='ltr'>uti</span> <span class='ocrx_word' id='word_1_12' title='bbox 1079 224 1194 266; x_wconf 85' lang='lat' dir='ltr'>cives</span> <span class='ocrx_word' id='word_1_13' title='bbox 1227 223 1414 269; x_wconf 88' lang='lat' dir='ltr'>Romani</span> <span class='ocrx_word' id='word_1_14' title='bbox 1447 228 1536 270; x_wconf 85' lang='lat' dir='ltr'>sint</span> 
     </span>
     <span class='ocr_line' id='line_1_3' title="bbox 90 281 1534 341; baseline -0.006 -14"><span class='ocrx_word' id='word_1_15' title='bbox 90 287 137 338; x_wconf 88' lang='lat' dir='ltr'>ii,</span> <span class='ocrx_word' id='word_1_16' title='bbox 159 299 267 341; x_wconf 86' lang='lat' dir='ltr'>quos</span> <span class='ocrx_word' id='word_1_17' title='bbox 299 284 381 326; x_wconf 88' lang='lat' dir='ltr'>Cn.</span> <span class='ocrx_word' id='word_1_18' title='bbox 407 283 642 340; x_wconf 84' lang='lat' dir='ltr'>Pompeius</span> <span class='ocrx_word' id='word_1_19' title='bbox 673 283 726 324; x_wconf 92' lang='lat' dir='ltr'>de</span> <span class='ocrx_word' id='word_1_20' title='bbox 750 282 919 324; x_wconf 87' lang='lat' dir='ltr'>consilii</span> <span class='ocrx_word' id='word_1_21' title='bbox 942 281 1157 322; x_wconf 87' lang='lat' dir='ltr'>sententia</span> <span class='ocrx_word' id='word_1_22' title='bbox 1178 282 1398 338; x_wconf 85' lang='lat' dir='ltr'>sigillatim</span> <span class='ocrx_word' id='word_1_23' title='bbox 1419 288 1460 317; x_wconf 80' lang='lat'>4⁵</span> <span class='ocrx_word' id='word_1_24' title='bbox 1472 287 1534 327; x_wconf 88' lang='lat' dir='ltr'>ci-</span> 
     </span>
     <span class='ocr_line' id='line_1_4' title="bbox 90 338 1533 394; baseline -0.005 -11"><span class='ocrx_word' id='word_1_25' title='bbox 90 344 224 385; x_wconf 85' lang='lat' dir='ltr'>vitate</span> <span class='ocrx_word' id='word_1_26' title='bbox 246 342 430 383; x_wconf 85' lang='lat' dir='ltr'>donarit.</span> <span class='ocrx_word' id='word_1_27' title='bbox 478 340 703 383; x_wconf 86' lang='lat' dir='ltr'>Donatum</span> <span class='ocrx_word' id='word_1_28' title='bbox 724 353 816 381; x_wconf 91' lang='lat' dir='ltr'>esse</span> <span class='ocrx_word' id='word_1_29' title='bbox 841 339 890 380; x_wconf 88' lang='lat' dir='ltr'>L.</span> <span class='ocrx_word' id='word_1_30' title='bbox 916 338 1167 380; x_wconf 89' lang='lat' dir='ltr'>Cornelium</span> <span class='ocrx_word' id='word_1_31' title='bbox 1190 353 1376 394; x_wconf 84' lang='lat' dir='ltr'>praesens</span> <span class='ocrx_word' id='word_1_32' title='bbox 1401 341 1533 384; x_wconf 86' lang='lat' dir='ltr'>Pom-</span> 
     </span>
     <span class='ocr_line' id='line_1_5' title="bbox 90 395 1530 456; baseline 0 -16"><span class='ocrx_word' id='word_1_33' title='bbox 90 399 212 456; x_wconf 86' lang='lat' dir='ltr'>peius</span> <span class='ocrx_word' id='word_1_34' title='bbox 249 400 380 441; x_wconf 88' lang='lat' dir='ltr'>dicit:</span> <span class='ocrx_word' id='word_1_35' title='bbox 419 398 613 440; x_wconf 86' lang='lat' dir='ltr'>indicant</span> <span class='ocrx_word' id='word_1_36' title='bbox 650 396 836 454; x_wconf 84' lang='lat' dir='ltr'>publicae</span> <span class='ocrx_word' id='word_1_37' title='bbox 868 395 1057 438; x_wconf 87' lang='lat' dir='ltr'>tabulae:</span> <span class='ocrx_word' id='word_1_38' title='bbox 1096 406 1319 437; x_wconf 85' lang='lat' dir='ltr'>accusator</span> <span class='ocrx_word' id='word_1_39' title='bbox 1357 396 1530 440; x_wconf 88' lang='lat' dir='ltr'>fatetur.</span> 
     </span>
     <span class='ocr_line' id='line_1_6' title="bbox 90 454 1530 513; baseline -0.001 -15"><span class='ocrx_word' id='word_1_40' title='bbox 90 456 164 498; x_wconf 83' lang='lat' dir='ltr'>sed</span> <span class='ocrx_word' id='word_1_41' title='bbox 193 466 339 513; x_wconf 84' lang='lat' dir='ltr'>negat,</span> <span class='ocrx_word' id='word_1_42' title='bbox 359 470 415 497; x_wconf 84' lang='lat' dir='ltr'>ex</span> <span class='ocrx_word' id='word_1_43' title='bbox 435 454 649 497; x_wconf 87' lang='lat' dir='ltr'>foederato</span> <span class='ocrx_word' id='word_1_44' title='bbox 681 454 841 511; x_wconf 90' lang='lat' dir='ltr'>populo</span> <span class='ocrx_word' id='word_1_45' title='bbox 863 468 1122 510; x_wconf 85' lang='lat' dir='ltr'><strong>quemquam</strong></span> <span class='ocrx_word' id='word_1_46' title='bbox 1156 454 1360 509; x_wconf 89' lang='lat' dir='ltr'>potuisse,</span> <span class='ocrx_word' id='word_1_47' title='bbox 1384 456 1463 495; x_wconf 82' lang='lat' dir='ltr'>nisi</span> <span class='ocrx_word' id='word_1_48' title='bbox 1496 457 1530 497; x_wconf 90' lang='lat' dir='ltr'>is</span> 
     </span>
     <span class='ocr_line' id='line_1_7' title="bbox 89 511 1594 569; baseline 0.001 -15"><span class='ocrx_word' id='word_1_49' title='bbox 89 513 275 569; x_wconf 90' lang='lat' dir='ltr'>populus</span> <span class='ocrx_word' id='word_1_50' title='bbox 295 513 507 555; x_wconf 80' lang='lat' dir='ltr'>46fundus</span> <span class='ocrx_word' id='word_1_51' title='bbox 529 512 668 554; x_wconf 86' lang='lat' dir='ltr'>factus</span> <span class='ocrx_word' id='word_1_52' title='bbox 689 520 814 563; x_wconf 86' lang='lat' dir='ltr'>esset,</span> <span class='ocrx_word' id='word_1_53' title='bbox 835 511 880 553; x_wconf 88' lang='lat' dir='ltr'>in</span> <span class='ocrx_word' id='word_1_54' title='bbox 901 511 1013 553; x_wconf 78' lang='lat' dir='ltr'>lianc</span> <span class='ocrx_word' id='word_1_55' title='bbox 1033 511 1256 553; x_wconf 80' lang='lat' dir='ltr'>civitatem</span> <span class='ocrx_word' id='word_1_56' title='bbox 1280 512 1437 553; x_wconf 85' lang='lat' dir='ltr'>venire.</span> <span class='ocrx_word' id='word_1_57' title='bbox 1490 512 1594 555; x_wconf 76' lang='lat'>020</span> 
     </span>
     <span class='ocr_line' id='line_1_8' title="bbox 90 569 1533 627; baseline 0 -17"><span class='ocrx_word' id='word_1_58' title='bbox 90 570 344 627; x_wconf 65' lang='lat' dir='ltr'>praeclarum</span> <span class='ocrx_word' id='word_1_59' title='bbox 375 570 653 627; x_wconf 82' lang='lat' dir='ltr'>interpretem</span> <span class='ocrx_word' id='word_1_60' title='bbox 676 569 818 625; x_wconf 88' lang='lat' dir='ltr'>juris!</span> <span class='ocrx_word' id='word_1_61' title='bbox 850 578 1071 611; x_wconf 86' lang='lat' dir='ltr'>auctorem</span> <span class='ocrx_word' id='word_1_62' title='bbox 1103 569 1403 624; x_wconf 78' lang='lat' dir='ltr'>antiquitatis!</span> <span class='ocrx_word' id='word_1_63' title='bbox 1437 585 1533 610; x_wconf 88' lang='lat' dir='ltr'>cor-</span> 
     </span>
     <span class='ocr_line' id='line_1_9' title="bbox 90 626 1534 683; baseline 0 -15"><span class='ocrx_word' id='word_1_64' title='bbox 90 636 303 669; x_wconf 85' lang='lat' dir='ltr'>rectorem</span> <span class='ocrx_word' id='word_1_65' title='bbox 340 637 469 683; x_wconf 89' lang='lat' dir='ltr'>atque</span> <span class='ocrx_word' id='word_1_66' title='bbox 505 626 826 668; x_wconf 86' lang='lat' dir='ltr'>emendatorem</span> <span class='ocrx_word' id='word_1_67' title='bbox 867 635 1026 668; x_wconf 87' lang='lat' dir='ltr'>nostrae</span> <span class='ocrx_word' id='word_1_68' title='bbox 1062 626 1275 668; x_wconf 87' lang='lat' dir='ltr'>civitatis!</span> <span class='ocrx_word' id='word_1_69' title='bbox 1308 627 1381 682; x_wconf 89' lang='lat' dir='ltr'>qui</span> <span class='ocrx_word' id='word_1_70' title='bbox 1422 626 1534 668; x_wconf 87' lang='lat' dir='ltr'>hanc</span> 
     </span>
     <span class='ocr_line' id='line_1_10' title="bbox 88 683 1536 740; baseline -0.001 -14"><span class='ocrx_word' id='word_1_71' title='bbox 88 698 267 740; x_wconf 87' lang='lat' dir='ltr'>poenam</span> <span class='ocrx_word' id='word_1_72' title='bbox 291 684 529 727; x_wconf 87' lang='lat' dir='ltr'>foederibus</span> <span class='ocrx_word' id='word_1_73' title='bbox 552 684 783 734; x_wconf 82' lang='lat' dir='ltr'>adscribat,</span> <span class='ocrx_word' id='word_1_74' title='bbox 807 691 856 724; x_wconf 89' lang='lat' dir='ltr'>ut</span> <span class='ocrx_word' id='word_1_75' title='bbox 876 684 1071 725; x_wconf 90' lang='lat' dir='ltr'>omnium</span> <span class='ocrx_word' id='word_1_76' title='bbox 1093 683 1372 740; x_wconf 68' lang='lat' dir='ltr'>praemiorum</span> <span class='ocrx_word' id='word_1_77' title='bbox 1407 684 1536 725; x_wconf 88' lang='lat' dir='ltr'>bene-</span> 
     </span>
     <span class='ocr_line' id='line_1_11' title="bbox 90 740 1536 798; baseline 0 -15"><span class='ocrx_word' id='word_1_78' title='bbox 90 741 375 798; x_wconf 86' lang='lat' dir='ltr'>ficiorumque</span> <span class='ocrx_word' id='word_1_79' title='bbox 411 753 657 783; x_wconf 89' lang='lat' dir='ltr'>nostrorum</span> <span class='ocrx_word' id='word_1_80' title='bbox 693 749 891 797; x_wconf 87' lang='lat' dir='ltr'>expertes</span> <span class='ocrx_word' id='word_1_81' title='bbox 930 740 1062 782; x_wconf 88' lang='lat' dir='ltr'>faciat</span> <span class='ocrx_word' id='word_1_82' title='bbox 1103 741 1354 782; x_wconf 73' lang='lat' dir='ltr'>foederatos,</span> <span class='ocrx_word' id='word_1_83' title='bbox 1416 742 1536 788; x_wconf 85' lang='lat' dir='ltr'>Quid</span> 
     </span>
     <span class='ocr_line' id='line_1_12' title="bbox 90 798 1537 856; baseline 0 -17"><span class='ocrx_word' id='word_1_84' title='bbox 90 800 207 841; x_wconf 88' lang='lat' dir='ltr'>enim</span> <span class='ocrx_word' id='word_1_85' title='bbox 240 801 381 856; x_wconf 90' lang='lat' dir='ltr'>potuit</span> <span class='ocrx_word' id='word_1_86' title='bbox 411 800 497 841; x_wconf 89' lang='lat' dir='ltr'>dici</span> <span class='ocrx_word' id='word_1_87' title='bbox 528 798 783 855; x_wconf 89' lang='lat' dir='ltr'>imperitius,</span> <span class='ocrx_word' id='word_1_88' title='bbox 805 812 934 853; x_wconf 86' lang='lat' dir='ltr'>quam</span> <span class='ocrx_word' id='word_1_89' title='bbox 966 798 1200 839; x_wconf 80' lang='lat' dir='ltr'>foederatos</span> <span class='ocrx_word' id='word_1_90' title='bbox 1233 798 1415 854; x_wconf 87' lang='lat' dir='ltr'>populos</span> <span class='ocrx_word' id='word_1_91' title='bbox 1444 799 1537 839; x_wconf 87' lang='lat' dir='ltr'>fieri</span> 
     </span>
     <span class='ocr_line' id='line_1_13' title="bbox 91 855 1538 914; baseline -0.001 -16"><span class='ocrx_word' id='word_1_92' title='bbox 91 855 250 898; x_wconf 88' lang='lat' dir='ltr'>fundos</span> <span class='ocrx_word' id='word_1_93' title='bbox 271 859 496 914; x_wconf 84' lang='lat' dir='ltr'>oportere?</span> <span class='ocrx_word' id='word_1_94' title='bbox 515 871 614 898; x_wconf 89' lang='lat' dir='ltr'>nam</span> <span class='ocrx_word' id='word_1_95' title='bbox 637 856 679 897; x_wconf 91' lang='lat' dir='ltr'>id</span> <span class='ocrx_word' id='word_1_96' title='bbox 699 870 785 897; x_wconf 90' lang='lat' dir='ltr'>non</span> <span class='ocrx_word' id='word_1_97' title='bbox 808 855 947 911; x_wconf 81' lang='lat' dir='ltr'>magis</span> <span class='ocrx_word' id='word_1_98' title='bbox 968 864 1033 896; x_wconf 88' lang='lat' dir='ltr'>est</span> <span class='ocrx_word' id='word_1_99' title='bbox 1054 856 1276 912; x_wconf 88' lang='lat' dir='ltr'>proprium</span> <span class='ocrx_word' id='word_1_100' title='bbox 1299 856 1538 897; x_wconf 86' lang='lat' dir='ltr'>foederato-</span> 
     </span>
     <span class='ocr_line' id='line_1_14' title="bbox 90 912 1537 970; baseline -0.001 -15"><span class='ocrx_word' id='word_1_101' title='bbox 90 927 202 964; x_wconf 85' lang='lat' dir='ltr'>rum,</span> <span class='ocrx_word' id='word_1_102' title='bbox 224 929 352 970; x_wconf 87' lang='lat' dir='ltr'>quam</span> <span class='ocrx_word' id='word_1_103' title='bbox 375 914 568 955; x_wconf 89' lang='lat' dir='ltr'>omnium</span> <span class='ocrx_word' id='word_1_104' title='bbox 593 913 840 954; x_wconf 85' lang='lat' dir='ltr'>liberorum.</span> <span class='ocrx_word' id='word_1_105' title='bbox 893 913 976 954; x_wconf 86' lang='lat' dir='ltr'>Sed</span> <span class='ocrx_word' id='word_1_106' title='bbox 1001 921 1142 954; x_wconf 87' lang='lat' dir='ltr'>totum</span> <span class='ocrx_word' id='word_1_107' title='bbox 1163 913 1262 964; x_wconf 84' lang='lat' dir='ltr'>hoc,</span> <span class='ocrx_word' id='word_1_108' title='bbox 1279 912 1467 968; x_wconf 83' lang='lat' dir='ltr'>judices,</span> <span class='ocrx_word' id='word_1_109' title='bbox 1490 913 1537 954; x_wconf 87' lang='lat' dir='ltr'>in</span> 
     </span>
     <span class='ocr_line' id='line_1_15' title="bbox 91 970 1537 1027; baseline 0.001 -16"><span class='ocrx_word' id='word_1_110' title='bbox 91 984 142 1011; x_wconf 84' lang='lat' dir='ltr'>ea</span> <span class='ocrx_word' id='word_1_111' title='bbox 174 970 259 1011; x_wconf 86' lang='lat' dir='ltr'>fuit</span> <span class='ocrx_word' id='word_1_112' title='bbox 286 972 480 1027; x_wconf 76' lang='lat' dir='ltr'>positum</span> <span class='ocrx_word' id='word_1_113' title='bbox 514 985 681 1027; x_wconf 87' lang='lat' dir='ltr'>semper</span> <span class='ocrx_word' id='word_1_114' title='bbox 712 971 878 1011; x_wconf 85' lang='lat' dir='ltr'>ratione</span> <span class='ocrx_word' id='word_1_115' title='bbox 914 980 1042 1026; x_wconf 86' lang='lat' dir='ltr'>atque</span> <span class='ocrx_word' id='word_1_116' title='bbox 1082 971 1309 1022; x_wconf 88' lang='lat' dir='ltr'>sententia,</span> <span class='ocrx_word' id='word_1_117' title='bbox 1342 979 1401 1021; x_wconf 88' lang='lat' dir='ltr'>ut,</span> <span class='ocrx_word' id='word_1_118' title='bbox 1435 985 1537 1012; x_wconf 92' lang='lat' dir='ltr'>cum</span> 
     </span>
     <span class='ocr_line' id='line_1_16' title="bbox 85 1026 1537 1084; baseline 0.001 -17"><span class='ocrx_word' id='word_1_119' title='bbox 85 1026 287 1082; x_wconf 86' lang='lat' dir='ltr'>jussisset</span> <span class='ocrx_word' id='word_1_120' title='bbox 315 1028 498 1084; x_wconf 89' lang='lat' dir='ltr'>populus</span> <span class='ocrx_word' id='word_1_121' title='bbox 531 1028 753 1069; x_wconf 84' lang='lat' dir='ltr'>Romanus</span> <span class='ocrx_word' id='word_1_122' title='bbox 784 1027 971 1083; x_wconf 85' lang='lat' dir='ltr'>aliquid3</span> <span class='ocrx_word' id='word_1_123' title='bbox 1003 1028 1037 1068; x_wconf 89' lang='lat' dir='ltr'>si</span> <span class='ocrx_word' id='word_1_124' title='bbox 1060 1027 1101 1068; x_wconf 86' lang='lat' dir='ltr'>id</span> <span class='ocrx_word' id='word_1_125' title='bbox 1125 1028 1407 1069; x_wconf 87' lang='lat' dir='ltr'>adscivissent</span> <span class='ocrx_word' id='word_1_126' title='bbox 1429 1028 1537 1069; x_wconf 87' lang='lat' dir='ltr'>socii</span> 
     </span>
     <span class='ocr_line' id='line_1_17' title="bbox 93 1084 1539 1141; baseline 0 -15"><span class='ocrx_word' id='word_1_127' title='bbox 93 1084 244 1141; x_wconf 86' lang='lat' dir='ltr'>populi</span> <span class='ocrx_word' id='word_1_128' title='bbox 277 1100 327 1126; x_wconf 89' lang='lat' dir='ltr'>ac</span> <span class='ocrx_word' id='word_1_129' title='bbox 352 1085 509 1136; x_wconf 87' lang='lat' dir='ltr'>Latini,</span> <span class='ocrx_word' id='word_1_130' title='bbox 531 1094 589 1136; x_wconf 89' lang='lat' dir='ltr'>et,</span> <span class='ocrx_word' id='word_1_131' title='bbox 610 1086 644 1126; x_wconf 91' lang='lat' dir='ltr'>si</span> <span class='ocrx_word' id='word_1_132' title='bbox 666 1099 716 1126; x_wconf 87' lang='lat' dir='ltr'>ea</span> <span class='ocrx_word' id='word_1_133' title='bbox 736 1085 821 1136; x_wconf 79' lang='lat' dir='ltr'>lex,</span> <span class='ocrx_word' id='word_1_134' title='bbox 842 1099 972 1140; x_wconf 83' lang='lat' dir='ltr'>quam</span> <span class='ocrx_word' id='word_1_135' title='bbox 995 1099 1074 1125; x_wconf 91' lang='lat' dir='ltr'>nos</span> <span class='ocrx_word' id='word_1_136' title='bbox 1095 1084 1366 1137; x_wconf 85' lang='lat' dir='ltr'>haberemus,</span> <span class='ocrx_word' id='word_1_137' title='bbox 1386 1085 1539 1127; x_wconf 88' lang='lat' dir='ltr'>eadem</span> 
     </span>
     <span class='ocr_line' id='line_1_18' title="bbox 92 1141 1537 1198; baseline 0.001 -15"><span class='ocrx_word' id='word_1_138' title='bbox 92 1142 138 1183; x_wconf 90' lang='lat' dir='ltr'>in</span> <span class='ocrx_word' id='word_1_139' title='bbox 169 1142 330 1198; x_wconf 91' lang='lat' dir='ltr'>populo</span> <span class='ocrx_word' id='word_1_140' title='bbox 364 1143 523 1198; x_wconf 90' lang='lat' dir='ltr'>aliquo,</span> <span class='ocrx_word' id='word_1_141' title='bbox 557 1153 778 1198; x_wconf 81' lang='lat' dir='ltr'>tamquam</span> <span class='ocrx_word' id='word_1_142' title='bbox 810 1143 854 1183; x_wconf 90' lang='lat' dir='ltr'>in</span> <span class='ocrx_word' id='word_1_143' title='bbox 890 1141 1041 1194; x_wconf 87' lang='lat' dir='ltr'>fundo,</span> <span class='ocrx_word' id='word_1_144' title='bbox 1074 1143 1324 1194; x_wconf 86' lang='lat' dir='ltr'>resedisset;</span> <span class='ocrx_word' id='word_1_145' title='bbox 1356 1151 1405 1184; x_wconf 88' lang='lat' dir='ltr'>ut</span> <span class='ocrx_word' id='word_1_146' title='bbox 1442 1151 1537 1184; x_wconf 90' lang='lat' dir='ltr'>tum</span> 
     </span>
     <span class='ocr_line' id='line_1_19' title="bbox 90 1198 1537 1257; baseline 0 -16"><span class='ocrx_word' id='word_1_147' title='bbox 90 1198 188 1255; x_wconf 84' lang='lat' dir='ltr'>lege</span> <span class='ocrx_word' id='word_1_148' title='bbox 221 1200 369 1241; x_wconf 87' lang='lat' dir='ltr'>eadem</span> <span class='ocrx_word' id='word_1_149' title='bbox 404 1200 438 1241; x_wconf 85' lang='lat' dir='ltr'>is</span> <span class='ocrx_word' id='word_1_150' title='bbox 470 1200 655 1257; x_wconf 87' lang='lat' dir='ltr'>populus</span> <span class='ocrx_word' id='word_1_151' title='bbox 689 1208 928 1241; x_wconf 86' lang='lat' dir='ltr'>teneretur:</span> <span class='ocrx_word' id='word_1_152' title='bbox 960 1214 1062 1250; x_wconf 89' lang='lat' dir='ltr'>non,</span> <span class='ocrx_word' id='word_1_153' title='bbox 1096 1210 1144 1240; x_wconf 91' lang='lat' dir='ltr'>ut</span> <span class='ocrx_word' id='word_1_154' title='bbox 1172 1200 1225 1241; x_wconf 89' lang='lat' dir='ltr'>de</span> <span class='ocrx_word' id='word_1_155' title='bbox 1257 1209 1405 1242; x_wconf 87' lang='lat' dir='ltr'>nostro</span> <span class='ocrx_word' id='word_1_156' title='bbox 1434 1199 1537 1255; x_wconf 91' lang='lat' dir='ltr'>jure</span> 
     </span>
     <span class='ocr_line' id='line_1_20' title="bbox 91 1251 1645 1324; baseline 0.005 -32"><span class='ocrx_word' id='word_1_157' title='bbox 91 1258 132 1291; x_wconf 79' lang='lat'>47</span> <span class='ocrx_word' id='word_1_158' title='bbox 147 1256 309 1312; x_wconf 83' lang='lat' dir='ltr'>aliquid</span> <span class='ocrx_word' id='word_1_159' title='bbox 330 1257 655 1310; x_wconf 81' lang='lat' dir='ltr'>diminueretur,</span> <span class='ocrx_word' id='word_1_160' title='bbox 677 1257 750 1298; x_wconf 91' lang='lat' dir='ltr'>sed</span> <span class='ocrx_word' id='word_1_161' title='bbox 774 1266 821 1298; x_wconf 87' lang='lat' dir='ltr'>ut</span> <span class='ocrx_word' id='word_1_162' title='bbox 843 1257 902 1298; x_wconf 89' lang='lat' dir='ltr'>illi</span> <span class='ocrx_word' id='word_1_163' title='bbox 924 1257 1090 1313; x_wconf 85' lang='lat' dir='ltr'>populi,</span> <span class='ocrx_word' id='word_1_164' title='bbox 1113 1266 1187 1298; x_wconf 84' lang='lat' dir='ltr'>aut</span> <span class='ocrx_word' id='word_1_165' title='bbox 1207 1258 1308 1313; x_wconf 76' lang='lat' dir='ltr'>jure</span> <span class='ocrx_word' id='word_1_166' title='bbox 1329 1271 1395 1309; x_wconf 91' lang='lat' dir='ltr'>eo,</span> <span class='ocrx_word' id='word_1_167' title='bbox 1418 1258 1534 1313; x_wconf 96' lang='lat' dir='ltr'>quod</span> <span class='ocrx_word' id='word_1_168' title='bbox 1547 1259 1578 1324; x_wconf 61' lang='grc' dir='ltr'>Ξ·</span> <span class='ocrx_word' id='word_1_169' title='bbox 1594 1251 1645 1285; x_wconf 62' lang='grc'>59*</span> 
     </span>
     <span class='ocr_line' id='line_1_21' title="bbox 94 1314 1577 1370; baseline 0.001 -16"><span class='ocrx_word' id='word_1_170' title='bbox 94 1327 120 1355; x_wconf 84' lang='lat' dir='ltr'>a</span> <span class='ocrx_word' id='word_1_171' title='bbox 155 1314 282 1355; x_wconf 87' lang='lat' dir='ltr'>nobis</span> <span class='ocrx_word' id='word_1_172' title='bbox 320 1324 431 1356; x_wconf 87' lang='lat' dir='ltr'>esset</span> <span class='ocrx_word' id='word_1_173' title='bbox 467 1316 767 1366; x_wconf 81' lang='lat' dir='ltr'>constitutum,</span> <span class='ocrx_word' id='word_1_174' title='bbox 803 1324 878 1356; x_wconf 89' lang='lat' dir='ltr'>aut</span> <span class='ocrx_word' id='word_1_175' title='bbox 911 1315 1055 1370; x_wconf 89' lang='lat' dir='ltr'>aliquo</span> <span class='ocrx_word' id='word_1_176' title='bbox 1088 1315 1319 1356; x_wconf 88' lang='lat' dir='ltr'>commodo</span> <span class='ocrx_word' id='word_1_177' title='bbox 1351 1327 1427 1356; x_wconf 89' lang='lat' dir='ltr'>aut</span> <span class='ocrx_word' id='word_1_178' title='bbox 1462 1316 1536 1356; x_wconf 89' lang='lat' dir='ltr'>be-</span> <span class='ocrx_word' id='word_1_179' title='bbox 1569 1315 1577 1324; x_wconf 90' lang='lat'>&#39;</span> 
     </span>
     <span class='ocr_line' id='line_1_22' title="bbox 93 1371 1597 1429; baseline 0 -18"><span class='ocrx_word' id='word_1_180' title='bbox 93 1371 251 1412; x_wconf 85' lang='lat' dir='ltr'>neficio</span> <span class='ocrx_word' id='word_1_181' title='bbox 273 1380 507 1413; x_wconf 86' lang='lat' dir='ltr'>uterentur.</span> <span class='ocrx_word' id='word_1_182' title='bbox 564 1375 607 1404; x_wconf 78' lang='lat'>48</span> <span class='ocrx_word' id='word_1_183' title='bbox 619 1371 738 1413; x_wconf 86' lang='lat' dir='ltr'>Tulit</span> <span class='ocrx_word' id='word_1_184' title='bbox 759 1372 872 1428; x_wconf 85' lang='lat' dir='ltr'>apud</span> <span class='ocrx_word' id='word_1_185' title='bbox 902 1374 1087 1427; x_wconf 78' lang='lat' dir='ltr'>majores</span> <span class='ocrx_word' id='word_1_186' title='bbox 1118 1381 1287 1413; x_wconf 85' lang='lat' dir='ltr'>nostros</span> <span class='ocrx_word' id='word_1_187' title='bbox 1317 1372 1457 1429; x_wconf 82' lang='lat' dir='ltr'>legem</span> <span class='ocrx_word' id='word_1_188' title='bbox 1481 1371 1597 1415; x_wconf 62' lang='lat' dir='ltr'>(Lm</span> 
     </span>
     <span class='ocr_line' id='line_1_23' title="bbox 95 1427 1539 1476; baseline 0.002 -7"><span class='ocrx_word' id='word_1_189' title='bbox 95 1427 249 1470; x_wconf 87' lang='lat' dir='ltr'>Furius</span> <span class='ocrx_word' id='word_1_190' title='bbox 269 1429 322 1470; x_wconf 90' lang='lat' dir='ltr'>de</span> <span class='ocrx_word' id='word_1_191' title='bbox 344 1429 637 1472; x_wconf 84' lang='lat' dir='ltr'>testamentis:</span> <span class='ocrx_word' id='word_1_192' title='bbox 669 1429 769 1470; x_wconf 88' lang='lat' dir='ltr'>tulit</span> <span class='ocrx_word' id='word_1_193' title='bbox 800 1429 858 1476; x_wconf 83' lang='lat' dir='ltr'>Q.</span> <span class='ocrx_word' id='word_1_194' title='bbox 880 1428 1100 1471; x_wconf 89' lang='lat' dir='ltr'>Voconius</span> <span class='ocrx_word' id='word_1_195' title='bbox 1132 1431 1184 1471; x_wconf 89' lang='lat' dir='ltr'>de</span> <span class='ocrx_word' id='word_1_196' title='bbox 1213 1430 1440 1472; x_wconf 89' lang='lat' dir='ltr'>mulierum</span> <span class='ocrx_word' id='word_1_197' title='bbox 1462 1430 1539 1472; x_wconf 90' lang='lat' dir='ltr'>he-</span> 
     </span>
     <span class='ocr_line' id='line_1_24' title="bbox 93 1485 1540 1543; baseline 0.003 -17"><span class='ocrx_word' id='word_1_198' title='bbox 93 1485 375 1529; x_wconf 85' lang='lat' dir='ltr'>reditatibus:</span> <span class='ocrx_word' id='word_1_199' title='bbox 411 1486 742 1529; x_wconf 87' lang='lat' dir='ltr'>innumerabiles</span> <span class='ocrx_word' id='word_1_200' title='bbox 781 1486 876 1529; x_wconf 80' lang='lat' dir='ltr'>aliae</span> <span class='ocrx_word' id='word_1_201' title='bbox 908 1486 1024 1542; x_wconf 83' lang='lat' dir='ltr'>leges</span> <span class='ocrx_word' id='word_1_202' title='bbox 1060 1487 1114 1528; x_wconf 88' lang='lat' dir='ltr'>de</span> <span class='ocrx_word' id='word_1_203' title='bbox 1151 1487 1268 1529; x_wconf 90' lang='lat' dir='ltr'>civili</span> <span class='ocrx_word' id='word_1_204' title='bbox 1299 1488 1401 1543; x_wconf 85' lang='lat' dir='ltr'>jure</span> <span class='ocrx_word' id='word_1_205' title='bbox 1438 1496 1540 1530; x_wconf 90' lang='lat' dir='ltr'>sunt</span> 
     </span>
     <span class='ocr_line' id='line_1_25' title="bbox 94 1541 1542 1602; baseline 0.001 -18"><span class='ocrx_word' id='word_1_206' title='bbox 94 1541 218 1585; x_wconf 82' lang='lat' dir='ltr'>latae:</span> <span class='ocrx_word' id='word_1_207' title='bbox 250 1546 310 1596; x_wconf 85' lang='lat'>(49</span> <span class='ocrx_word' id='word_1_208' title='bbox 323 1559 427 1599; x_wconf 84' lang='lat' dir='ltr'>quas</span> <span class='ocrx_word' id='word_1_209' title='bbox 460 1544 603 1586; x_wconf 85' lang='lat' dir='ltr'>Latini</span> <span class='ocrx_word' id='word_1_210' title='bbox 633 1545 874 1596; x_wconf 86' lang='lat' dir='ltr'>voluerunt,</span> <span class='ocrx_word' id='word_1_211' title='bbox 903 1544 1176 1585; x_wconf 82' lang='lat' dir='ltr'>adsciverunt</span> <span class='ocrx_word' id='word_1_212' title='bbox 1191 1545 1222 1596; x_wconf 91' lang='lat'>:)</span> <span class='ocrx_word' id='word_1_213' title='bbox 1243 1547 1283 1575; x_wconf 85' lang='lat'>5⁰</span> <span class='ocrx_word' id='word_1_214' title='bbox 1296 1547 1390 1602; x_wconf 85' lang='lat' dir='ltr'>ipsa</span> <span class='ocrx_word' id='word_1_215' title='bbox 1419 1545 1542 1586; x_wconf 86' lang='lat' dir='ltr'>deni-</span> 
     </span>
     <span class='ocr_line' id='line_1_26' title="bbox 92 1599 1540 1697; baseline 0.002 -56"><span class='ocrx_word' id='word_1_216' title='bbox 92 1613 177 1697; x_wconf 51' lang='lat' dir='ltr'>?ue</span> <span class='ocrx_word' id='word_1_217' title='bbox 208 1599 339 1652; x_wconf 78' lang='lat' dir='ltr'>Juha,</span> <span class='ocrx_word' id='word_1_218' title='bbox 371 1616 456 1656; x_wconf 90' lang='lat' dir='ltr'>qua</span> <span class='ocrx_word' id='word_1_219' title='bbox 486 1601 580 1658; x_wconf 84' lang='lat' dir='ltr'>lege</span> <span class='ocrx_word' id='word_1_220' title='bbox 609 1602 762 1644; x_wconf 85' lang='lat' dir='ltr'>civitas</span> <span class='ocrx_word' id='word_1_221' title='bbox 793 1612 859 1642; x_wconf 91' lang='lat' dir='ltr'>est</span> <span class='ocrx_word' id='word_1_222' title='bbox 889 1601 1016 1642; x_wconf 87' lang='lat' dir='ltr'>sociis</span> <span class='ocrx_word' id='word_1_223' title='bbox 1046 1610 1090 1642; x_wconf 88' lang='lat' dir='ltr'>et</span> <span class='ocrx_word' id='word_1_224' title='bbox 1122 1602 1287 1643; x_wconf 87' lang='lat' dir='ltr'>Latinis</span> <span class='ocrx_word' id='word_1_225' title='bbox 1318 1603 1433 1653; x_wconf 84' lang='lat' dir='ltr'>data,</span> <span class='ocrx_word' id='word_1_226' title='bbox 1464 1603 1540 1658; x_wconf 89' lang='lat' dir='ltr'>qui</span> 
     </span>
     <span class='ocr_line' id='line_1_27' title="bbox 115 1657 1541 1714; baseline 0.002 -16"><span class='ocrx_word' id='word_1_227' title='bbox 115 1657 217 1698; x_wconf 91' lang='lat' dir='ltr'>undi</span> <span class='ocrx_word' id='word_1_228' title='bbox 239 1658 387 1714; x_wconf 91' lang='lat' dir='ltr'>populi</span> <span class='ocrx_word' id='word_1_229' title='bbox 410 1658 515 1700; x_wconf 86' lang='lat' dir='ltr'>facti</span> <span class='ocrx_word' id='word_1_230' title='bbox 537 1674 624 1700; x_wconf 92' lang='lat' dir='ltr'>non</span> <span class='ocrx_word' id='word_1_231' title='bbox 654 1669 810 1711; x_wconf 89' lang='lat' dir='ltr'>essent,</span> <span class='ocrx_word' id='word_1_232' title='bbox 832 1659 1053 1701; x_wconf 89' lang='lat' dir='ltr'>civitatem</span> <span class='ocrx_word' id='word_1_233' title='bbox 1083 1673 1171 1700; x_wconf 93' lang='lat' dir='ltr'>non</span> <span class='ocrx_word' id='word_1_234' title='bbox 1202 1659 1424 1701; x_wconf 83' lang='lat' dir='ltr'>haberent.</span> <span class='ocrx_word' id='word_1_235' title='bbox 1487 1659 1541 1702; x_wconf 87' lang='lat' dir='ltr'>In</span> 
     </span>
     <span class='ocr_line' id='line_1_28' title="bbox 90 1716 1541 1773; baseline 0.001 -18"><span class='ocrx_word' id='word_1_236' title='bbox 90 1728 178 1769; x_wconf 88' lang='lat' dir='ltr'>quo</span> <span class='ocrx_word' id='word_1_237' title='bbox 220 1729 379 1771; x_wconf 84' lang='lat' dir='ltr'>magna</span> <span class='ocrx_word' id='word_1_238' title='bbox 419 1716 643 1758; x_wconf 89' lang='lat' dir='ltr'>contentio</span> <span class='ocrx_word' id='word_1_239' title='bbox 683 1716 1031 1758; x_wconf 87' lang='lat' dir='ltr'>Heracliensium</span> <span class='ocrx_word' id='word_1_240' title='bbox 1069 1726 1112 1757; x_wconf 92' lang='lat' dir='ltr'>et</span> <span class='ocrx_word' id='word_1_241' title='bbox 1151 1716 1541 1773; x_wconf 85' lang='lat' dir='ltr'>Neapolitanorum</span> 
     </span>
     <span class='ocr_line' id='line_1_29' title="bbox 96 1772 1544 1830; baseline 0.002 -18"><span class='ocrx_word' id='word_1_242' title='bbox 96 1772 195 1824; x_wconf 82' lang='lat' dir='ltr'>fuit,</span> <span class='ocrx_word' id='word_1_243' title='bbox 215 1787 315 1814; x_wconf 90' lang='lat' dir='ltr'>cum</span> <span class='ocrx_word' id='word_1_244' title='bbox 337 1788 496 1830; x_wconf 86' lang='lat' dir='ltr'>magna</span> <span class='ocrx_word' id='word_1_245' title='bbox 515 1789 612 1830; x_wconf 87' lang='lat' dir='ltr'>pars</span> <span class='ocrx_word' id='word_1_246' title='bbox 635 1774 680 1815; x_wconf 91' lang='lat' dir='ltr'>in</span> <span class='ocrx_word' id='word_1_247' title='bbox 701 1774 752 1815; x_wconf 87' lang='lat' dir='ltr'>iis</span> <span class='ocrx_word' id='word_1_248' title='bbox 775 1774 1026 1816; x_wconf 83' lang='lat' dir='ltr'>civitatibus</span> <span class='ocrx_word' id='word_1_249' title='bbox 1056 1775 1093 1804; x_wconf 85' lang='lat'>5¹</span> <span class='ocrx_word' id='word_1_250' title='bbox 1110 1773 1288 1816; x_wconf 83' lang='lat' dir='ltr'>foederis</span> <span class='ocrx_word' id='word_1_251' title='bbox 1317 1775 1381 1816; x_wconf 86' lang='lat' dir='ltr'>sui</span> <span class='ocrx_word' id='word_1_252' title='bbox 1412 1775 1544 1815; x_wconf 88' lang='lat' dir='ltr'>liber-</span> 
     </span>
    </p>
   </div>
   <div class='ocr_carea' id='block_1_3' title="bbox 133 1901 799 1944">
    <p class='ocr_par' dir='ltr' id='par_1_3' title="bbox 133 1901 799 1944">
     <span class='ocr_line' id='line_1_30' title="bbox 133 1901 799 1944; baseline 0.008 -14"><span class='ocrx_word' id='word_1_253' title='bbox 133 1901 176 1930; x_wconf 80' lang='lat'>44</span> <span class='ocrx_word' id='word_1_254' title='bbox 190 1902 271 1932; x_wconf 75' lang='lat' dir='ltr'>satis</span> <span class='ocrx_word' id='word_1_255' title='bbox 283 1911 347 1932; x_wconf 81' lang='lat' dir='ltr'>esse</span> <span class='ocrx_word' id='word_1_256' title='bbox 360 1904 527 1944; x_wconf 77' lang='lat' dir='ltr'>sanctum]</span> <span class='ocrx_word' id='word_1_257' title='bbox 546 1905 615 1936; x_wconf 90' lang='lat' dir='ltr'>Cur</span> <span class='ocrx_word' id='word_1_258' title='bbox 629 1905 734 1935; x_wconf 76' lang='lat' dir='ltr'>satis?</span> <span class='ocrx_word' id='word_1_259' title='bbox 747 1910 799 1935; x_wconf 86' lang='lat' dir='ltr'>est</span> 
     </span>
    </p>
   </div>
   <div class='ocr_carea' id='block_1_4' title="bbox 91 1903 1540 1978">
    <p class='ocr_par' dir='ltr' id='par_1_4' title="bbox 91 1903 1540 1978">
     <span class='ocr_line' id='line_1_31' title="bbox 840 1903 1540 1944; baseline 0 -10"><span class='ocrx_word' id='word_1_260' title='bbox 840 1913 910 1941; x_wconf 88' lang='lat' dir='ltr'>cus,</span> <span class='ocrx_word' id='word_1_261' title='bbox 925 1914 1000 1934; x_wconf 90' lang='lat' dir='ltr'>meo</span> <span class='ocrx_word' id='word_1_262' title='bbox 1015 1903 1145 1943; x_wconf 82' lang='lat' dir='ltr'>quidem</span> <span class='ocrx_word' id='word_1_263' title='bbox 1156 1903 1296 1944; x_wconf 81' lang='lat' dir='ltr'>judicio,</span> <span class='ocrx_word' id='word_1_264' title='bbox 1312 1904 1452 1934; x_wconf 82' lang='lat' dir='ltr'>vitiosus</span> <span class='ocrx_word' id='word_1_265' title='bbox 1468 1906 1540 1935; x_wconf 74' lang='lat' dir='ltr'>est:</span> 
     </span>
     <span class='ocr_line' id='line_1_32' title="bbox 91 1942 797 1978; baseline 0.006 -4"><span class='ocrx_word' id='word_1_266' title='bbox 91 1943 166 1974; x_wconf 80' lang='lat' dir='ltr'>&#39;sine</span> <span class='ocrx_word' id='word_1_267' title='bbox 180 1942 279 1973; x_wconf 87' lang='lat' dir='ltr'>dubio</span> <span class='ocrx_word' id='word_1_268' title='bbox 295 1944 462 1977; x_wconf 88' lang='lat' dir='ltr'>vitiosum.</span> <span class='ocrx_word' id='word_1_269' title='bbox 488 1947 550 1977; x_wconf 84' lang='lat' dir='ltr'>Sed</span> <span class='ocrx_word' id='word_1_270' title='bbox 566 1947 635 1977; x_wconf 87' lang='lat' dir='ltr'>haee</span> <span class='ocrx_word' id='word_1_271' title='bbox 649 1948 748 1978; x_wconf 84' lang='lat' dir='ltr'>verba</span> <span class='ocrx_word' id='word_1_272' title='bbox 763 1948 797 1978; x_wconf 91' lang='lat' dir='ltr'>in</span> 
     </span>
    </p>
   </div>
   <div class='ocr_carea' id='block_1_5' title="bbox 840 1945 1543 1986">
    <p class='ocr_par' dir='ltr' id='par_1_5' title="bbox 840 1945 1543 1986">
     <span class='ocr_line' id='line_1_33' title="bbox 840 1945 1543 1986; baseline 0.001 -10"><span class='ocrx_word' id='word_1_273' title='bbox 840 1947 927 1986; x_wconf 84' lang='lat' dir='ltr'>quod</span> <span class='ocrx_word' id='word_1_274' title='bbox 951 1951 985 1976; x_wconf 87' lang='lat' dir='ltr'>et</span> <span class='ocrx_word' id='word_1_275' title='bbox 1009 1946 1064 1976; x_wconf 86' lang='lat' dir='ltr'>alii</span> <span class='ocrx_word' id='word_1_276' title='bbox 1084 1946 1249 1983; x_wconf 83' lang='lat' dir='ltr'>viderunt,</span> <span class='ocrx_word' id='word_1_277' title='bbox 1269 1947 1331 1977; x_wconf 82' lang='lat' dir='ltr'>etsi</span> <span class='ocrx_word' id='word_1_278' title='bbox 1356 1947 1391 1976; x_wconf 86' lang='lat' dir='ltr'>in</span> <span class='ocrx_word' id='word_1_279' title='bbox 1415 1945 1543 1978; x_wconf 79' lang='lat' dir='ltr'>medela</span> 
     </span>
    </p>
   </div>
   <div class='ocr_carea' id='block_1_6' title="bbox 90 1984 801 2858">
    <p class='ocr_par' dir='ltr' id='par_1_6' title="bbox 98 1984 692 2027">
     <span class='ocr_line' id='line_1_34' title="bbox 98 1984 692 2027; baseline 0.007 -11"><span class='ocrx_word' id='word_1_280' title='bbox 98 1984 182 2016; x_wconf 83' lang='lat' dir='ltr'>Mss.</span> <span class='ocrx_word' id='word_1_281' title='bbox 198 1987 286 2016; x_wconf 88' lang='lat' dir='ltr'>varie</span> <span class='ocrx_word' id='word_1_282' title='bbox 296 1986 476 2027; x_wconf 87' lang='lat' dir='ltr'>vitioseque</span> <span class='ocrx_word' id='word_1_283' title='bbox 491 1990 692 2021; x_wconf 85' lang='lat' dir='ltr'>scribuntur.</span> 
     </span>
    </p>

    <p class='ocr_par' dir='ltr' id='par_1_7' title="bbox 101 2029 801 2185">
     <span class='ocr_line' id='line_1_35' title="bbox 134 2029 796 2071; baseline 0.008 -14"><span class='ocrx_word' id='word_1_284' title='bbox 134 2029 176 2058; x_wconf 83' lang='lat'>45</span> <span class='ocrx_word' id='word_1_285' title='bbox 212 2029 346 2059; x_wconf 77' lang='lat' dir='ltr'>civitate</span> <span class='ocrx_word' id='word_1_286' title='bbox 389 2031 536 2071; x_wconf 75' lang='lat' dir='ltr'>donarit]</span> <span class='ocrx_word' id='word_1_287' title='bbox 584 2032 638 2062; x_wconf 86' lang='lat' dir='ltr'>Sic</span> <span class='ocrx_word' id='word_1_288' title='bbox 677 2042 695 2062; x_wconf 91' lang='lat' dir='ltr'>e</span> <span class='ocrx_word' id='word_1_289' title='bbox 731 2031 796 2063; x_wconf 84' lang='lat' dir='ltr'>Ms.</span> 
     </span>
     <span class='ocr_line' id='line_1_36' title="bbox 101 2068 801 2112; baseline 0.009 -14"><span class='ocrx_word' id='word_1_290' title='bbox 101 2068 211 2099; x_wconf 82' lang='lat' dir='ltr'>Guelf.</span> <span class='ocrx_word' id='word_1_291' title='bbox 237 2070 320 2101; x_wconf 86' lang='lat' dir='ltr'>edidi</span> <span class='ocrx_word' id='word_1_292' title='bbox 345 2082 404 2112; x_wconf 81' lang='lat' dir='ltr'>pro</span> <span class='ocrx_word' id='word_1_293' title='bbox 427 2074 597 2104; x_wconf 80' lang='lat' dir='ltr'>donaverit</span> <span class='ocrx_word' id='word_1_294' title='bbox 611 2086 620 2103; x_wconf 89' lang='lat'><em>:</em></span> <span class='ocrx_word' id='word_1_295' title='bbox 646 2073 726 2104; x_wconf 88' lang='lat' dir='ltr'>illud</span> <span class='ocrx_word' id='word_1_296' title='bbox 749 2079 801 2104; x_wconf 84' lang='lat' dir='ltr'>est</span> 
     </span>
     <span class='ocr_line' id='line_1_37' title="bbox 101 2113 800 2160; baseline 0.007 -19"><span class='ocrx_word' id='word_1_297' title='bbox 101 2113 322 2160; x_wconf 71' lang='lat' dir='ltr'>numerosius,</span> <span class='ocrx_word' id='word_1_298' title='bbox 338 2121 372 2145; x_wconf 85' lang='lat' dir='ltr'>et</span> <span class='ocrx_word' id='word_1_299' title='bbox 388 2126 405 2145; x_wconf 88' lang='lat' dir='ltr'>e</span> <span class='ocrx_word' id='word_1_300' title='bbox 420 2116 657 2147; x_wconf 83' lang='lat' dir='ltr'>consuetudine</span> <span class='ocrx_word' id='word_1_301' title='bbox 671 2117 800 2146; x_wconf 82' lang='lat' dir='ltr'>Cicero-</span> 
     </span>
     <span class='ocr_line' id='line_1_38' title="bbox 103 2162 168 2185; baseline 0.015 -1"><span class='ocrx_word' id='word_1_302' title='bbox 103 2162 168 2185; x_wconf 77' lang='lat' dir='ltr'>nis.</span> 
     </span>
    </p>

    <p class='ocr_par' dir='ltr' id='par_1_8' title="bbox 90 2195 799 2354">
     <span class='ocr_line' id='line_1_39' title="bbox 138 2195 799 2239; baseline 0.008 -13"><span class='ocrx_word' id='word_1_303' title='bbox 138 2196 182 2226; x_wconf 85' lang='lat'>46</span> <span class='ocrx_word' id='word_1_304' title='bbox 190 2195 327 2236; x_wconf 79' lang='lat' dir='ltr'>fundus</span> <span class='ocrx_word' id='word_1_305' title='bbox 337 2196 460 2237; x_wconf 76' lang='lat' dir='ltr'>faetus</span> <span class='ocrx_word' id='word_1_306' title='bbox 474 2199 566 2239; x_wconf 79' lang='lat' dir='ltr'>esset]</span> <span class='ocrx_word' id='word_1_307' title='bbox 593 2199 645 2230; x_wconf 88' lang='lat' dir='ltr'>De</span> <span class='ocrx_word' id='word_1_308' title='bbox 667 2200 730 2231; x_wconf 87' lang='lat' dir='ltr'>hac</span> <span class='ocrx_word' id='word_1_309' title='bbox 753 2210 799 2237; x_wconf 86' lang='lat' dir='ltr'>re,</span> 
     </span>
     <span class='ocr_line' id='line_1_40' title="bbox 93 2240 799 2282; baseline 0.008 -15"><span class='ocrx_word' id='word_1_310' title='bbox 93 2245 198 2278; x_wconf 71' lang='lat' dir='ltr'>nuper</span> <span class='ocrx_word' id='word_1_311' title='bbox 225 2249 291 2278; x_wconf 87' lang='lat' dir='ltr'>qua</span> <span class='ocrx_word' id='word_1_312' title='bbox 325 2240 468 2271; x_wconf 86' lang='lat' dir='ltr'>multum</span> <span class='ocrx_word' id='word_1_313' title='bbox 501 2242 706 2282; x_wconf 82' lang='lat' dir='ltr'>disputatum</span> <span class='ocrx_word' id='word_1_314' title='bbox 736 2248 799 2279; x_wconf 86' lang='lat' dir='ltr'>est,</span> 
     </span>
     <span class='ocr_line' id='line_1_41' title="bbox 90 2279 799 2316; baseline 0.008 -7"><span class='ocrx_word' id='word_1_315' title='bbox 90 2279 164 2310; x_wconf 80' lang='lat' dir='ltr'>vide</span> <span class='ocrx_word' id='word_1_316' title='bbox 180 2279 314 2311; x_wconf 78' lang='lat' dir='ltr'>Clavem</span> <span class='ocrx_word' id='word_1_317' title='bbox 339 2283 374 2312; x_wconf 91' lang='lat' dir='ltr'>in</span> <span class='ocrx_word' id='word_1_318' title='bbox 390 2282 464 2314; x_wconf 83' lang='lat' dir='ltr'>Iud.</span> <span class='ocrx_word' id='word_1_319' title='bbox 480 2283 548 2314; x_wconf 90' lang='lat' dir='ltr'>LL.</span> <span class='ocrx_word' id='word_1_320' title='bbox 566 2285 600 2314; x_wconf 87' lang='lat' dir='ltr'>in</span> <span class='ocrx_word' id='word_1_321' title='bbox 617 2285 690 2316; x_wconf 74' lang='lat' dir='ltr'>Lex</span> <span class='ocrx_word' id='word_1_322' title='bbox 701 2285 799 2316; x_wconf 71' lang='lat' dir='ltr'>dulia</span> 
     </span>
     <span class='ocr_line' id='line_1_42' title="bbox 95 2321 307 2354; baseline 0 0"><span class='ocrx_word' id='word_1_323' title='bbox 95 2321 139 2354; x_wconf 85' lang='lat' dir='ltr'>L.</span> <span class='ocrx_word' id='word_1_324' title='bbox 161 2321 307 2354; x_wconf 77' lang='lat' dir='ltr'>Coesaris.</span> 
     </span>
    </p>

    <p class='ocr_par' dir='ltr' id='par_1_9' title="bbox 93 2365 798 2532">
     <span class='ocr_line' id='line_1_43' title="bbox 132 2365 798 2408; baseline 0.006 -14"><span class='ocrx_word' id='word_1_325' title='bbox 132 2366 174 2398; x_wconf 80' lang='lat'>47</span> <span class='ocrx_word' id='word_1_326' title='bbox 198 2365 327 2405; x_wconf 77' lang='lat' dir='ltr'>aliquid</span> <span class='ocrx_word' id='word_1_327' title='bbox 353 2365 608 2408; x_wconf 75' lang='lat' dir='ltr'>diminueretur]</span> <span class='ocrx_word' id='word_1_328' title='bbox 637 2368 689 2398; x_wconf 76' lang='lat' dir='ltr'>Sic</span> <span class='ocrx_word' id='word_1_329' title='bbox 718 2368 798 2398; x_wconf 84' lang='lat' dir='ltr'>Mss.</span> 
     </span>
     <span class='ocr_line' id='line_1_44' title="bbox 93 2405 796 2450; baseline 0.009 -15"><span class='ocrx_word' id='word_1_330' title='bbox 93 2405 259 2444; x_wconf 86' lang='lat' dir='ltr'>meliores,</span> <span class='ocrx_word' id='word_1_331' title='bbox 277 2408 376 2438; x_wconf 82' lang='lat' dir='ltr'>etiam</span> <span class='ocrx_word' id='word_1_332' title='bbox 401 2408 511 2441; x_wconf 87' lang='lat' dir='ltr'>Guelf.</span> <span class='ocrx_word' id='word_1_333' title='bbox 531 2417 565 2440; x_wconf 85' lang='lat' dir='ltr'>et</span> <span class='ocrx_word' id='word_1_334' title='bbox 587 2411 661 2441; x_wconf 57' lang='lat' dir='ltr'>eoeld.</span> <span class='ocrx_word' id='word_1_335' title='bbox 685 2421 733 2450; x_wconf 86' lang='lat' dir='ltr'>pr.</span> <span class='ocrx_word' id='word_1_336' title='bbox 750 2411 796 2441; x_wconf 88' lang='lat' dir='ltr'>id-</span> 
     </span>
     <span class='ocr_line' id='line_1_45' title="bbox 96 2450 798 2487; baseline 0.009 -10"><span class='ocrx_word' id='word_1_337' title='bbox 96 2457 159 2487; x_wconf 82' lang='lat' dir='ltr'>que</span> <span class='ocrx_word' id='word_1_338' title='bbox 176 2450 330 2480; x_wconf 84' lang='lat' dir='ltr'>usitatius</span> <span class='ocrx_word' id='word_1_339' title='bbox 351 2451 502 2482; x_wconf 85' lang='lat' dir='ltr'>Ciceroni</span> <span class='ocrx_word' id='word_1_340' title='bbox 526 2452 560 2482; x_wconf 89' lang='lat' dir='ltr'>in</span> <span class='ocrx_word' id='word_1_341' title='bbox 583 2453 643 2482; x_wconf 81' lang='lat' dir='ltr'>tali</span> <span class='ocrx_word' id='word_1_342' title='bbox 666 2461 798 2484; x_wconf 72' lang='lat' dir='ltr'>senten-</span> 
     </span>
     <span class='ocr_line' id='line_1_46' title="bbox 94 2491 691 2532; baseline 0.008 -12"><span class='ocrx_word' id='word_1_343' title='bbox 94 2491 156 2527; x_wconf 87' lang='lat' dir='ltr'>tia,</span> <span class='ocrx_word' id='word_1_344' title='bbox 172 2501 269 2530; x_wconf 87' lang='lat' dir='ltr'>quam</span> <span class='ocrx_word' id='word_1_345' title='bbox 286 2492 457 2532; x_wconf 79' lang='lat' dir='ltr'>vulgatum</span> <span class='ocrx_word' id='word_1_346' title='bbox 474 2495 691 2525; x_wconf 72' lang='lat' dir='ltr'>minueretur.</span> 
     </span>
    </p>

    <p class='ocr_par' dir='ltr' id='par_1_10' title="bbox 92 2533 800 2659">
     <span class='ocr_line' id='line_1_47' title="bbox 134 2533 794 2577; baseline 0.006 -14"><span class='ocrx_word' id='word_1_347' title='bbox 134 2535 176 2563; x_wconf 74' lang='lat'>48</span> <span class='ocrx_word' id='word_1_348' title='bbox 204 2533 296 2564; x_wconf 72' lang='lat' dir='ltr'>Tulit</span> <span class='ocrx_word' id='word_1_349' title='bbox 309 2535 401 2574; x_wconf 76' lang='lat' dir='ltr'>apud</span> <span class='ocrx_word' id='word_1_350' title='bbox 413 2535 794 2577; x_wconf 50' lang='lat' dir='ltr'>majores—anteferret]</span> 
     </span>
     <span class='ocr_line' id='line_1_48' title="bbox 92 2571 800 2610; baseline 0.008 -6"><span class='ocrx_word' id='word_1_351' title='bbox 92 2571 219 2605; x_wconf 88' lang='lat' dir='ltr'>Totum</span> <span class='ocrx_word' id='word_1_352' title='bbox 243 2575 304 2606; x_wconf 82' lang='lat' dir='ltr'>hoc</span> <span class='ocrx_word' id='word_1_353' title='bbox 329 2578 420 2607; x_wconf 82' lang='lat' dir='ltr'>abest</span> <span class='ocrx_word' id='word_1_354' title='bbox 443 2579 483 2608; x_wconf 84' lang='lat' dir='ltr'>ab</span> <span class='ocrx_word' id='word_1_355' title='bbox 499 2578 548 2609; x_wconf 82' lang='lat' dir='ltr'>ed.</span> <span class='ocrx_word' id='word_1_356' title='bbox 565 2579 723 2610; x_wconf 71' lang='lat' dir='ltr'>Waldarf.</span> <span class='ocrx_word' id='word_1_357' title='bbox 741 2590 800 2610; x_wconf 82' lang='lat' dir='ltr'>nec</span> 
     </span>
     <span class='ocr_line' id='line_1_49' title="bbox 94 2616 631 2659; baseline 0.013 -14"><span class='ocrx_word' id='word_1_358' title='bbox 94 2622 167 2647; x_wconf 86' lang='lat' dir='ltr'>erat</span> <span class='ocrx_word' id='word_1_359' title='bbox 180 2617 213 2646; x_wconf 88' lang='lat' dir='ltr'>in</span> <span class='ocrx_word' id='word_1_360' title='bbox 232 2616 359 2649; x_wconf 82' lang='lat' dir='ltr'>Francii</span> <span class='ocrx_word' id='word_1_361' title='bbox 377 2620 482 2659; x_wconf 78' lang='lat' dir='ltr'>primo</span> <span class='ocrx_word' id='word_1_362' title='bbox 499 2621 631 2652; x_wconf 78' lang='lat' dir='ltr'>codiee.</span> 
     </span>
    </p>

    <p class='ocr_par' dir='ltr' id='par_1_11' title="bbox 94 2660 801 2858">
     <span class='ocr_line' id='line_1_50' title="bbox 137 2660 800 2703; baseline 0.009 -15"><span class='ocrx_word' id='word_1_363' title='bbox 137 2661 179 2692; x_wconf 82' lang='lat'>49</span> <span class='ocrx_word' id='word_1_364' title='bbox 200 2669 284 2698; x_wconf 82' lang='lat' dir='ltr'>quas</span> <span class='ocrx_word' id='word_1_365' title='bbox 307 2660 386 2691; x_wconf 78' lang='lat' dir='ltr'>Lat.</span> <span class='ocrx_word' id='word_1_366' title='bbox 408 2672 439 2691; x_wconf 77' lang='lat' dir='ltr'>v.</span> <span class='ocrx_word' id='word_1_367' title='bbox 455 2663 502 2702; x_wconf 87' lang='lat' dir='ltr'>a.]</span> <span class='ocrx_word' id='word_1_368' title='bbox 531 2663 602 2693; x_wconf 82' lang='lat' dir='ltr'>Hoc</span> <span class='ocrx_word' id='word_1_369' title='bbox 627 2664 659 2693; x_wconf 90' lang='lat' dir='ltr'>in</span> <span class='ocrx_word' id='word_1_370' title='bbox 683 2673 800 2703; x_wconf 80' lang='lat' dir='ltr'>paren-</span> 
     </span>
     <span class='ocr_line' id='line_1_51' title="bbox 94 2698 799 2736; baseline 0.009 -7"><span class='ocrx_word' id='word_1_371' title='bbox 94 2698 180 2730; x_wconf 84' lang='lat' dir='ltr'>thesi</span> <span class='ocrx_word' id='word_1_372' title='bbox 205 2701 338 2732; x_wconf 76' lang='lat' dir='ltr'>dieitur.</span> <span class='ocrx_word' id='word_1_373' title='bbox 367 2713 443 2734; x_wconf 87' lang='lat' dir='ltr'>nam</span> <span class='ocrx_word' id='word_1_374' title='bbox 468 2704 538 2735; x_wconf 70' lang='lat' dir='ltr'>haec</span> <span class='ocrx_word' id='word_1_375' title='bbox 563 2705 749 2736; x_wconf 69' lang='lat' dir='ltr'>cohaerent:</span> <span class='ocrx_word' id='word_1_376' title='bbox 775 2707 799 2735; x_wconf 77' lang='lat' dir='ltr'>i.</span> 
     </span>
     <span class='ocr_line' id='line_1_52' title="bbox 94 2743 799 2786; baseline 0.009 -15"><span class='ocrx_word' id='word_1_377' title='bbox 94 2743 170 2772; x_wconf 82' lang='lat' dir='ltr'>aliae</span> <span class='ocrx_word' id='word_1_378' title='bbox 206 2745 422 2784; x_wconf 78' lang='lat' dir='ltr'>leges—ipsa</span> <span class='ocrx_word' id='word_1_379' title='bbox 455 2747 590 2786; x_wconf 78' lang='lat' dir='ltr'>denique</span> <span class='ocrx_word' id='word_1_380' title='bbox 622 2748 720 2779; x_wconf 61' lang='lat' dir='ltr'>„latia</span> <span class='ocrx_word' id='word_1_381' title='bbox 754 2757 799 2778; x_wconf 87' lang='lat' dir='ltr'>se.</span> 
     </span>
     <span class='ocr_line' id='line_1_53' title="bbox 95 2782 801 2829; baseline 0.011 -16"><span class='ocrx_word' id='word_1_382' title='bbox 95 2782 160 2814; x_wconf 83' lang='lat' dir='ltr'>lex.</span> <span class='ocrx_word' id='word_1_383' title='bbox 205 2784 243 2815; x_wconf 70' lang='lat' dir='ltr'>Er</span> <span class='ocrx_word' id='word_1_384' title='bbox 273 2785 319 2816; x_wconf 85' lang='lat' dir='ltr'>rei</span> <span class='ocrx_word' id='word_1_385' title='bbox 343 2787 648 2829; x_wconf 74' lang='lat' dir='ltr'>interpunctionem</span> <span class='ocrx_word' id='word_1_386' title='bbox 672 2801 801 2820; x_wconf 80' lang='lat' dir='ltr'>accom-</span> 
     </span>
     <span class='ocr_line' id='line_1_54' title="bbox 95 2825 241 2858; baseline 0.007 -1"><span class='ocrx_word' id='word_1_387' title='bbox 95 2825 241 2858; x_wconf 84' lang='lat' dir='ltr'>modavi.</span> 
     </span>
    </p>
   </div>
   <div class='ocr_carea' id='block_1_7' title="bbox 139 2869 801 2914">
    <p class='ocr_par' dir='ltr' id='par_1_12' title="bbox 139 2869 801 2914">
     <span class='ocr_line' id='line_1_55' title="bbox 139 2869 801 2914; baseline 0.011 -15"><span class='ocrx_word' id='word_1_388' title='bbox 139 2870 180 2900; x_wconf 78' lang='lat'>50</span> <span class='ocrx_word' id='word_1_389' title='bbox 202 2869 275 2912; x_wconf 70' lang='lat' dir='ltr'>ipsa</span> <span class='ocrx_word' id='word_1_390' title='bbox 297 2870 434 2912; x_wconf 77' lang='lat' dir='ltr'>denique</span> <span class='ocrx_word' id='word_1_391' title='bbox 446 2871 547 2906; x_wconf 65' lang='lat' dir='ltr'>dulia</span> <span class='ocrx_word' id='word_1_392' title='bbox 563 2873 638 2914; x_wconf 82' lang='lat' dir='ltr'>&amp;c.]</span> <span class='ocrx_word' id='word_1_393' title='bbox 665 2872 731 2906; x_wconf 82' lang='lat' dir='ltr'>Hie</span> <span class='ocrx_word' id='word_1_394' title='bbox 751 2873 801 2906; x_wconf 89' lang='lat'>10-</span> 
     </span>
    </p>
   </div>
   <div class='ocr_carea' id='block_1_8' title="bbox 840 1988 1543 2070">
    <p class='ocr_par' dir='ltr' id='par_1_13' title="bbox 840 1988 1543 2070">
     <span class='ocr_line' id='line_1_56' title="bbox 840 1988 1542 2020; baseline 0.001 -2"><span class='ocrx_word' id='word_1_395' title='bbox 840 1989 990 2020; x_wconf 80' lang='lat' dir='ltr'>facienda</span> <span class='ocrx_word' id='word_1_396' title='bbox 1011 1989 1200 2018; x_wconf 85' lang='lat' dir='ltr'>dissensere.</span> <span class='ocrx_word' id='word_1_397' title='bbox 1245 1989 1330 2019; x_wconf 85' lang='lat' dir='ltr'>Mihi</span> <span class='ocrx_word' id='word_1_398' title='bbox 1346 1989 1436 2019; x_wconf 86' lang='lat' dir='ltr'>venit</span> <span class='ocrx_word' id='word_1_399' title='bbox 1453 1988 1542 2019; x_wconf 85' lang='lat' dir='ltr'>idem</span> 
     </span>
     <span class='ocr_line' id='line_1_57' title="bbox 840 2030 1543 2070; baseline 0 -9"><span class='ocrx_word' id='word_1_400' title='bbox 840 2031 920 2061; x_wconf 84' lang='lat' dir='ltr'>olim</span> <span class='ocrx_word' id='word_1_401' title='bbox 936 2032 970 2061; x_wconf 90' lang='lat' dir='ltr'>in</span> <span class='ocrx_word' id='word_1_402' title='bbox 990 2036 1150 2068; x_wconf 84' lang='lat' dir='ltr'>mentem,</span> <span class='ocrx_word' id='word_1_403' title='bbox 1165 2030 1250 2070; x_wconf 82' lang='lat' dir='ltr'>quod</span> <span class='ocrx_word' id='word_1_404' title='bbox 1266 2030 1382 2061; x_wconf 82' lang='lat' dir='ltr'>deinde</span> <span class='ocrx_word' id='word_1_405' title='bbox 1398 2030 1461 2061; x_wconf 84' lang='lat' dir='ltr'>vidi</span> <span class='ocrx_word' id='word_1_406' title='bbox 1477 2030 1543 2061; x_wconf 85' lang='lat' dir='ltr'>Va-</span> 
     </span>
    </p>
   </div>
   <div class='ocr_carea' id='block_1_9' title="bbox 842 2072 1601 2113">
    <p class='ocr_par' dir='ltr' id='par_1_14' title="bbox 842 2072 1601 2113">
     <span class='ocr_line' id='line_1_58' title="bbox 842 2072 1601 2113; baseline -0.001 -10"><span class='ocrx_word' id='word_1_407' title='bbox 842 2073 921 2103; x_wconf 85' lang='lat' dir='ltr'>lesio</span> <span class='ocrx_word' id='word_1_408' title='bbox 938 2073 1095 2113; x_wconf 82' lang='lat' dir='ltr'>placuisse</span> <span class='ocrx_word' id='word_1_409' title='bbox 1109 2084 1118 2103; x_wconf 75' lang='lat'>2</span> <span class='ocrx_word' id='word_1_410' title='bbox 1143 2074 1215 2113; x_wconf 78' lang='lat' dir='ltr'>ipsa</span> <span class='ocrx_word' id='word_1_411' title='bbox 1229 2074 1260 2104; x_wconf 79' lang='lat' dir='ltr'>d.</span> <span class='ocrx_word' id='word_1_412' title='bbox 1277 2072 1312 2103; x_wconf 83' lang='lat' dir='ltr'>J.</span> <span class='ocrx_word' id='word_1_413' title='bbox 1329 2083 1394 2112; x_wconf 81' lang='lat' dir='ltr'>qua</span> <span class='ocrx_word' id='word_1_414' title='bbox 1409 2075 1479 2111; x_wconf 85' lang='lat' dir='ltr'>lege</span> <span class='ocrx_word' id='word_1_415' title='bbox 1492 2074 1543 2103; x_wconf 82' lang='lat' dir='ltr'>ita</span> <span class='ocrx_word' id='word_1_416' title='bbox 1597 2093 1601 2097; x_wconf 83' lang='lat'><em>-</em></span> 
     </span>
    </p>
   </div>
   <div class='ocr_carea' id='block_1_10' title="bbox 841 2115 1548 2914">
    <p class='ocr_par' dir='ltr' id='par_1_15' title="bbox 841 2115 1548 2872">
     <span class='ocr_line' id='line_1_59' title="bbox 841 2115 1542 2151; baseline 0.004 -7"><span class='ocrx_word' id='word_1_417' title='bbox 841 2117 958 2145; x_wconf 70' lang='lat' dir='ltr'>civims</span> <span class='ocrx_word' id='word_1_418' title='bbox 971 2126 996 2144; x_wconf 83' lang='lat' dir='ltr'>e.</span> <span class='ocrx_word' id='word_1_419' title='bbox 1012 2125 1037 2145; x_wconf 78' lang='lat' dir='ltr'>s.</span> <span class='ocrx_word' id='word_1_420' title='bbox 1052 2120 1083 2145; x_wconf 81' lang='lat' dir='ltr'>et</span> <span class='ocrx_word' id='word_1_421' title='bbox 1099 2115 1140 2145; x_wconf 88' lang='lat' dir='ltr'>L.</span> <span class='ocrx_word' id='word_1_422' title='bbox 1157 2116 1250 2151; x_wconf 79' lang='lat' dir='ltr'>datu,</span> <span class='ocrx_word' id='word_1_423' title='bbox 1265 2121 1302 2145; x_wconf 82' lang='lat' dir='ltr'>ut</span> <span class='ocrx_word' id='word_1_424' title='bbox 1319 2120 1377 2146; x_wconf 72' lang='lat' dir='ltr'>oce.</span> <span class='ocrx_word' id='word_1_425' title='bbox 1395 2125 1472 2146; x_wconf 85' lang='lat' dir='ltr'>nam</span> <span class='ocrx_word' id='word_1_426' title='bbox 1493 2115 1542 2147; x_wconf 79' lang='lat' dir='ltr'>ita</span> 
     </span>
     <span class='ocr_line' id='line_1_60' title="bbox 843 2156 1543 2197; baseline 0.001 -10"><span class='ocrx_word' id='word_1_427' title='bbox 843 2157 957 2188; x_wconf 80' lang='lat' dir='ltr'>Cicero</span> <span class='ocrx_word' id='word_1_428' title='bbox 973 2157 1057 2187; x_wconf 82' lang='lat' dir='ltr'>solet</span> <span class='ocrx_word' id='word_1_429' title='bbox 1073 2159 1106 2187; x_wconf 90' lang='lat' dir='ltr'>in</span> <span class='ocrx_word' id='word_1_430' title='bbox 1121 2158 1180 2188; x_wconf 61' lang='lat' dir='ltr'>tali</span> <span class='ocrx_word' id='word_1_431' title='bbox 1205 2168 1322 2197; x_wconf 75' lang='lat' dir='ltr'>genere</span> <span class='ocrx_word' id='word_1_432' title='bbox 1339 2158 1400 2187; x_wconf 78' lang='lat' dir='ltr'>uti.</span> <span class='ocrx_word' id='word_1_433' title='bbox 1430 2156 1543 2197; x_wconf 76' lang='lat' dir='ltr'>.Quod</span> 
     </span>
     <span class='ocr_line' id='line_1_61' title="bbox 842 2199 1544 2240; baseline 0 -11"><span class='ocrx_word' id='word_1_434' title='bbox 842 2199 989 2230; x_wconf 59' lang='lat' dir='ltr'>Graevius·</span> <span class='ocrx_word' id='word_1_435' title='bbox 1007 2205 1115 2240; x_wconf 78' lang='lat' dir='ltr'>putat,</span> <span class='ocrx_word' id='word_1_436' title='bbox 1129 2211 1200 2229; x_wconf 81' lang='lat' dir='ltr'>eam</span> <span class='ocrx_word' id='word_1_437' title='bbox 1215 2200 1451 2230; x_wconf 76' lang='lat' dir='ltr'>correctionem</span> <span class='ocrx_word' id='word_1_438' title='bbox 1468 2209 1544 2240; x_wconf 81' lang='lat' dir='ltr'>pro-</span> 
     </span>
     <span class='ocr_line' id='line_1_62' title="bbox 843 2241 1544 2282; baseline 0 -11"><span class='ocrx_word' id='word_1_439' title='bbox 843 2247 956 2282; x_wconf 79' lang='lat' dir='ltr'>pterea</span> <span class='ocrx_word' id='word_1_440' title='bbox 983 2243 1089 2272; x_wconf 80' lang='lat' dir='ltr'>locum</span> <span class='ocrx_word' id='word_1_441' title='bbox 1121 2252 1186 2272; x_wconf 89' lang='lat' dir='ltr'>non</span> <span class='ocrx_word' id='word_1_442' title='bbox 1217 2242 1348 2278; x_wconf 79' lang='lat' dir='ltr'>habere,</span> <span class='ocrx_word' id='word_1_443' title='bbox 1376 2244 1452 2281; x_wconf 87' lang='lat' dir='ltr'>quia</span> <span class='ocrx_word' id='word_1_444' title='bbox 1485 2241 1544 2272; x_wconf 83' lang='lat' dir='ltr'>illa</span> 
     </span>
     <span class='ocr_line' id='line_1_63' title="bbox 843 2283 1543 2323; baseline 0.001 -10"><span class='ocrx_word' id='word_1_445' title='bbox 843 2284 962 2314; x_wconf 79' lang='lat' dir='ltr'>ultima</span> <span class='ocrx_word' id='word_1_446' title='bbox 990 2293 1055 2314; x_wconf 88' lang='lat' dir='ltr'>non</span> <span class='ocrx_word' id='word_1_447' title='bbox 1077 2285 1142 2314; x_wconf 88' lang='lat' dir='ltr'>sint</span> <span class='ocrx_word' id='word_1_448' title='bbox 1173 2285 1264 2323; x_wconf 69' lang='lat' dir='ltr'>legis,</span> <span class='ocrx_word' id='word_1_449' title='bbox 1291 2285 1346 2314; x_wconf 81' lang='lat' dir='ltr'>sed</span> <span class='ocrx_word' id='word_1_450' title='bbox 1375 2283 1543 2315; x_wconf 75' lang='lat' dir='ltr'>Ciceronis</span> 
     </span>
     <span class='ocr_line' id='line_1_64' title="bbox 843 2327 1544 2358; baseline 0.001 -2"><span class='ocrx_word' id='word_1_451' title='bbox 843 2327 958 2356; x_wconf 83' lang='lat' dir='ltr'>verba:</span> <span class='ocrx_word' id='word_1_452' title='bbox 982 2337 1020 2356; x_wconf 82' lang='lat' dir='ltr'>ea</span> <span class='ocrx_word' id='word_1_453' title='bbox 1035 2328 1120 2356; x_wconf 76' lang='lat' dir='ltr'>ratio</span> <span class='ocrx_word' id='word_1_454' title='bbox 1141 2327 1246 2356; x_wconf 82' lang='lat' dir='ltr'>inanis</span> <span class='ocrx_word' id='word_1_455' title='bbox 1269 2332 1338 2356; x_wconf 80' lang='lat' dir='ltr'>est:</span> <span class='ocrx_word' id='word_1_456' title='bbox 1364 2332 1441 2356; x_wconf 89' lang='lat' dir='ltr'>sunt</span> <span class='ocrx_word' id='word_1_457' title='bbox 1464 2335 1544 2358; x_wconf 83' lang='lat' dir='ltr'>sane</span> 
     </span>
     <span class='ocr_line' id='line_1_65' title="bbox 843 2368 1543 2408; baseline 0 -9"><span class='ocrx_word' id='word_1_458' title='bbox 843 2368 1010 2399; x_wconf 84' lang='lat' dir='ltr'>Ciceronis</span> <span class='ocrx_word' id='word_1_459' title='bbox 1028 2370 1135 2405; x_wconf 65' lang='lat' dir='ltr'>verba,</span> <span class='ocrx_word' id='word_1_460' title='bbox 1152 2370 1207 2399; x_wconf 77' lang='lat' dir='ltr'>sed</span> <span class='ocrx_word' id='word_1_461' title='bbox 1222 2379 1294 2408; x_wconf 77' lang='lat' dir='ltr'>quae</span> <span class='ocrx_word' id='word_1_462' title='bbox 1311 2369 1376 2398; x_wconf 80' lang='lat' dir='ltr'>vim</span> <span class='ocrx_word' id='word_1_463' title='bbox 1393 2368 1474 2407; x_wconf 73' lang='lat' dir='ltr'>legis</span> <span class='ocrx_word' id='word_1_464' title='bbox 1488 2378 1543 2399; x_wconf 82' lang='lat' dir='ltr'>ex·</span> 
     </span>
     <span class='ocr_line' id='line_1_66' title="bbox 841 2409 1544 2451; baseline 0.001 -12"><span class='ocrx_word' id='word_1_465' title='bbox 841 2412 1001 2450; x_wconf 82' lang='lat' dir='ltr'>primunt,</span> <span class='ocrx_word' id='word_1_466' title='bbox 1020 2413 1051 2441; x_wconf 87' lang='lat' dir='ltr'>in</span> <span class='ocrx_word' id='word_1_467' title='bbox 1069 2422 1132 2450; x_wconf 81' lang='lat' dir='ltr'>qna</span> <span class='ocrx_word' id='word_1_468' title='bbox 1148 2412 1275 2451; x_wconf 80' lang='lat' dir='ltr'>populis</span> <span class='ocrx_word' id='word_1_469' title='bbox 1292 2411 1329 2440; x_wconf 84' lang='lat' dir='ltr'>iis</span> <span class='ocrx_word' id='word_1_470' title='bbox 1350 2411 1464 2441; x_wconf 77' lang='lat' dir='ltr'>civitas</span> <span class='ocrx_word' id='word_1_471' title='bbox 1487 2409 1544 2440; x_wconf 82' lang='lat' dir='ltr'>da-</span> 
     </span>
     <span class='ocr_line' id='line_1_67' title="bbox 841 2452 1544 2493; baseline 0.001 -11"><span class='ocrx_word' id='word_1_472' title='bbox 841 2459 908 2489; x_wconf 83' lang='lat' dir='ltr'>tur,</span> <span class='ocrx_word' id='word_1_473' title='bbox 926 2455 979 2493; x_wconf 83' lang='lat' dir='ltr'>qni</span> <span class='ocrx_word' id='word_1_474' title='bbox 999 2453 1091 2483; x_wconf 77' lang='lat' dir='ltr'>fundi</span> <span class='ocrx_word' id='word_1_475' title='bbox 1117 2454 1194 2483; x_wconf 81' lang='lat' dir='ltr'>sacti</span> <span class='ocrx_word' id='word_1_476' title='bbox 1218 2461 1344 2484; x_wconf 80' lang='lat' dir='ltr'>essent:</span> <span class='ocrx_word' id='word_1_477' title='bbox 1369 2452 1456 2491; x_wconf 84' lang='lat' dir='ltr'>quod</span> <span class='ocrx_word' id='word_1_478' title='bbox 1478 2452 1544 2483; x_wconf 85' lang='lat' dir='ltr'>illis</span> 
     </span>
     <span class='ocr_line' id='line_1_68' title="bbox 841 2495 1543 2533; baseline 0.001 -9"><span class='ocrx_word' id='word_1_479' title='bbox 841 2497 958 2532; x_wconf 79' lang='lat' dir='ltr'>verbis,</span> <span class='ocrx_word' id='word_1_480' title='bbox 975 2498 1021 2526; x_wconf 76' lang='lat' dir='ltr'>ita</span> <span class='ocrx_word' id='word_1_481' title='bbox 1045 2497 1125 2526; x_wconf 73' lang='lat' dir='ltr'>data</span> <span class='ocrx_word' id='word_1_482' title='bbox 1139 2501 1197 2532; x_wconf 75' lang='lat' dir='ltr'>est,</span> <span class='ocrx_word' id='word_1_483' title='bbox 1214 2501 1359 2525; x_wconf 80' lang='lat' dir='ltr'>ut-non</span> <span class='ocrx_word' id='word_1_484' title='bbox 1374 2495 1543 2533; x_wconf 76' lang='lat' dir='ltr'>haberent,</span> 
     </span>
     <span class='ocr_line' id='line_1_69' title="bbox 841 2538 1544 2577; baseline -0.001 -10"><span class='ocrx_word' id='word_1_485' title='bbox 841 2538 906 2567; x_wconf 81' lang='lat' dir='ltr'>alio</span> <span class='ocrx_word' id='word_1_486' title='bbox 934 2539 1044 2575; x_wconf 73' lang='lat' dir='ltr'>modo,</span> <span class='ocrx_word' id='word_1_487' title='bbox 1073 2544 1150 2577; x_wconf 67' lang='lat' dir='ltr'>apto</span> <span class='ocrx_word' id='word_1_488' title='bbox 1178 2538 1248 2568; x_wconf 79' lang='lat' dir='ltr'>scil.</span> <span class='ocrx_word' id='word_1_489' title='bbox 1280 2538 1319 2567; x_wconf 77' lang='lat' dir='ltr'>ad</span> <span class='ocrx_word' id='word_1_490' title='bbox 1347 2542 1544 2577; x_wconf 69' lang='lat' dir='ltr'>praesentem</span> 
     </span>
     <span class='ocr_line' id='line_1_70' title="bbox 843 2578 1545 2619; baseline -0.003 -10"><span class='ocrx_word' id='word_1_491' title='bbox 843 2580 1115 2619; x_wconf 76' lang='lat' dir='ltr'>disputationem,</span> <span class='ocrx_word' id='word_1_492' title='bbox 1154 2581 1361 2619; x_wconf 80' lang='lat' dir='ltr'>exprimitur.</span> <span class='ocrx_word' id='word_1_493' title='bbox 1377 2595 1421 2602; x_wconf 90' lang='lat'>—-</span> <span class='ocrx_word' id='word_1_494' title='bbox 1436 2578 1545 2608; x_wconf 90' lang='lat' dir='ltr'>Hoto-</span> 
     </span>
     <span class='ocr_line' id='line_1_71' title="bbox 844 2622 1544 2660; baseline -0.001 -9"><span class='ocrx_word' id='word_1_495' title='bbox 844 2632 985 2652; x_wconf 73' lang='lat' dir='ltr'>mannus</span> <span class='ocrx_word' id='word_1_496' title='bbox 1021 2630 1130 2653; x_wconf 59' lang='lat' dir='ltr'>autem</span> <span class='ocrx_word' id='word_1_497' title='bbox 1166 2623 1244 2652; x_wconf 66' lang='lat'>0:23.</span> <span class='ocrx_word' id='word_1_498' title='bbox 1277 2622 1321 2657; x_wconf 87' lang='lat'>11,</span> <span class='ocrx_word' id='word_1_499' title='bbox 1350 2624 1402 2652; x_wconf 67' lang='grc' dir='ltr'>(ΣΟ.</span> <span class='ocrx_word' id='word_1_500' title='bbox 1431 2625 1544 2660; x_wconf 84' lang='lat' dir='ltr'>putat,</span> 
     </span>
     <span class='ocr_line' id='line_1_72' title="bbox 844 2662 1545 2703; baseline 0 -10"><span class='ocrx_word' id='word_1_501' title='bbox 844 2671 917 2703; x_wconf 73' lang='lat' dir='ltr'>pust</span> <span class='ocrx_word' id='word_1_502' title='bbox 940 2666 1072 2695; x_wconf 60' lang='lat' dir='ltr'>verbum</span> <span class='ocrx_word' id='word_1_503' title='bbox 1102 2666 1181 2694; x_wconf 76' lang='lat' dir='ltr'>duta</span> <span class='ocrx_word' id='word_1_504' title='bbox 1205 2665 1358 2694; x_wconf 70' lang='lat' dir='ltr'>excidisse</span> <span class='ocrx_word' id='word_1_505' title='bbox 1387 2662 1491 2701; x_wconf 78' lang='lat' dir='ltr'>plura.</span> <span class='ocrx_word' id='word_1_506' title='bbox 1516 2662 1545 2693; x_wconf 80' lang='lat' dir='ltr'>si</span> 
     </span>
     <span class='ocr_line' id='line_1_73' title="bbox 843 2704 1545 2745; baseline -0.001 -9"><span class='ocrx_word' id='word_1_507' title='bbox 843 2706 896 2736; x_wconf 68' lang='lat' dir='ltr'>hio</span> <span class='ocrx_word' id='word_1_508' title='bbox 912 2707 1030 2737; x_wconf 63' lang='lat' dir='ltr'>lacuna</span> <span class='ocrx_word' id='word_1_509' title='bbox 1046 2713 1107 2742; x_wconf 78' lang='lat' dir='ltr'>est,</span> <span class='ocrx_word' id='word_1_510' title='bbox 1125 2707 1172 2736; x_wconf 71' lang='lat' dir='ltr'>liis</span> <span class='ocrx_word' id='word_1_511' title='bbox 1189 2708 1299 2745; x_wconf 62' lang='lat' dir='ltr'>paucis</span> <span class='ocrx_word' id='word_1_512' title='bbox 1314 2705 1418 2734; x_wconf 64' lang='lat' dir='ltr'>verbis</span> <span class='ocrx_word' id='word_1_513' title='bbox 1434 2704 1545 2745; x_wconf 78' lang='lat' dir='ltr'>exple-</span> 
     </span>
     <span class='ocr_line' id='line_1_74' title="bbox 844 2747 1546 2788; baseline -0.003 -10"><span class='ocrx_word' id='word_1_514' title='bbox 844 2750 868 2778; x_wconf 88' lang='lat' dir='ltr'>ri</span> <span class='ocrx_word' id='word_1_515' title='bbox 893 2754 1022 2788; x_wconf 71' lang='lat' dir='ltr'>potest:</span> <span class='ocrx_word' id='word_1_516' title='bbox 1049 2751 1095 2778; x_wconf 76' lang='grc' dir='ltr'>ι’.;’(ι</span> <span class='ocrx_word' id='word_1_517' title='bbox 1121 2751 1203 2784; x_wconf 73' lang='lat' dir='ltr'>lata,</span> <span class='ocrx_word' id='word_1_518' title='bbox 1221 2748 1268 2777; x_wconf 66' lang='lat' dir='ltr'>xel</span> <span class='ocrx_word' id='word_1_519' title='bbox 1292 2747 1364 2785; x_wconf 44' lang='lat' dir='ltr'>scri,</span> <span class='ocrx_word' id='word_1_520' title='bbox 1382 2751 1415 2775; x_wconf 77' lang='lat' dir='ltr'>ta</span> <span class='ocrx_word' id='word_1_521' title='bbox 1431 2751 1490 2784; x_wconf 82' lang='lat' dir='ltr'>est,</span> <span class='ocrx_word' id='word_1_522' title='bbox 1505 2750 1546 2778; x_wconf 74' lang='lat' dir='ltr'>ut</span> 
     </span>
     <span class='ocr_line' id='line_1_75' title="bbox 842 2791 1548 2830; baseline 0 -11"><span class='ocrx_word' id='word_1_523' title='bbox 842 2793 897 2830; x_wconf 63' lang='lat' dir='ltr'>qui</span> <span class='ocrx_word' id='word_1_524' title='bbox 914 2794 971 2821; x_wconf 60' lang='lat' dir='ltr'>estc.</span> <span class='ocrx_word' id='word_1_525' title='bbox 986 2801 1063 2821; x_wconf 51' lang='lat' dir='ltr'>sane</span> <span class='ocrx_word' id='word_1_526' title='bbox 1087 2791 1167 2820; x_wconf 83' lang='lat' dir='ltr'>nihil</span> <span class='ocrx_word' id='word_1_527' title='bbox 1192 2793 1342 2826; x_wconf 64' lang='lat' dir='ltr'>interest,</span> <span class='ocrx_word' id='word_1_528' title='bbox 1362 2796 1473 2818; x_wconf 86' lang='lat' dir='ltr'>utrum</span> <span class='ocrx_word' id='word_1_529' title='bbox 1496 2797 1548 2819; x_wconf 85' lang='lat' dir='ltr'>se·</span> 
     </span>
     <span class='ocr_line' id='line_1_76' title="bbox 843 2843 954 2872; baseline 0 -10"><span class='ocrx_word' id='word_1_530' title='bbox 843 2843 954 2872; x_wconf 82' lang='lat' dir='ltr'>quare.</span> 
     </span>
    </p>

    <p class='ocr_par' dir='ltr' id='par_1_16' title="bbox 886 2870 1546 2914">
     <span class='ocr_line' id='line_1_77' title="bbox 886 2870 1546 2914; baseline -0.006 -8"><span class='ocrx_word' id='word_1_531' title='bbox 886 2877 924 2906; x_wconf 85' lang='lat'>51</span> <span class='ocrx_word' id='word_1_532' title='bbox 948 2873 1090 2914; x_wconf 75' lang='lat' dir='ltr'>foederis</span> <span class='ocrx_word' id='word_1_533' title='bbox 1120 2874 1183 2905; x_wconf 15' lang='lat' dir='ltr'>sui,</span> <span class='ocrx_word' id='word_1_534' title='bbox 1202 2875 1388 2905; x_wconf 71' lang='lat' dir='ltr'>libertatem</span> <span class='ocrx_word' id='word_1_535' title='bbox 1416 2870 1546 2905; x_wconf 78' lang='lat' dir='ltr'>civitati</span> 
     </span>
    </p>
   </div>
  </div>
 </body>
</html>
