1785 3185
519 96 865 136 PHILIPPICA
891 97 1069 136 NONA.
1408 96 1505 137 1375

78 200 324 244 miliaritate
345 214 573 250 sermones,
605 199 767 255 gratior
800 199 856 239 illi
885 200 1063 249 videtur,
1092 200 1125 239 si
1148 199 1243 253 quis
1265 206 1330 240 est
1360 211 1506 239 sensus

79 259 124 299 in
145 266 296 309 morte,
319 272 436 299 aenea
455 265 595 298 statua
616 257 745 296 futur
734 271 771 306 ’1,
790 265 834 296 et
851 270 900 296 ea
920 256 1139 311 pedestris,
1161 271 1288 310 quam
1314 256 1507 296 inaurata.

79 315 311 368 equestris:
334 311 373 344 23
390 312 526 376 qualis
546 320 611 353 est
633 311 682 353 L.
706 312 833 353 Sullae
854 312 991 367 prima
1013 321 1165 352 statua
1190 312 1368 354 miiifice
1390 312 1505 352 enim

78 371 170 412 Ser.
202 370 414 432 Sulpicius
444 369 655 424 maj0rum
680 368 990 410 continentiam
1018 367 1249 423 diligebat:
1291 368 1419 422 hujus
1441 372 1549 409 se—b·

77 427 161 468 culi
184 426 448 468 insolentiam
476 427 759 482 vituperabat.
820 425 935 467 24Ut
959 425 1106 481 igitur,
1131 424 1164 464 si
1188 424 1328 479 ipsum
1349 439 1503 466 consu-—

76 482 176 534 lam,
197 483 298 539 quid
321 483 436 533 velit,
459 498 518 524 src
542 484 779 539 pedestrem
800 497 855 523 ex
879 496 961 523 aere
983 491 1182 530 statuam,
1209 490 1425 537 tamquam
1449 496 1503 522 ex

77 540 169 595 ejus
190 541 443 582 auctmitate
461 550 504 580 et
524 540 742 581 voluntate
763 540 967 581 decemo:
991 553 1087 594 quae
1107 537 1280 602 quidem
1297 552 1504 593 magnum

77 597 238 638 civium
256 597 443 638 dolorem
466 606 510 638 et
530 597 783 638 desiderium
807 596 968 637 honore
990 594 1255 637 monumenti
1275 594 1440 636 minuet
1459 604 1502 635 et

73 651 218 695 leniet.
270 653 412 708 Atque
436 654 544 694 hmo
565 668 703 696 meam
725 653 994 703 sententiam,
1019 662 1156 709 patres
1178 651 1427 707 conscripti,
1450 651 1499 693 P.
1516 654 1562 686 14

76 709 247 752 Servilii
276 711 488 752 sententia
517 711 684 766 probmi
716 724 886 751 necesse
912 720 1004 751 est:
1046 725 1119 765 qui
1151 708 1392 764 sepulcrum
1425 723 1502 765 pu-

75 765 187 817 blice
209 768 519 809 decernendum
543 768 633 808 Ser
665 767 856 823 Sulpicio
877 766 1058 818 censuit,
1081 775 1266 807 statuam
1288 780 1372 806 non
1404 780 1504 806 cen-

75 825 176 866 suit.
237 825 349 866 Nun
373 825 405 865 si
430 839 541 865 mors
560 824 688 879 legati
709 838 798 865 sme
819 824 938 864 caede
959 832 1088 878 atque
1110 823 1222 864 ferro
1244 822 1405 863 nullum
1427 823 1504 863 ho-

74 895 220 922 norem
246 881 479 922 desider2at
503 895 578 921 cul
601 881 791 922 decernit
812 879 1018 921 honorem
1043 880 1295 936 sepulturae:
1319 881 1392 934 qui
1416 895 1504 921 ma·-

74 938 218 979 ximus
250 938 390 979 haberi
419 946 559 993 potest
582 940 779 980 mortuo?
811 937 887 978 Sin
914 937 958 978 id
992 937 1145 978 tribuit
1173 938 1263 978 Ser.
1297 936 1503 992 Sulpicio,

73 996 190 1050 quod
214 1010 298 1036 non
319 1005 383 1035 est
404 995 551 1035 datum
575 994 657 1035 Cn.
681 994 891 1037 Octavio:
923 1009 1013 1044 cur,
1034 995 1150 1050 quod
1173 994 1231 1035 illi
1255 994 1402 1035 datum
1425 1004 1504 1046 est,

72 1050 175 1093 huic
197 1052 382 1093 dandum
405 1066 495 1092 esse
515 1066 601 1092 non
631 1054 803 1093 censet?
839 1050 1029 1106 Majores
1058 1051 1231 1106 quidem
1261 1051 1394 1091 nostri
1420 1061 1506 1092 sta-

74 1116 169 1149 tuas
193 1109 336 1150 multis
360 1109 661 1151 decreverunt:
694 1107 887 1165 sepulcra
911 1108 1072 1164 paucis.
1104 1110 1176 1149 sed
1200 1117 1353 1149 statuae
1376 1108 1505 1149 inter-

73 1175 179 1206 eunt
212 1174 479 1230 tempestate,
504 1166 558 1218 vi,
582 1175 817 1207 vetustate:
851 1165 1143 1221 sepulcrorum
1178 1168 1218 1197 25
1236 1175 1380 1206 autem
1411 1180 1506 1206 san-

74 1223 202 1264 ctitas
225 1223 268 1264 in
297 1237 389 1278 lpso
419 1223 508 1264 solo
530 1232 613 1265 est:
655 1223 770 1287 quod
800 1221 914 1263 nulla
937 1223 978 1264 vi
1008 1222 1185 1286 moveri,
1216 1236 1355 1277 neque
1375 1222 1505 1264 deleri

75 1289 232 1344 potest,
246 1290 387 1335 atque,
408 1290 454 1320 ut
471 1291 612 1321 cetera
627 1280 977 1336 exstinguuntur,
992 1280 1051 1321 sic
1070 1279 1262 1335 sepulcra
1282 1279 1392 1320 fiunt
1408 1294 1504 1321 san-

74 1337 214 1377 οῖίοιει
237 1346 460 1378 vetustate.
520 1337 743 1393 Augeatur
764 1337 896 1393 igitur
925 1335 1008 1377 isto
1030 1337 1160 1377 etiam
1181 1336 1375 1377 honore
1367 1351 1400 1377 1s
1425 1337 1500 1387 vir,
1518 1347 1563 1381 15

74 1394 145 1434 cui
179 1394 316 1434 nullus
339 1393 476 1434 honor
504 1395 635 1435 tribui
667 1409 753 1436 non
776 1394 946 1435 debitus
969 1402 1125 1450 potest
1157 1394 1267 1457 grati
1300 1394 1430 1434 simus
1458 1394 1502 1435 in

73 1450 167 1506 ejus
186 1460 323 1492 morte
341 1451 593 1501 decoranda,
618 1451 687 1491 cui
710 1451 903 1493 nullam
885 1465 979 1507 Jam
1001 1450 1126 1492 aliam
1149 1450 1330 1507 gratiam
1350 1450 1506 1492 referre

74 1522 316 1564 possumus.
347 1517 520 1550 notetur
550 1508 680 1549 etiam
712 1508 779 1550 M.
803 1507 999 1559 Antonii,
1020 1507 1231 1549 nefarium
1257 1507 1411 1548 bellum
1434 1522 1508 1563 ge·
1623 1535 1641 1548 s

78 1565 226 1616 lentis,
256 1564 459 1607 scelerata
492 1566 683 1606 audacia.
714 1566 780 1608 his
814 1566 930 1606 enim
959 1565 1194 1606 honoribus
1227 1564 1385 1605 habitis
1417 1565 1507 1606 Ser.

76 1621 284 1678 Sulpicio,
302 1623 536 1678 repudiatae
557 1622 814 1678 rejectaeque
831 1622 1058 1679 legationis
1079 1623 1134 1663 ab
1152 1621 1345 1663 Antonio
1364 1637 1509 1664 mane-

75 1678 142 1720 bit
164 1679 409 1720 testificatio
433 1680 705 1743 sempiterna.

134 1736 253 1783 Quas
276 1737 333 1777 ob
355 1751 418 1777 1es
443 1738 501 1777 ita
523 1751 700 1779 censeo·
734 1737 845 1778 Cum
869 1736 960 1777 Ser.
992 1735 1222 1792 Sulpicius,
1255 1735 1312 1782 Q.
1345 1734 1393 1776 F.
1428 1736 1552 1791 Le-'Y

74 1793 235 1845 monia,
259 1793 414 1846 Rufus,
436 1793 690 1835 difficillimo
708 1794 955 1853 reipublicae
976 1802 1182 1849 tempore,
1204 1793 1324 1850 gravi
1341 1793 1508 1849 peiicu-

73 1848 253 1906 losoque
284 1851 436 1892 morbo
469 1851 664 1902 affectus,
692 1851 994 1893 auctoritatem
1022 1859 1212 1902 senatus,
1244 1850 1508 1905 salutemque

73 1907 323 1963 reipublicae
353 1908 454 1949 vitae
489 1923 577 1950 suae
610 1909 906 1964 praeposuelit‚
937 1917 1171 1962 contraque
1203 1907 1289 1948 vim
1321 1907 1509 1963 gravita-

74 1972 248 2020 temque
269 1965 408 2005 morbi
431 1965 714 2016 contenderit,
746 1976 793 2006 ut
814 1965 867 2007 ad
890 1975 1029 2007 castra
1051 1963 1248 2028 Antonii,
1281 1979 1366 2020 quo
1390 1979 1511 2005 sena-

75 2030 145 2062 tus
166 2035 264 2063 eum
298 2022 485 2072 miserat,
509 2022 770 2078 perveniret:
814 2022 949 2076 isque,
972 2036 1070 2063 cum
1093 2021 1188 2076 jam
1215 2036 1349 2078 prope
1370 2031 1511 2062 castra

76 2078 278 2131 venisset,
302 2079 341 2119 vi
365 2079 504 2120 morbi
525 2093 768 2142 oppressus,
792 2080 925 2120 vitam
943 2079 1132 2120 amiserit
1153 2079 1195 2119 in
1219 2093 1410 2119 maxrmo
1427 2079 1509 2119 rei-

72 2134 261 2200 publicae
284 2150 478 2177 munere:
502 2149 681 2191 eJusqne
699 2151 812 2177 mors
827 2144 1116 2177 consentanea
1134 2136 1235 2176 vitae
1254 2135 1397 2187 fuerit,
1413 2150 1507 2176 san·
1519 2144 1552 2175 P·
1572 2134 1643 2167 >224

73 2192 266 2235 ctissime
286 2193 672 2248 honestissimeque
696 2202 820 2244 actae,
842 2193 884 2234 in
906 2207 991 2248 qua
1007 2207 1122 2248 saepe
1140 2207 1299 2249 magno
1316 2193 1410 2234 usui
1427 2187 1549 2235 rei-—a

73 2249 262 2314 publicae
305 2250 395 2291 Ser.
432 2249 662 2314 Sulpicius,
697 2260 740 2291 et
774 2250 980 2306 privatu8‚
1016 2259 1059 2291 et
1091 2250 1134 2290 in
1172 2250 1510 2306 tnagistratibu5‚

73 2305 229 2349 fuerit:
263 2306 374 2348 Cum
399 2307 493 2348 talis
515 2308 671 2359 v1r‚ob
695 2307 1036 2363 rempublicam
1026 2322 1069 2348 1n
1090 2283 1305 2363 legatione
1326 2318 1508 2349 mortem
1526 2313 1571 2348 16

74 2364 253 2406 obierit.
287 2364 463 2405 Senatui
496 2363 677 2421 placere,
710 2366 800 2406 Ser.
832 2364 1024 2421 Sulpicio
1056 2372 1240 2405 statuam
1271 2364 1512 2429 pedestrem

75 2435 239 2464 aeneam
260 2421 304 2463 in
331 2421 498 2463 Rostlis
520 2436 574 2463 ex
597 2421 727 2477 hujus
748 2421 910 2465 ordinis
934 2421 1145 2462 sententia
1167 2421 1312 2474 statui,
1330 2422 1513 2465 circum-

117 2583 159 2614 23
171 2583 277 2622 qualis
288 2587 334 2613 esc
349 2583 390 2614 l..
406 2583 626 2624 Sulloeprima
637 2582 765 2623 statua]
824 2594 925 2615 orem.
961 2582 1101 2615 Tentavi
1117 2583 1309 2623 aliquando:
1337 2581 1462 2621 Igitur,
1478 2586 1516 2613 ut

79 2624 226 2655 Graevius
236 2626 392 2664 conjecit:
409 2627 516 2665 qualis
531 2626 573 2656 L.
591 2626 693 2656 Sulla>
699 2627 771 2665 pri
824 2628 851 2656 si
865 2627 972 2666 ipsum
987 2628 1154 2657 consulam
1170 2628 1229 2657 ἂρ.
1245 2627 1302 2656 avie.
1346 2624 1408 2656 Sed
1421 2630 1455 2654 et
1470 2624 1516 2654 sic

76 2676 169 2697 mum
193 2671 321 2697 statuta
346 2671 410 2697 est.
406 2679 413 2685 ·
449 2667 535 2707 quod
557 2669 769 2707 sequentibus
825 2673 938 2699 manet
953 2669 1073 2708 species
1093 2669 1305 2707 tautologiae2
1330 2675 1407 2696 nam
1430 2665 1517 2696 idem

76 2707 160 2739 bene
174 2709 352 2739 consentit.
824 2710 891 2740 fere
913 2720 983 2741 esse
1005 2710 1134 2740 videtur
1157 2711 1191 2740 in
1210 2709 1332 2739 verbis·
1357 2712 1517 2747 tanquam

101 2752 159 2782 24
180 2750 224 2782 Ue
238 2752 356 2789 agitur,
372 2752 398 2781 si
410 2751 474 2782 διο,
477 2751 491 2791 ]
526 2751 640 2782 Inest
632 2762 666 2782 m
681 2753 770 2792 prin·
824 2762 864 2782 e.r
875 2750 946 2793 ejus
961 2753 1169 2783 auctoritate.
1186 2757 1245 2783 nec
1258 2757 1371 2782 tamen
1381 2755 1431 2781 est
1444 2758 1518 2781 vera

76 2791 162 2832 cipio
177 2791 298 2832 aliquid
310 2793 393 2823 duri.
416 2793 562 2824 Graevius
577 2801 684 2833 itaque
700 2804 771 2824 cor·
824 2795 1021 2833 tautologia.

78 2833 181 2874 rigere
193 2836 350 2874 tentavit,
365 2835 420 2867 sed
435 2835 544 2868 locum
561 2837 668 2869 effecit
683 2836 771 2871 duri·
867 2838 907 2868 95
925 2836 1051 2877 autem]
1078 2835 1176 2868 Abest
1191 2835 1255 2867 Mn.
1271 2834 1315 2866 H.
1330 2843 1396 2866 non
1409 2833 1507 2866 male.

734 2883 867 2920 4152
