1785 3185
496 111 841 152 PHILIPPICA
867 109 1156 150 SECUNDA.
1445 113 1540 150 1261

115 214 274 270 derere,
296 215 407 258 ultro
429 211 666 259 maledictis
689 230 758 258 me
778 215 981 256 lacessisti
1000 231 1009 256 :
1040 218 1276 270 4tuamque
1297 230 1322 256 a
1341 228 1410 256 me
1439 213 1541 257 alie·-

113 271 330 313 nationem
360 274 776 315 commendationem
807 273 886 313 tibi
910 272 963 312 ad
988 271 1102 312 cives
1125 271 1279 326 impios
1302 272 1392 313 fore
1414 282 1538 328 puta·

114 328 228 369 visti.
289 329 405 376 Quid
437 333 615 386 putem?
643 338 965 372 contemtumne
995 330 1091 369 me?
1127 342 1213 368 non
1236 328 1360 369 video
1393 344 1471 370 nec
1492 329 1574 376 in2

114 385 216 435 vita,
239 399 317 427 nec
340 387 381 427 in
404 387 556 443 gratia,
578 401 656 428 nec
678 387 720 428 in
751 386 875 435 rebus
897 385 1043 442 gestis,
1063 398 1141 425 nec
1171 384 1212 424 in
1236 384 1316 424 hac
1334 399 1429 426 mea
1449 400 1538 427 me-

111 440 337 484 diocritate
368 444 544 500 ingenii,
565 444 666 500 quid
698 443 916 499 despicere
946 442 1082 498 possit
1111 440 1341 481 Antonius.
1400 442 1469 483 An
1493 443 1538 484 in

111 509 258 540 senatu
283 499 482 542 facillime
504 501 556 542 de
575 516 641 542 me
662 501 826 542 detrahi
850 513 974 556 posse
995 498 1200 540 credidit?
1230 498 1300 552 qui
1325 498 1430 538 ordo
1451 499 1538 540 cla-

109 554 286 597 rissimis
307 557 475 599 civibus
498 559 605 599 bene
627 569 758 615 gestae
781 556 1028 612 reipublicae.
1059 555 1354 596 testimonium
1376 554 1536 606 multis,

108 612 214 653 mihi
247 614 320 654 uni
350 625 611 658 conservatae
642 616 786 657 dedit?
836 613 905 655 An
941 613 1159 654 decertare
1191 626 1358 660 mecum
1398 611 1535 653 voluit.

106 673 385 712 contentione
405 672 602 714 dicendi?
624 672 705 714 hoc
727 671 899 726 quidem
922 669 1176 711 beneficium
1197 678 1275 709 est.
1297 668 1400 724 quid
1416 670 1533 710 enim

109 724 288 780 plenius,
311 730 412 783 quid
445 730 629 780 uberius,
651 743 778 784 quam
800 728 905 768 mihi
937 737 980 768 et
1002 741 1079 782 pro
1102 741 1184 775 me,
1205 736 1248 766 et
1269 735 1420 767 contra
1439 726 1532 766 An-

107 784 272 825 tonium
305 786 474 827 dicere?
507 785 613 827 Illud
646 785 840 842 profecto
862 793 939 825 est.
972 798 1056 824 non
1087 782 1366 833 existimavit,
1389 783 1451 823 sui
1475 782 1532 823 si-

107 840 278 882 milibus
303 843 467 897 probari
492 854 629 898 posse,
649 857 692 883 se
709 856 800 882 esse
823 842 986 882 hostem
1009 841 1172 896 patriae,
1191 839 1272 880 nisi
1291 840 1396 880 mihi
1419 849 1531 881 esset

106 896 318 940 inimicus.
379 899 460 941 Cui
495 900 607 954 prius
638 913 762 954 quam
796 899 849 939 de
874 898 1025 939 ceteris
1057 898 1181 938 rebus
1203 897 1454 952 respondeO,
1475 897 1564 948 deg

106 954 308 1005 amicitia,
329 970 455 1010 quam
479 972 504 995 a
525 970 592 996 me
611 957 808 997 violatam
826 970 916 996 esse
938 954 1186 996 criminatus
1208 963 1286 1005 est,
1308 953 1422 1009 quod
1444 968 1526 1010 ego
1538 974 1569 1003 p.
1592 964 1659 993 161.

104 1012 403 1065 gravissimum
424 1013 584 1054 crimen
599 1013 767 1068 judico,
791 1026 927 1068 pauca
947 1012 1103 1052 dicam.
1539 1016 1569 1036 a.

161 1067 324 1110 Contra
357 1084 443 1111 rem
477 1085 595 1111 suam
630 1072 742 1121 5me,
765 1069 908 1110 nescio
940 1069 1127 1123 quando,
1158 1068 1322 1109 venisse
1352 1066 1571 1123 questus2

101 1133 179 1165 est.
239 1125 307 1167 An
329 1141 411 1183 ego
436 1142 518 1168 non
542 1126 728 1168 venirem
750 1136 901 1168 contra
921 1126 1106 1166 alienum
1146 1140 1221 1181 pro
1256 1125 1452 1166 familiari
1485 1135 1531 1166 et

102 1185 338 1224 necessario
357 1187 480 1226 tneo?
510 1199 595 1225 non
618 1185 805 1224 venirem
827 1192 976 1224 contra
998 1182 1303 1238 gratiam‚'non
1325 1183 1345 1213 6
1360 1182 1534 1223 virtutis

102 1253 191 1293 spe,
215 1241 285 1281 sed
310 1242 448 1282 aetatis
479 1242 583 1282 flore
615 1240 865 1282 collectam?
896 1253 981 1280 non
1017 1240 1202 1280 venirem
1237 1249 1386 1280 contra
1417 1239 1531 1294 inju-

100 1296 222 1347 riam,
241 1311 366 1352 quam
400 1299 479 1339 iste
501 1298 789 1339 intercessoris
812 1296 1067 1352 iniquissimi
1093 1296 1301 1337 beneficio
1323 1296 1528 1348 obtinuit,

100 1366 183 1392 non
201 1353 299 1408 jure
322 1356 550 1411 praetorio?
592 1356 674 1396 Sed
703 1355 788 1396 hoc
820 1354 980 1395 idcirco
1013 1366 1394 1395 commemoratum
1428 1369 1453 1394 a
1487 1364 1528 1395 te

101 1420 221 1465 puto,
243 1421 291 1452 ut
321 1423 362 1453 te
383 1412 534 1466 infimo
568 1412 706 1453 ordini
739 1411 1073 1461 commendares,
1096 1425 1192 1452 cum
1217 1421 1259 1451 te
1286 1425 1433 1451 omnes
1461 1425 1527 1451 re-

98 1467 374 1512 cordarentur
402 1469 588 1510 libertini
619 1483 838 1525 generum,
873 1478 918 1509 et
947 1468 1102 1509 liberos
1134 1479 1244 1517 tuoS‚
1267 1479 1443 1524 nepotes
1467 1469 1525 1515 Q.

99 1521 235 1575 Fadii,
256 1525 443 1568 libertini
468 1527 667 1577 hominis,
696 1526 841 1567 fuisse.
902 1525 961 1566 At
981 1525 1092 1566 enim
1120 1536 1160 1566 te
1190 1526 1232 1565 in
1255 1525 1527 1581 disciplinam

94 1594 234 1622 meam
258 1583 513 1626 tradideras:
544 1588 581 1637 (7
606 1598 703 1624 nam
735 1584 795 1624 ita
826 1582 974 1624 dixisti
991 1584 1022 1633 t)
1052 1583 1227 1624 domum
1259 1597 1396 1623 meam
1425 1597 1527 1624 ven·

97 1637 260 1680 titaras.
320 1640 401 1681 Nae
427 1651 496 1692 tu,
520 1642 553 1681 si
584 1641 625 1681 id
655 1640 841 1691 fecisses,
862 1640 1013 1680 melius
1046 1639 1186 1690 famae,
1218 1639 1366 1680 melius
1402 1639 1525 1695 pudi-

93 1694 209 1736 citiae
240 1706 329 1738 'tuae
364 1698 661 1739 consuluisses.
709 1698 779 1738 sed
814 1712 891 1738 nec
927 1696 1082 1748 fecisti,
1116 1699 1242 1746 8nec,
1267 1697 1301 1737 si
1330 1711 1523 1752 cuperes,

95 1752 174 1793 tibi
195 1752 235 1794 id
262 1769 333 1810 per
360 1754 412 1796 C.
437 1754 668 1796 Curionem
701 1755 841 1797 facere
868 1754 1071 1795 licuisset.
1132 1753 1379 1809 Auguratus
1413 1754 1557 1810 peti-4

93 1809 255 1851 tionem
278 1811 416 1852 91ni'hi
439 1822 481 1853 te
503 1812 760 1854 concessisse
779 1812 944 1852 dixisti.
1003 1811 1044 1852 O
1078 1811 1370 1852 incredibilem
1393 1811 1523 1852 auda-

92 1866 232 1908 ciam!
275 1883 300 1909 o
332 1869 640 1924 impudentiam
667 1869 1008 1925 praedicandam!
1070 1868 1171 1914 Quo
1193 1869 1305 1909 enim
1330 1878 1523 1924 tempore

85 1938 164 1965 wne
184 1939 388 1980 augurem
411 1941 436 1967 a
457 1936 549 1967 toto
568 1926 750 1982 collegio
772 1927 1012 1982 expetitum
1037 1925 1119 1966 Cn.
1144 1925 1376 1981 Pompeius
1397 1935 1442 1966 et
1464 1925 1522 1973 Q.

94 1981 352 2023 Hortensius
385 1984 727 2034 nominaverunt,
749 1989 905 2038 (neque
936 1983 1050 2023 euim
1083 1982 1240 2023 licebat
1274 1997 1299 2022 a
1330 1982 1521 2037 pluribus

91 2039 339 2092 nominari,)
362 2040 406 2082 tu
429 2055 507 2082 nec
529 2040 731 2082 solvendo
750 2055 856 2092 eras,
876 2054 954 2082 nee
972 2050 1012 2081 tc
1035 2039 1119 2081 ullo
1138 2039 1283 2092 modo,
1300 2039 1379 2080 nisi
1403 2054 1522 2081 ever-

128 2189 158 2218 4*
172 2190 197 2218 t.
226 2188 327 2218 alien.
355 2197 470 2219 comm.
493 2185 692 2228 tibi-sore]
729 2187 781 2218 Sic

88 2228 172 2259 edidi
188 2236 262 2269 post
286 2229 403 2261 Faern.
419 2230 550 2261 Manut.
574 2229 689 2261 Lamh.
706 2239 782 2260 eum

87 2271 237 2302 Graevio:
263 2272 339 2311 quia
353 2272 399 2302 sic
421 2272 496 2302 libri
510 2283 571 2303 scr.
595 2273 712 2312 optimi
724 2272 782 2303 ha-

88 2313 181 2350 berit,
195 2315 296 2344 etiam
312 2313 420 2345 Guelf.
450 2315 490 2345 ln
508 2325 574 2345 uno
589 2315 653 2345 Ms.
669 2320 782 2345 tamen

88 2355 123 2386 J.
140 2356 195 2387 Fr.
218 2356 320 2387 Gron.
340 2357 474 2387 verbum
498 2357 559 2387 boc
583 2357 704 2396 reperit
718 2356 783 2387 alio

87 2395 175 2435 loco,
203 2399 258 2429 ubi
280 2398 377 2438 vulgo
396 2401 520 2437 glorian
563 2399 671 2438 Vulgo
696 2404 721 2430 t.
745 2408 777 2429 α.

87 2440 146 2470 tibi
159 2441 205 2471 ad
219 2452 247 2471 e.
264 2441 285 2470 i.
309 2441 524 2480 glorioesore.
569 2441 649 2471 Mox
672 2451 780 2471 errore

87 2491 259 2524 operarum
288 2483 322 2513 in
345 2483 396 2514 ed.
420 2484 517 2514 Grut.
544 2488 594 2513 ost
617 2484 781 2524 dispicere.

86 2523 175 2563 quod
187 2530 299 2555 tamen
313 2525 369 2555 alii
383 2531 563 2556 servarunt.

129 2569 147 2597 5
172 2576 235 2604 me,
259 2569 360 2598 nescio
385 2569 526 2607 quando,
552 2567 696 2607 venisse]
716 2567 779 2597 Hic

87 2607 166 2638 ordo
188 2616 238 2639 est
260 2609 293 2638 in
316 2609 405 2640 libris
425 2610 532 2646 bonis,
547 2611 647 2640 etiam
671 2608 780 2640 Guelf.

86 2648 177 2689 isque
204 2651 323 2692 rectior
347 2656 410 2682 est.
453 2652 562 2691 Vulgo
583 2652 704 2682 venisse
731 2661 782 2681 me

85 2694 188 2722 nescio
201 2694 340 2732 quando.
362 2693 428 2724 Res
441 2693 656 2733 intelligenda
669 2702 783 2724 caussa

85 2733 202 2770 civilis,
219 2735 251 2764 in
265 2745 327 2774 qua
340 2745 416 2765 eum
430 2735 587 2773 defendit,
598 2736 654 2774 qui
668 2735 779 2766 adver-

86 2776 190 2806 sarius
201 2776 349 2813 Antonii,
362 2777 413 2807 vel
425 2779 525 2809 soceri
541 2780 611 2818 ejus
625 2783 708 2816 erat,
721 2777 781 2808 Hi-

88 2818 190 2849 storia
205 2828 271 2848 nou
285 2819 439 2850 traditur.

129 2861 150 2891 6
180 2860 313 2891 virtutis
341 2861 407 2901 spe]
441 2861 493 2891 Sic
521 2861 588 2892 Ms.
615 2861 693 2891 vat.
727 2860 783 2893 alii

145 2915 254 2943 VOL.
280 2917 335 2944 11.
359 2917 399 2944 P.
426 2917 480 2945 11.

825 2188 922 2218 Grut.
938 2184 1057 2218 Graevi‘i
1073 2185 1165 2217 Leid.
1181 2190 1214 2217 et
1230 2186 1294 2218 Gu.
1309 2191 1406 2217 recte.
1441 2186 1522 2218 vul.

825 2236 939 2269 gatum
954 2231 1055 2270 specie
1077 2229 1170 2259 nihili
1192 2235 1253 2259 est.
1298 2227 1439 2260 Virtutis
1451 2240 1522 2270 spes

817 2274 935 2313 juveni
951 2273 1118 2308 convenit,
1134 2281 1200 2301 non
1216 2271 1343 2310 species.

866 2317 883 2348 ’ἴ
907 2324 987 2344 num
1014 2315 1064 2344 ita
1091 2313 1215 2353 elisisti]
1243 2313 1389 2343 Graevius
1416 2313 1521 2344 inter-

827 2357 944 2396 pungit
965 2366 1058 2391 uam,
1076 2356 1125 2386 ica
1146 2356 1269 2392 dacisti,
1285 2355 1400 2395 (bnon
1424 2356 1517 2387 bene.

823 2398 862 2428 ln
879 2398 940 2429 hoc
956 2399 1087 2429 domum
1111 2407 1220 2428 meam
1240 2398 1434 2436 ventitaras,
1450 2407 1517 2428 non

823 2440 930 2471 reddit
963 2442 1125 2471 rationem
1158 2439 1345 2479 superioris,
1376 2445 1411 2470 et
1441 2439 1519 2478 quid

823 2488 886 2519 est,
914 2493 1012 2523 quare
1045 2482 1107 2512 hoc
1137 2481 1236 2512 addat
1264 2481 1360 2512 huic:
1387 2482 1519 2513 domum

824 2535 932 2555 meam
946 2525 1150 2555 ventitaras?
1167 2523 1311 2563 pertinet
1323 2523 1364 2553 ad
1379 2523 1422 2561 id,
1432 2523 1518 2562 quod

822 2567 960 2604 dixerat,
983 2577 1017 2598 se
1039 2568 1075 2597 in
1096 2565 1303 2606 disciplinam
1327 2565 1396 2596 Cic.
1417 2566 1518 2596 tradi-

823 2609 917 2640 disse.
1084 2616 1086 2619 ’

867 2654 884 2682 8
908 2661 976 2687 nec,
991 2651 1018 2680 si
1039 2647 1366 2690 cuperes—licuisset]
1391 2648 1520 2680 Licuis-

824 2698 872 2723 set
886 2693 1047 2724 desiderat
1064 2693 1212 2732 cupisses.

864 2740 883 2769 9
906 2735 987 2766 mihi
1013 2739 1043 2764 te
1071 2732 1267 2772 concessisse]
1298 2732 1318 2761 i.
1341 2742 1370 2762 e.
1395 2736 1429 2761 te
1450 2741 1517 2762 non

823 2777 941 2817 petisse
957 2787 1028 2807 mea
1043 2786 1167 2813 caussa,
1183 2781 1220 2806 ut
1243 2774 1326 2806 mihi
1345 2783 1411 2804 non
1434 2782 1519 2804 esses

824 2818 1074 2859 impedimento.

820 2909 908 2944 42⁸<
