1769 3174
590 120 655 158 lN
689 119 1009 158 VATINIUM.
1421 127 1519 163 1035

87 221 262 279 ,epulum
287 223 479 266 videras?
509 237 743 279 numquam
767 237 872 280 puer
893 232 967 264 aut
988 223 1234 266 adolescens
1262 227 1302 257 65
1318 227 1427 268 inter
1449 243 1524 270 co·

89 295 197 335 quos
229 281 398 324 fueras?
429 281 590 332 Fausti,
613 281 894 322 adolescentis
926 280 1180 322 nobilissimi
1205 283 1246 313 66
1261 284 1402 338 paullo
1424 295 1524 326 ante

89 351 144 377 ex
164 338 291 393 epulo
313 338 742 395 magnificentissimo
765 338 920 380 famem
945 337 1060 378 illam
1085 348 1271 380 veterem
1298 350 1413 382 tuam
1435 357 1524 384 non

85 394 315 450 expleras?
347 397 489 442 Quem
525 396 777 437 accumbere
817 403 1001 436 atratum
1036 395 1216 447 videras,
1245 396 1284 430 67
1299 397 1525 441 dominum

87 465 186 492 cum
223 461 326 508 toga
362 453 490 509 pulla,
520 461 562 493 et
595 453 687 509 ejus
721 452 882 493 amicos
914 461 1014 493 ante
1044 453 1320 495 convivium?
1352 468 1449 509 quae
1484 466 1526 497 te
1565 485 1574 493 ,

90 516 212 550 tanta
242 510 381 551 tenuit
410 510 610 561 amentia,
642 520 689 550 ut
714 519 775 561 tu,
805 510 886 551 nisi
918 509 960 550 id
989 508 1176 561 fecisses,
1198 510 1312 566 quod
1345 511 1408 551 fas
1439 527 1526 554 non

91 564 189 616 fuit,
211 567 294 608 nisi
313 567 512 608 violasses
532 567 738 624 templum
762 566 971 618 Castoris,
993 567 1032 598 68
1047 581 1204 608 nomen
1226 568 1357 624 epuli,
1376 568 1524 610 oculos

89 623 267 675 civium,
295 638 459 665 morem
490 634 691 675 veterem,
723 624 830 680 ejus,
860 625 933 679 qui
967 633 1009 664 te
1042 624 1260 675 invitarat,
1291 626 1527 667 auctorita-

90 688 194 732 tem,
225 682 267 716 69
282 696 431 738 parum
465 692 636 738 putares
669 682 947 723 testificatum
979 696 1084 733 esse,
1113 682 1448 738 supplicationes
1485 692 1526 723 te

91 736 183 778 illas
205 752 291 779 non
318 741 496 795 putare?

150 795 312 842 Quaero
346 796 449 837 illud
484 796 613 837 etiam
647 809 704 836 ex
741 802 797 847 te,
831 795 946 851 quod
982 796 1172 852 privatus
1205 796 1447 838 admisisti:
1481 797 1524 838 in
1544 796 1610 845 14,

92 867 178 907 quo
209 862 324 894 certe
347 853 440 908 jam
468 853 547 893 tibi
579 853 719 894 dicere
743 868 829 893 non
851 853 1012 904 licebit,
1035 868 1133 894 cum
1156 853 1402 894 clarissimis
1425 854 1525 895 viris
1537 868 1587 902 33

92 924 261 950 causam
284 919 399 951 tuam
420 924 510 951 esse
529 909 830 964 conjunctam:
854 910 1151 966 postulatusne
1170 911 1225 951 sis
1245 911 1338 967 lege
1360 911 1529 952 Licinia

93 976 138 1007 et
166 967 327 1009 Junia?
359 967 597 1009 edixeritne
630 967 682 1008 C.
707 966 942 1008 Memmius
977 977 1136 1024 praetor
1167 982 1222 1009 ex
1257 983 1307 1010 ea
1338 968 1448 1024 lege,
1481 979 1529 1010 ut

93 1023 259 1065 adesses
305 1024 373 1065 die
415 1024 663 1066 tricesimo?
701 1039 799 1066 cum
848 1025 883 1065 is
933 1025 1023 1066 dies
1063 1026 1264 1077 venisset,
1306 1025 1531 1078 fecerisne,

91 1081 208 1135 quod
232 1081 273 1122 in
300 1081 381 1123 hac
406 1081 626 1137 republica
651 1096 736 1123 non
761 1082 890 1123 modo
920 1085 960 1116 70
974 1081 1140 1124 factum
1165 1092 1263 1124 ante
1294 1098 1532 1139 numquam

93 1147 218 1190 esset,
245 1139 318 1180 sed
352 1139 396 1180 in
425 1139 542 1180 omni
571 1139 779 1180 memoria
804 1139 858 1179 sit
881 1139 1059 1180 omnino
1084 1140 1353 1183 inauditum?
1383 1141 1532 1197 appel·

91 1195 246 1238 larisne
283 1196 479 1237 tribunos
512 1196 664 1252 plebis,
698 1211 751 1237 ne
786 1210 956 1237 causam
997 1197 1189 1239 diceres?
1228 1198 1362 1240 levius
1405 1198 1531 1241 dixi:

92 1266 355 1310 quamquam
383 1254 570 1309 idipsum
594 1262 706 1295 esset
730 1263 773 1294 et
796 1268 972 1305 novum,
994 1263 1038 1295 et
1063 1269 1151 1296 non
1173 1254 1422 1297 ferendum:
1456 1255 1530 1297 sed

94 1310 376 1367 appellarisne
401 1311 658 1352 nominatim
693 1320 857 1368 pestem
890 1310 1001 1352 illius
1032 1312 1148 1363 anni,
1173 1312 1328 1353 furiam
1362 1313 1531 1369 patriae,

95 1375 396 1424 tempestatem
429 1368 694 1424 reipublicae,
729 1367 963 1411 Clodium?
999 1369 1074 1424 qui
1110 1378 1252 1410 tamen
1285 1385 1385 1411 cum
1414 1370 1531 1425 jure,

93 1439 193 1466 cum
225 1440 360 1476 more,
393 1440 491 1466 cnm
528 1434 739 1482 potestate
768 1425 984 1481 judicium
1020 1427 1219 1482 impediri
1253 1442 1339 1468 non
1370 1437 1529 1483 posset,

94 1482 222 1524 rediit
244 1483 296 1524 ad
316 1482 430 1524 illam
453 1483 539 1523 vim
561 1491 603 1523 et
625 1482 811 1524 furorem
835 1498 973 1534 suum,
994 1483 1233 1539 ducemque
1253 1500 1296 1525 se
1319 1484 1529 1525 militibus

94 1540 178 1581 tuis
208 1540 412 1596 praebuit.
474 1540 524 1581 In
547 1554 647 1596 quo,
669 1555 722 1581 ne
750 1540 854 1596 quid
885 1555 909 1581 a
939 1555 1008 1581 me
1038 1541 1202 1582 dictum
1235 1542 1277 1582 in
1310 1552 1352 1583 te
1384 1542 1528 1598 potius

93 1605 234 1653 putes,
256 1612 385 1653 quam
412 1597 487 1638 abs
513 1605 554 1638 te
577 1611 666 1638 esse
688 1598 944 1652 quaesitum3
976 1598 1138 1639 nullum
1169 1614 1276 1640 onus
1307 1600 1528 1655 imponam

85 1653 200 1696 'mihi
224 1655 487 1696 testimonii:
519 1669 616 1710 quae
639 1655 745 1697 mihi
774 1655 893 1696 brevi
916 1664 1110 1711 tempore
1138 1658 1175 1689 71
1192 1670 1246 1698 ex
1269 1657 1422 1698 eodem
1444 1656 1527 1698 isto
1542 1678 1574 1708 p.
1591 1670 1644 1702 36.

94 1711 190 1752 loco
218 1712 343 1754 video
375 1726 466 1753 esse
498 1712 694 1762 dicenda,
724 1713 917 1763 servabo,
948 1721 1074 1767 teque
1101 1728 1187 1754 non
1219 1728 1412 1770 arguam,
1440 1714 1573 1765 sed‚a·

97 1778 144 1810 ut
177 1769 221 1810 in
257 1770 410 1811 ceteris
447 1770 572 1810 rebus
608 1768 708 1819 feci,
741 1770 920 1826 rogabo.
983 1770 1146 1816 Quaero
1181 1785 1235 1812 ex
1275 1781 1331 1822 te,
1364 1771 1594 1822 Vatini,34

93 1840 198 1867 num
231 1827 326 1882 quis
360 1826 403 1868 in
435 1826 518 1868 hac
550 1826 727 1868 civitate
762 1836 861 1884 post
898 1827 1048 1868 urbem
1082 1828 1303 1869 conditam
1334 1829 1530 1870 tribunos

94 1882 232 1938 plebis
250 1883 488 1940 appellarit,
510 1899 563 1925 ne
593 1898 767 1925 causam
798 1884 987 1926 diceret?
1018 1899 1121 1925 num
1143 1886 1239 1940 quis
1271 1900 1366 1927 reus
1389 1887 1433 1927 in
1456 1886 1533 1927 tri-

96 1940 227 1982 bunal
264 1942 328 1983 sui
368 1941 610 1997 quaesitoris
650 1942 933 1994 adscenderit,
966 1956 1151 1997 eumque
1186 1943 1226 1984 vi
1263 1943 1531 1996 deturbarit;

135 2071 176 2102 65
197 2073 284 2103 inter
298 2081 410 2112 coquos
412 2071 550 2112 ficei-as]
570 2072 789 2103 Acerbissima

93 2114 303 2153 exprobratio
328 2114 467 2145 sordidae
491 2114 701 2152 conditionis,
725 2125 790 2154 qua

94 2155 151 2186 illa
166 2160 265 2188 aetate
287 2157 408 2195 fuerat,
423 2157 465 2187 ob
486 2156 710 2188 humilitatem
733 2166 789 2196 ge-

94 2198 200 2230 neris:
224 2199 264 2231 de
279 2208 344 2240 qua
356 2204 392 2230 et
405 2208 503 2240 supra
517 2199 644 2230 dictum
659 2209 679 2229 a
697 2198 788 2230 Cice-

95 2248 185 2271 rone.

136 2282 177 2314 66
196 2284 312 2323 paullo
333 2283 424 2323 ante]
449 2283 546 2314 Anno
567 2284 714 2323 proxime
736 2291 790 2312 su-

95 2324 216 2365 periori
241 2325 381 2358 Faustus
404 2325 473 2364 ille,
500 2326 539 2357 L.
564 2326 666 2356 Sullae
689 2324 789 2363 filius,

93 2366 229 2406 epulum
244 2368 378 2400 dederat
390 2368 512 2409 populo
526 2369 673 2400 funebre.
710 2368 790 2398 Mox

81 2407 217 2448 samem
230 2411 325 2441 illam
338 2415 479 2442 veterem
493 2420 604 2442 rursus
621 2411 662 2441 ad
675 2420 790 2450 expro-

96 2450 263 2484 bationem
289 2453 492 2494 paupertatis
510 2453 667 2494 juvenilis
690 2453 791 2493 perti-

95 2497 166 2524 net.

137 2535 177 2569 67
200 2536 369 2568 dominum
382 2547 458 2569 cum
473 2542 496 2568 t.
508 2536 788 2577 p.—-convz·vium]

96 2575 180 2608 Haec
202 2589 263 2618 ego
289 2589 357 2610 non
380 2579 544 2619 intelligo.
590 2578 792 2620 Interpretes

96 2624 155 2650 aut
169 2629 237 2651 non
259 2621 478 2662 explicarunt,
495 2626 553 2653 aut
574 2631 642 2652 non
665 2622 794 2652 satisfa-

98 2661 204 2699 ciunt,
219 2667 259 2694 ut
271 2664 306 2694 P.
321 2664 504 2696 Manutius.
527 2663 635 2694 Locus
651 2664 732 2695 mihi
747 2665 794 2695 vi-

99 2702 195 2734 detur
221 2715 289 2736 esse
317 2707 465 2737 vitiosus.
493 2716 569 2737 cum
595 2710 672 2745 toga
697 2708 794 2746 pulla

98 2745 228 2784 quidem
266 2749 438 2779 manifeste
472 2753 523 2779 est
558 2747 666 2789 glossa
701 2750 790 2780 verbi

97 2791 240 2819 atratus.

140 2830 180 2860 68
203 2840 318 2861 nomen
330 2832 430 2872 epuli]
452 2832 474 2862 i.
490 2831 687 2871 dignitatem
704 2832 792 2872 epuli

97 2870 186 2910 talis,
203 2877 240 2903 ut
255 2882 371 2905 nomen
388 2875 540 2915 parentis
559 2874 636 2904 alibi
659 2874 793 2912 dicitur,

831 2082 947 2103 nomen
964 2074 1088 2111 legum,
1104 2079 1138 2102 et
1154 2073 1284 2104 similia.

873 2115 914 2149 69
938 2125 1064 2154 parum
1095 2121 1169 2155 put.
1204 2117 1416 2157 testificatum
1449 2116 1529 2156 esse]

831 2156 996 2187 Excidisse
1014 2164 1094 2197 puto
1110 2162 1140 2188 te
1154 2162 1231 2188 antc
1247 2157 1346 2200 testis.
1361 2169 1445 2189 esse:
1469 2159 1532 2189 nisi

830 2208 930 2239 supra
951 2199 1126 2239 legendum
1149 2201 1192 2230 sit
1213 2205 1251 2231 ut
1273 2206 1326 2232 te.-
1349 2201 1406 2232 sed
1428 2205 1467 2232 ut
1494 2205 1532 2232 tu

830 2242 933 2272 etiam
954 2251 1054 2282 supra
1072 2247 1122 2272 est
1142 2243 1177 2272 in
1199 2242 1261 2273 hac
1283 2243 1400 2274 forma.
1445 2243 1530 2275 Edd.

830 2293 880 2324 pr.
898 2284 1021 2314 habent
1037 2284 1082 2314 ibi
1098 2285 1211 2316 vitiose
1227 2289 1311 2317 tum.

875 2330 917 2360 70
927 2325 1067 2365 factum
1083 2333 1160 2358 ante
1173 2337 1344 2368 nunquam
1359 2327 1420 2368 est]
1445 2327 1533 2358 Seri·

833 2367 977 2399 bendum
993 2374 1092 2400 esset:
1117 2380 1135 2399 e
1155 2370 1245 2409 cujus
1267 2370 1475 2411 compendiO,
1493 2374 1532 2401 ut

834 2420 918 2451 saepe
941 2411 1031 2448 alibi,
1049 2412 1175 2443 factum
1198 2416 1256 2443 est.
1302 2412 1385 2443 Edd.
1401 2422 1448 2453 pr.
1473 2412 1532 2442 ha-

834 2454 914 2483 bent
926 2452 1051 2493 fiaeerat
1065 2466 1075 2484 .·
1097 2464 1162 2493 qua
1185 2459 1317 2495 tempus
1343 2455 1448 2486 bene:
1476 2454 1532 2485 sed

834 2497 1037 2526 constructio
1049 2497 1296 2537 conjunctivum
1311 2497 1475 2537 postulat:
1494 2502 1533 2527 ut

833 2539 868 2568 in
883 2543 1039 2578 sequente
1052 2539 1200 2569 membro
1209 2544 1259 2569 est
1273 2540 1316 2570 sit
1328 2540 1532 2570 inauditum.

836 2581 905 2611 Cur
931 2581 1001 2611 sit?
1029 2590 1146 2621 nempe
1173 2583 1333 2612 memoria
1359 2583 1461 2612 etiam
1490 2580 1533 2612 ad

836 2631 979 2663 praesens
994 2626 1126 2663 tempus
1142 2625 1296 2663 pertinet.

878 2668 916 2699 71
941 2675 981 2695 ez·
993 2666 1100 2695 eodem
1112 2666 1172 2696 isto
1187 2665 1266 2705 loco]
1280 2664 1432 2695 Testium
1445 2664 1533 2695 scili-

837 2710 902 2745 cet,
929 2707 965 2738 in
986 2717 1050 2746 quo
1077 2714 1152 2738 tum
1178 2712 1252 2739 erat
1276 2706 1442 2737 Vatinius.
1470 2706 1533 2737 hoe

833 2753 984 2789 tempore
1005 2750 1100 2780 testis
1121 2759 1189 2780 esse
1211 2758 1281 2780 non
1295 2747 1379 2785 vult,
1396 2749 1452 2780 sed
1467 2749 1533 2779 alio

834 2795 998 2831 tempore,
1013 2790 1047 2821 iu
1069 2791 1197 2831 aliaque
1218 2799 1329 2829 causa,
1343 2790 1399 2823 sed
1412 2800 1485 2832 quoe
1499 2791 1535 2822 in

834 2832 1006 2864 Vatinium
1023 2838 1154 2873 agatur.
