1812 3147
568 132 696 181 *r-no
722 142 767 180 L.
797 142 1040 182 FLACCO.
1075 154 1090 159 ι
1459 147 1540 189 769

88 246 408 291 concitassent:
440 245 632 302 aequiore
647 246 793 288 animo
817 246 926 288 ferre
949 256 1186 303 possemus.
1205 246 1306 288 illud
1331 261 1430 289 vero
1452 249 1537 291 fer-

94 305 131 348 ri
152 319 238 347 non
254 312 411 361 potest,
425 303 540 359 quod
557 317 631 359 per
644 314 861 346 senatores
874 315 918 345 et
930 319 1006 360 per
1019 304 1184 359 equites
1200 303 1437 356 Romanos,
1459 308 1532 361 qui

93 359 192 404 haec
214 361 361 404 omnia
379 375 456 417 pro
471 360 605 402 salute
618 361 828 413 omnium,
850 362 1069 403 communi
1084 361 1280 412 consilio,
1294 376 1379 402 una
1392 375 1536 404 mente

89 428 220 476 atque
242 418 404 460 virtute
427 427 666 474 gesserunt,
679 417 829 459 haruin
857 433 995 460 rerum
1018 428 1231 470 auctores,
1250 419 1396 469 duces,
1416 420 1534 474 prin-

92 477 133 519 ci
166 490 210 519 es
233 475 407 532 spoliari
430 476 632 516 omnibus
655 475 854 527 fortunis,
877 487 1006 532 atque
1029 475 1205 517 civitate
1227 475 1384 532 expelli
1408 491 1533 531 posse

91 491 370 576 arbitrantur.
410 531 579 574 Etenim
601 536 639 563 0⁵
651 532 800 589 populi
818 532 1002 574 Romani
1020 533 1283 589 perspiciunt
1299 534 1393 588 jam
1414 548 1532 574 men-

89 599 178 632 tem
201 599 246 632 et
265 590 556 632 voluntatem:
589 591 791 631 omnibus
815 591 954 641 rebus,
977 590 1134 646 quibus
1167 600 1322 645 potest,
1348 590 1530 646 populus

91 647 314 690 Romanus
348 648 582 704 significat,
603 647 707 703 quid
740 648 920 689 sentiat:
955 647 1070 689 nulla
1102 648 1282 688 varietas
1315 659 1381 688 est
1419 648 1530 688 inter

83 705 286 747 homines
308 705 541 762 opinionis,
564 705 679 746 nulla
695 705 944 756 voluntatis,
967 705 1081 745 nulla
1102 705 1324 745 sermonis.
1369 705 1590 756 Qua1·e,97

86 762 122 805 si
141 763 237 818 quis
261 762 360 804 illuc
378 777 446 803 me
468 772 606 813 vocat,
631 762 782 804 venio:
816 763 1022 818 populum
1048 762 1292 803 Romanum
1317 762 1530 818 discepta-

83 829 225 861 torem
247 835 333 861 non
357 819 485 861 modo
507 834 595 860 non
627 834 792 870 recuso,
823 822 895 861 sed
925 820 1055 860 etiam
1086 820 1289 875 deposco.
1350 820 1426 860 Vis
1455 821 1531 861 ab·

81 877 167 919 sit:
199 876 358 918 ferrum
387 891 437 918 ac
460 877 623 934 lapides
646 888 972 929 removeantur3
1005 891 1146 933 oper-ee
1171 875 1408 919 facessant:
1443 891 1529 918 ser-

86 934 196 975 vitia
227 933 394 975 sileant.
428 949 555 976 nemo
591 934 674 976 erit
694 944 779 976 tam
817 935 1016 991 injustus,
1046 935 1119 989 qui
1149 948 1217 975 me
1247 935 1444 985 audierit,
1472 935 1528 975 sit

60 989 61 993 ¹
87 991 219 1033 modo
237 991 346 1033 liber
367 1001 410 1033 et
431 993 551 1043 civis,
575 992 680 1047 quin
713 992 856 1048 potius
879 993 931 1033 de
955 992 1142 1048 praemiis
1175 992 1295 1042 meis,
1324 1007 1454 1047 quam
1473 993 1526 1033 de

89 1063 224 1105 poena
244 1050 525 1105 cogitandum
550 1058 687 1106 putet.
749 1049 788 1090 Ο
811 1050 870 1090 dii
894 1049 1180 1091 immortales!
1213 1049 1316 1104 quid
1341 1052 1422 1090 hoc
1444 1042 1609 1100 nii-39

86 1106 251 1148 serius?
282 1121 374 1158 noS,
399 1108 473 1162 qui
509 1106 559 1148 P.
579 1106 763 1148 Lentulo
786 1106 961 1158 ferrum,
983 1117 1027 1147 et
1049 1107 1283 1157 flammam,
1306 1107 1358 1148 de
1388 1108 1525 1148 mani-

84 1163 166 1205 bus
188 1164 464 1216 extorsimus,
487 1164 700 1220 imperitae
733 1164 1022 1205 multitudinis
1039 1163 1208 1218 judicio
1241 1164 1526 1207 confidimus:

82 1219 415 1262 lectissimorum
447 1221 609 1263 civium
642 1231 685 1263 ct
724 1221 1087 1278 amplissimorum
1130 1222 1363 1262 sententias
1397 1223 1528 1278 perti-

80 1278 330 1320 mescimus.
391 1280 432 1311 56
447 1278 527 1320 Μ’.
551 1278 789 1334 Aquillium
828 1289 968 1335 patres
1002 1279 1135 1320 nostri
1159 1278 1304 1320 multis
1333 1279 1589 1322 avaritiaess

86 1335 339 1378 criminibus
378 1336 721 1392 testimoniisque
754 1337 1019 1387 convictum,
1050 1336 1150 1391 quia
1192 1351 1289 1377 cum
1330 1336 1529 1393 fugitivis

84 1391 257 1435 fortiter
288 1393 444 1435 bellum
475 1405 679 1450 gesserat,
699 1394 869 1450 judicio
897 1394 1200 1435 liberaverunt.
1262 1393 1425 1435 Consul
1446 1409 1530 1450 ego

85 1464 223 1506 nuper
243 1450 416 1493 defendi
441 1450 492 1492 C.
510 1451 738 1493 Pisonem:
770 1451 843 1506 qui
865 1452 966 1506 quia
987 1451 1137 1492 consul
1160 1451 1284 1492 fortis
1307 1461 1530 1493 constans-

78 1521 169 1562 -que
190 1507 343 1560 fuerat,
367 1508 596 1550 incolumis
625 1518 690 1550 est
711 1509 961 1565 reipublicae
984 1518 1278 1550 conservatus.
1340 1508 1530 1550 Defendi

83 1564 190 1606 item
212 1565 362 1607 consul
387 1565 436 1607 L.
461 1566 708 1616 Murenam,
729 1565 951 1607 consulem
973 1566 1262 1622 designatum.
1286 1580 1412 1607 nemo
1435 1566 1529 1607 illo-

82 1622 410 1678 rumjudicunl,
432 1623 678 1666 clarissimis
701 1623 802 1665 viris
821 1624 1138 1674 accusantibus,
1161 1623 1419 1665 audiendum
1445 1624 1528 1666 sibi

84 1679 138 1721 de
178 1681 345 1722 ambitu
391 1682 577 1737 putavit,
620 1696 736 1734 cum,
770 1681 928 1722 bellum
963 1681 1057 1736 jam
1102 1691 1278 1736 gerente
1321 1681 1526 1732 Catilina,

77 1751 246 1789 omnes,
278 1752 349 1778 me
382 1749 573 1790 auctore,
611 1739 719 1780 duos
752 1738 948 1780 consules
985 1738 1190 1779 Kalendis
1229 1737 1329 1780 Jan.
1366 1739 1658 1791 scirentp.1652.

75 1809 174 1836 esse
207 1806 420 1852 oportere.
482 1795 696 1838 Innocens
730 1805 774 1838 et
807 1796 946 1837 bonus
981 1796 1060 1847 vir,
1084 1806 1128 1836 et
1162 1796 1364 1838 omnibus
1398 1797 1524 1837 rebus
1537 1803 1566 1824 a.

85 1862 276 1904 ornatus,
309 1854 374 1894 bis
413 1853 496 1895 hoc
537 1869 666 1905 anno,
699 1868 768 1894 me
801 1853 1073 1905 defendente,
1107 1853 1330 1894 absolutus
1363 1865 1428 1895 est
1469 1854 1524 1896 A.

83 1907 310 1952 Thermus.
379 1911 571 1963 Quanta,
602 1911 853 1968 reipublicae
888 1925 1030 1962 causa,
1064 1911 1218 1952 laetitia
1250 1911 1399 1967 populi
1436 1911 1526 1953 Ro-

83 1967 216 2019 mani,
249 1978 410 2024 quanta
445 1969 678 2025 gratulatio
707 1978 941 2010 consecuta
975 1970 1064 2010 est?
1097 1969 1276 2024 Semper
1308 1983 1460 2025 graves
1482 1978 1527 2011 et

82 2025 297 2081 sapientes
314 2025 485 2081 judices
509 2027 551 2068 in
575 2026 982 2082 rebusjudicandiS,
1005 2026 1108 2081 quid
1132 2026 1294 2066 utilitas
1317 2026 1526 2078 civitatis,

75 2082 187 2137 quid
220 2084 464 2124 communis
497 2085 622 2135 salus,
645 2084 749 2139 quid
778 2083 1031 2139 reipublicae
1064 2096 1260 2139 tempora
1283 2093 1526 2139 poscerent,

82 2139 397 2196 cogitaverunt.
460 2141 571 2182 Cum
598 2141 755 2182 tabella
777 2141 900 2182 vobis
931 2141 1119 2191 dabitur,
1144 2141 1331 2196 judices,
1354 2156 1440 2182 non
1472 2141 1525 2182 de
1537 2145 1587 2180 99

81 2195 236 2239 Flacco
268 2198 443 2239 dabitur
471 2199 633 2241 solum:
677 2199 851 2240 dabitur
887 2199 940 2240 de
973 2198 1156 2239 ducibus
1189 2199 1526 2254 auctoribusque

83 2256 386 2297 conservandae
425 2256 644 2298 civitatis:
689 2256 862 2297 dabitur
895 2258 933 2289 57
948 2255 1001 2296 de
1033 2256 1235 2297 omnibus
1271 2257 1395 2296 bonis
1416 2257 1526 2297 civi-

83 2311 187 2354 bus:
218 2312 392 2354 dabitur
412 2314 464 2355 de
488 2315 703 2356 vobismet
725 2313 856 2370 ipsis:
889 2313 1063 2354 dabitur
1095 2314 1147 2354 de
1179 2313 1324 2354 liberis
1359 2314 1526 2364 vestris,

85 2368 139 2410 de
165 2369 270 2422 vita,
291 2370 344 2412 de
364 2371 519 2428 patria,
541 2372 594 2414 de
617 2371 752 2412 salute
774 2371 1010 2412 communi.
1034 2386 1120 2412 non
1136 2370 1347 2426 judicatis
1370 2371 1413 2411 in
1446 2371 1526 2411 hac

81 2441 211 2468 causa
231 2428 284 2468 de
304 2428 463 2470 exteris
477 2429 742 2480 nationibus,
756 2443 840 2469 non
857 2428 908 2468 de
929 2428 1079 2470 sociis:
1111 2428 1164 2469 de
1182 2428 1304 2469 vobis
1319 2443 1368 2468 ac
1388 2439 1527 2469 vestra
1542 2423 1612 2471 40

83 2484 535 2541 republicajudicatis.
597 2486 767 2534 Quodsi
803 2486 1124 2543 provinciarum
1148 2501 1224 2527 vos
1257 2486 1366 2527 ratio
1388 2487 1528 2542 magis
1546 2496 1619 2528 100

125 2643 164 2672 55
188 2641 270 2682 Pop.
287 2641 382 2673 Rom.
402 2653 512 2684 persp.
527 2643 608 2683 jam
624 2641 780 2682 mentem]
871 2643 911 2674 56
945 2642 1011 2673 M’.
1043 2643 1240 2683 Aquinium]
1280 2643 1346 2679 Sic,
1376 2652 1441 2673 non
1479 2643 1531 2673 M.

83 2682 166 2713 -lam
180 2685 326 2725 rescripsi
342 2695 400 2725 pro
414 2696 487 2716 eam
503 2696 577 2716 curn
588 2686 735 2717 victorio
750 2692 784 2715 et
829 2685 1029 2724 Aquillinm,
1044 2691 1083 2715 ut
1104 2692 1155 2716 est
1176 2687 1210 2715 in
1235 2685 1342 2725 vulgg.
1358 2685 1532 2725 plerisque,

85 2725 224 2756 Graevio.
241 2735 316 2757 nam
332 2737 406 2758 eam
428 2727 510 2758 nihil
528 2729 640 2766 habet,
656 2728 742 2768 quod
756 2728 787 2758 ei
830 2729 932 2758 etiam
947 2728 1045 2759 Grut-

88 2767 289 2807 respondeat.
311 2769 338 2799 V
343 2770 622 2809 ident,quomodo
630 2773 702 2810 jam
713 2781 787 2810 pop.
875 2772 913 2804 57¹
939 2770 977 2799 de
1004 2770 1152 2801 omnihus
1175 2771 1263 2799 bom's
1285 2769 1420 2808 civibus]
1441 2768 1536 2798 Fast-

87 2808 183 2840 Rom.
197 2809 235 2840 de
249 2821 362 2841 caussa
373 2813 526 2842 Catilinae
540 2813 678 2843 sentiat:
703 2811 791 2852 apud
834 2821 896 2842 nus
918 2811 1019 2843 deleri
1047 2812 1178 2842 volebat
1200 2812 1331 2842 civibus.
1356 2818 1454 2842 recte.
1479 2820 1537 2840 uec

88 2860 164 2881 eum
188 2851 235 2881 nil
251 2861 284 2882 se
306 2854 432 2884 efficere
453 2864 564 2894 posse:
590 2854 678 2895 quod
694 2855 792 2895 plane
834 2854 921 2884 enim
936 2857 1066 2896 uspiam
1081 2854 1172 2885 addit
1186 2854 1311 2885 cicero.

80 2894 253 2925 consentit
266 2896 487 2935 sequentibus.

747 2944 882 2981 3133
