<?xml version="1.0" encoding="UTF-8"?>
<!DOCTYPE html PUBLIC "-//W3C//DTD XHTML 1.0 Transitional//EN"
    "http://www.w3.org/TR/xhtml1/DTD/xhtml1-transitional.dtd">
<html xmlns="http://www.w3.org/1999/xhtml" xml:lang="en" lang="en">
 <head>
  <title>
</title>
<meta http-equiv="Content-Type" content="text/html;charset=utf-8" />
  <meta name='ocr-system' content='tesseract 3.04.00' />
  <meta name='ocr-capabilities' content='ocr_page ocr_carea ocr_par ocr_line ocrx_word'/>
</head>
<body>
  <div class='ocr_page' id='page_1' title='image "./p2operaomnia02ciceuoft_0479.png"; bbox 0 0 1785 3185; ppageno 0'>
   <div class='ocr_carea' id='block_1_1' title="bbox 13 2972 23 3185">
    <p class='ocr_par' dir='ltr' id='par_1_1' title="bbox 13 2972 23 3185">
     <span class='ocr_line' id='line_1_1' title="bbox 13 2972 23 3185; textangle 90"><span class='ocrx_word' id='word_1_1' title='bbox 13 2972 23 3185; x_wconf 72' lang='lat'><strong>——-—··--</strong></span> 
     </span>
    </p>
   </div>
   <div class='ocr_carea' id='block_1_2' title="bbox 49 88 1523 874">
    <p class='ocr_par' dir='ltr' id='par_1_2' title="bbox 49 88 1523 874">
     <span class='ocr_line' id='line_1_2' title="bbox 373 88 1483 130; baseline 0 -1"><span class='ocrx_word' id='word_1_2' title='bbox 373 90 490 129; x_wconf 84' lang='lat' dir='ltr'>PRO</span> <span class='ocrx_word' id='word_1_3' title='bbox 517 92 560 128; x_wconf 93' lang='lat' dir='ltr'>C.</span> <span class='ocrx_word' id='word_1_4' title='bbox 587 89 847 128; x_wconf 90' lang='lat' dir='ltr'>RABIRIO</span> <span class='ocrx_word' id='word_1_5' title='bbox 874 88 1166 128; x_wconf 51' lang='lat' dir='ltr'>POSTUMo,</span> <span class='ocrx_word' id='word_1_6' title='bbox 1382 91 1483 130; x_wconf 71' lang='grc'>1195,</span> 
     </span>
     <span class='ocr_line' id='line_1_3' title="bbox 51 190 1485 251; baseline -0.004 -14"><span class='ocrx_word' id='word_1_7' title='bbox 51 204 178 238; x_wconf 81' lang='lat' dir='ltr'>antea</span> <span class='ocrx_word' id='word_1_8' title='bbox 213 194 439 251; x_wconf 86' lang='lat' dir='ltr'>pecuniam</span> <span class='ocrx_word' id='word_1_9' title='bbox 475 192 683 234; x_wconf 87' lang='lat' dir='ltr'>credidit:</span> <span class='ocrx_word' id='word_1_10' title='bbox 721 206 800 232; x_wconf 90' lang='lat' dir='ltr'>nec</span> <span class='ocrx_word' id='word_1_11' title='bbox 834 192 997 232; x_wconf 88' lang='lat' dir='ltr'>interea</span> <span class='ocrx_word' id='word_1_12' title='bbox 1026 190 1290 247; x_wconf 79' lang='lat' dir='ltr'>locupletare</span> <span class='ocrx_word' id='word_1_13' title='bbox 1322 191 1485 232; x_wconf 86' lang='lat' dir='ltr'>amicos</span> 
     </span>
     <span class='ocr_line' id='line_1_4' title="bbox 50 247 1486 307; baseline -0.003 -13"><span class='ocrx_word' id='word_1_14' title='bbox 50 266 253 307; x_wconf 89' lang='lat' dir='ltr'>umquam</span> <span class='ocrx_word' id='word_1_15' title='bbox 276 265 374 292; x_wconf 87' lang='lat' dir='ltr'>suos</span> <span class='ocrx_word' id='word_1_16' title='bbox 395 249 576 300; x_wconf 86' lang='lat' dir='ltr'><strong>destitit,</strong></span> <span class='ocrx_word' id='word_1_17' title='bbox 597 249 768 290; x_wconf 89' lang='lat' dir='ltr'>mittere</span> <span class='ocrx_word' id='word_1_18' title='bbox 800 249 842 288; x_wconf 91' lang='lat' dir='ltr'>in</span> <span class='ocrx_word' id='word_1_19' title='bbox 873 247 1112 304; x_wconf 83' lang='lat' dir='ltr'>negotium,</span> <span class='ocrx_word' id='word_1_20' title='bbox 1133 249 1232 288; x_wconf 79' lang='lat' dir='ltr'>dare</span> <span class='ocrx_word' id='word_1_21' title='bbox 1262 257 1418 304; x_wconf 83' lang='lat' dir='ltr'>partes,</span> <span class='ocrx_word' id='word_1_22' title='bbox 1441 262 1486 289; x_wconf 86' lang='lat' dir='ltr'>re</span> 
     </span>
     <span class='ocr_line' id='line_1_5' title="bbox 50 304 1486 364; baseline -0.003 -14"><span class='ocrx_word' id='word_1_23' title='bbox 50 322 220 364; x_wconf 88' lang='lat' dir='ltr'>augere,</span> <span class='ocrx_word' id='word_1_24' title='bbox 242 306 326 348; x_wconf 90' lang='lat' dir='ltr'>fide</span> <span class='ocrx_word' id='word_1_25' title='bbox 351 316 602 348; x_wconf 88' lang='lat' dir='ltr'>sustentare.</span> <span class='ocrx_word' id='word_1_26' title='bbox 625 305 728 361; x_wconf 90' lang='lat' dir='ltr'>quid</span> <span class='ocrx_word' id='word_1_27' title='bbox 750 304 912 346; x_wconf 85' lang='lat' dir='ltr'>multa?</span> <span class='ocrx_word' id='word_1_28' title='bbox 943 319 1040 345; x_wconf 88' lang='lat' dir='ltr'>cum</span> <span class='ocrx_word' id='word_1_29' title='bbox 1066 305 1362 359; x_wconf 82' lang='lat' dir='ltr'>magnitudine</span> <span class='ocrx_word' id='word_1_30' title='bbox 1393 306 1486 346; x_wconf 85' lang='lat' dir='ltr'>ani-</span> 
     </span>
     <span class='ocr_line' id='line_1_6' title="bbox 50 361 1485 418; baseline -0.003 -12"><span class='ocrx_word' id='word_1_31' title='bbox 50 365 126 416; x_wconf 89' lang='lat' dir='ltr'>mi,</span> <span class='ocrx_word' id='word_1_32' title='bbox 148 375 242 406; x_wconf 89' lang='lat' dir='ltr'>tum</span> <span class='ocrx_word' id='word_1_33' title='bbox 259 363 527 415; x_wconf 82' lang='lat' dir='ltr'>liberalitate,</span> <span class='ocrx_word' id='word_1_34' title='bbox 551 364 682 405; x_wconf 86' lang='lat' dir='ltr'>vitam</span> <span class='ocrx_word' id='word_1_35' title='bbox 714 361 846 418; x_wconf 88' lang='lat' dir='ltr'>patris</span> <span class='ocrx_word' id='word_1_36' title='bbox 868 371 911 402; x_wconf 89' lang='lat' dir='ltr'>et</span> <span class='ocrx_word' id='word_1_37' title='bbox 932 361 1288 402; x_wconf 83' lang='lat' dir='ltr'>consuetudinem</span> <span class='ocrx_word' id='word_1_38' title='bbox 1310 376 1485 416; x_wconf 78' lang='lat' dir='ltr'>expres-</span> 
     </span>
     <span class='ocr_line' id='line_1_7' title="bbox 50 417 1486 476; baseline -0.003 -13"><span class='ocrx_word' id='word_1_39' title='bbox 50 430 176 463; x_wconf 86' lang='lat' dir='ltr'>serat.</span> <span class='ocrx_word' id='word_1_40' title='bbox 226 420 379 462; x_wconf 90' lang='lat' dir='ltr'>Pulsus</span> <span class='ocrx_word' id='word_1_41' title='bbox 403 421 563 462; x_wconf 86' lang='lat' dir='ltr'>interea</span> <span class='ocrx_word' id='word_1_42' title='bbox 585 434 717 476; x_wconf 87' lang='lat' dir='ltr'>regno</span> <span class='ocrx_word' id='word_1_43' title='bbox 742 419 1003 460; x_wconf 84' lang='lat' dir='ltr'>Ptolemaeus</span> <span class='ocrx_word' id='word_1_44' title='bbox 1024 417 1183 459; x_wconf 83' lang='lat' dir='ltr'>dolosis</span> <span class='ocrx_word' id='word_1_45' title='bbox 1205 417 1395 458; x_wconf 80' lang='lat' dir='ltr'>consiliis</span> <span class='ocrx_word' id='word_1_46' title='bbox 1418 425 1486 470; x_wconf 89' lang='lat' dir='ltr'>(ut</span> 
     </span>
     <span class='ocr_line' id='line_1_8' title="bbox 49 474 1485 534; baseline -0.003 -14"><span class='ocrx_word' id='word_1_47' title='bbox 49 479 164 520; x_wconf 82' lang='lat' dir='ltr'>dixit</span> <span class='ocrx_word' id='word_1_48' title='bbox 189 478 367 534; x_wconf 86' lang='lat' dir='ltr'>Sibylla,</span> <span class='ocrx_word' id='word_1_49' title='bbox 389 479 520 519; x_wconf 89' lang='lat' dir='ltr'>sensit</span> <span class='ocrx_word' id='word_1_50' title='bbox 553 477 819 527; x_wconf 84' lang='lat' dir='ltr'>Postu1nus‚)</span> <span class='ocrx_word' id='word_1_51' title='bbox 846 476 1029 517; x_wconf 85' lang='lat' dir='ltr'>Romam</span> <span class='ocrx_word' id='word_1_52' title='bbox 1053 475 1184 516; x_wconf 88' lang='lat' dir='ltr'>venit.</span> <span class='ocrx_word' id='word_1_53' title='bbox 1216 474 1317 515; x_wconf 86' lang='lat' dir='ltr'>huic</span> <span class='ocrx_word' id='word_1_54' title='bbox 1339 475 1485 530; x_wconf 82' lang='lat' dir='ltr'>egenti</span> 
     </span>
     <span class='ocr_line' id='line_1_9' title="bbox 50 531 1484 592; baseline -0.003 -15"><span class='ocrx_word' id='word_1_55' title='bbox 50 545 95 577; x_wconf 90' lang='lat' dir='ltr'>et</span> <span class='ocrx_word' id='word_1_56' title='bbox 116 536 287 592; x_wconf 86' lang='lat' dir='ltr'>roganti</span> <span class='ocrx_word' id='word_1_57' title='bbox 308 535 380 577; x_wconf 91' lang='lat' dir='ltr'>hic</span> <span class='ocrx_word' id='word_1_58' title='bbox 403 535 554 577; x_wconf 86' lang='lat' dir='ltr'>infelix</span> <span class='ocrx_word' id='word_1_59' title='bbox 579 534 804 591; x_wconf 86' lang='lat' dir='ltr'>pecuniam</span> <span class='ocrx_word' id='word_1_60' title='bbox 826 533 1032 575; x_wconf 87' lang='lat' dir='ltr'>credidit:</span> <span class='ocrx_word' id='word_1_61' title='bbox 1066 546 1145 573; x_wconf 91' lang='lat' dir='ltr'>nec</span> <span class='ocrx_word' id='word_1_62' title='bbox 1169 541 1259 572; x_wconf 87' lang='lat' dir='ltr'>tum</span> <span class='ocrx_word' id='word_1_63' title='bbox 1282 531 1484 588; x_wconf 88' lang='lat' dir='ltr'>primum.</span> 
     </span>
     <span class='ocr_line' id='line_1_10' title="bbox 49 589 1486 648; baseline -0.005 -13"><span class='ocrx_word' id='word_1_64' title='bbox 49 596 70 627; x_wconf 88' lang='grc'><strong>9</strong></span> <span class='ocrx_word' id='word_1_65' title='bbox 93 607 193 634; x_wconf 88' lang='lat' dir='ltr'>nam</span> <span class='ocrx_word' id='word_1_66' title='bbox 225 593 424 648; x_wconf 81' lang='lat' dir='ltr'>regnanti</span> <span class='ocrx_word' id='word_1_67' title='bbox 455 592 693 634; x_wconf 83' lang='lat' dir='ltr'>crediderat</span> <span class='ocrx_word' id='word_1_68' title='bbox 723 592 900 632; x_wconf 83' lang='lat' dir='ltr'>absens:</span> <span class='ocrx_word' id='word_1_69' title='bbox 932 604 1012 631; x_wconf 87' lang='lat' dir='ltr'>nec</span> <span class='ocrx_word' id='word_1_70' title='bbox 1047 599 1203 630; x_wconf 88' lang='lat' dir='ltr'>temere</span> <span class='ocrx_word' id='word_1_71' title='bbox 1239 603 1282 629; x_wconf 89' lang='lat' dir='ltr'>se</span> <span class='ocrx_word' id='word_1_72' title='bbox 1314 589 1486 629; x_wconf 80' lang='lat' dir='ltr'>credere</span> 
     </span>
     <span class='ocr_line' id='line_1_11' title="bbox 50 647 1486 706; baseline -0.004 -14"><span class='ocrx_word' id='word_1_73' title='bbox 50 651 247 706; x_wconf 87' lang='lat' dir='ltr'>putabat,</span> <span class='ocrx_word' id='word_1_74' title='bbox 267 650 382 705; x_wconf 89' lang='lat' dir='ltr'>quod</span> <span class='ocrx_word' id='word_1_75' title='bbox 406 661 497 691; x_wconf 88' lang='lat' dir='ltr'>erat</span> <span class='ocrx_word' id='word_1_76' title='bbox 519 649 679 691; x_wconf 89' lang='lat' dir='ltr'>nemini</span> <span class='ocrx_word' id='word_1_77' title='bbox 701 649 896 698; x_wconf 85' lang='lat' dir='ltr'>dubium,</span> <span class='ocrx_word' id='word_1_78' title='bbox 914 648 1019 703; x_wconf 91' lang='lat' dir='ltr'>quin</span> <span class='ocrx_word' id='word_1_79' title='bbox 1041 647 1075 687; x_wconf 92' lang='lat' dir='ltr'>is</span> <span class='ocrx_word' id='word_1_80' title='bbox 1098 647 1140 687; x_wconf 88' lang='lat' dir='ltr'>in</span> <span class='ocrx_word' id='word_1_81' title='bbox 1166 660 1343 701; x_wconf 85' lang='lat' dir='ltr'>regnum</span> <span class='ocrx_word' id='word_1_82' title='bbox 1363 647 1486 686; x_wconf 90' lang='lat' dir='ltr'>resti-</span> 
     </span>
     <span class='ocr_line' id='line_1_12' title="bbox 52 703 1523 764; baseline -0.004 -16"><span class='ocrx_word' id='word_1_83' title='bbox 52 717 242 748; x_wconf 81' lang='lat' dir='ltr'>tueretur</span> <span class='ocrx_word' id='word_1_84' title='bbox 264 723 288 748; x_wconf 87' lang='lat' dir='ltr'>a</span> <span class='ocrx_word' id='word_1_85' title='bbox 309 718 456 749; x_wconf 82' lang='lat' dir='ltr'>senatu</span> <span class='ocrx_word' id='word_1_86' title='bbox 486 706 734 764; x_wconf 88' lang='lat' dir='ltr'>populoque</span> <span class='ocrx_word' id='word_1_87' title='bbox 766 705 980 747; x_wconf 85' lang='lat' dir='ltr'>Romano.</span> <span class='ocrx_word' id='word_1_88' title='bbox 1040 703 1092 745; x_wconf 92' lang='lat' dir='ltr'>In</span> <span class='ocrx_word' id='word_1_89' title='bbox 1113 704 1253 744; x_wconf 83' lang='lat' dir='ltr'>dando</span> <span class='ocrx_word' id='word_1_90' title='bbox 1276 713 1419 744; x_wconf 80' lang='lat' dir='ltr'>autem</span> <span class='ocrx_word' id='word_1_91' title='bbox 1442 713 1484 743; x_wconf 85' lang='lat' dir='ltr'>et</span> <span class='ocrx_word' id='word_1_92' title='bbox 1499 715 1523 747; x_wconf 73' lang='lat'>5</span> 
     </span>
     <span class='ocr_line' id='line_1_13' title="bbox 51 761 1486 821; baseline -0.003 -16"><span class='ocrx_word' id='word_1_93' title='bbox 51 765 265 806; x_wconf 91' lang='lat' dir='ltr'>credendo</span> <span class='ocrx_word' id='word_1_94' title='bbox 288 765 496 821; x_wconf 83' lang='lat' dir='ltr'>processit</span> <span class='ocrx_word' id='word_1_95' title='bbox 516 764 712 819; x_wconf 88' lang='lat' dir='ltr'>longius:</span> <span class='ocrx_word' id='word_1_96' title='bbox 745 777 822 804; x_wconf 90' lang='lat' dir='ltr'>nec</span> <span class='ocrx_word' id='word_1_97' title='bbox 845 777 964 803; x_wconf 86' lang='lat' dir='ltr'>suam</span> <span class='ocrx_word' id='word_1_98' title='bbox 988 761 1124 802; x_wconf 90' lang='lat' dir='ltr'>solum</span> <span class='ocrx_word' id='word_1_99' title='bbox 1147 761 1372 816; x_wconf 86' lang='lat' dir='ltr'>pecuniam</span> <span class='ocrx_word' id='word_1_100' title='bbox 1394 775 1486 801; x_wconf 86' lang='lat' dir='ltr'>cre-</span> 
     </span>
     <span class='ocr_line' id='line_1_14' title="bbox 51 819 1486 874; baseline -0.003 -12"><span class='ocrx_word' id='word_1_101' title='bbox 51 821 176 873; x_wconf 86' lang='lat' dir='ltr'>didit,</span> <span class='ocrx_word' id='word_1_102' title='bbox 209 821 282 863; x_wconf 91' lang='lat' dir='ltr'>sed</span> <span class='ocrx_word' id='word_1_103' title='bbox 314 822 445 862; x_wconf 87' lang='lat' dir='ltr'>etiam</span> <span class='ocrx_word' id='word_1_104' title='bbox 480 822 732 873; x_wconf 81' lang='lat' dir='ltr'>amicorum.</span> <span class='ocrx_word' id='word_1_105' title='bbox 774 819 925 861; x_wconf 90' lang='lat' dir='ltr'>stulte:</span> <span class='ocrx_word' id='word_1_106' title='bbox 958 819 1052 874; x_wconf 87' lang='lat' dir='ltr'>quis</span> <span class='ocrx_word' id='word_1_107' title='bbox 1090 820 1247 874; x_wconf 85' lang='lat' dir='ltr'>negat?</span> <span class='ocrx_word' id='word_1_108' title='bbox 1278 828 1353 858; x_wconf 83' lang='lat' dir='ltr'>aut</span> <span class='ocrx_word' id='word_1_109' title='bbox 1389 819 1486 872; x_wconf 89' lang='lat' dir='ltr'>quis</span> 
     </span>
    </p>
   </div>
   <div class='ocr_carea' id='block_1_3' title="bbox 45 875 1486 933">
    <p class='ocr_par' dir='ltr' id='par_1_3' title="bbox 45 875 1486 933">
     <span class='ocr_line' id='line_1_15' title="bbox 45 875 1486 933; baseline -0.002 -15"><span class='ocrx_word' id='word_1_110' title='bbox 45 878 140 933; x_wconf 83' lang='lat' dir='ltr'>jam</span> <span class='ocrx_word' id='word_1_111' title='bbox 171 893 257 920; x_wconf 89' lang='lat' dir='ltr'>non</span> <span class='ocrx_word' id='word_1_112' title='bbox 290 879 520 921; x_wconf 85' lang='lat' dir='ltr'>admonet?</span> <span class='ocrx_word' id='word_1_113' title='bbox 558 877 673 933; x_wconf 90' lang='lat' dir='ltr'>quod</span> <span class='ocrx_word' id='word_1_114' title='bbox 705 876 813 918; x_wconf 88' lang='lat' dir='ltr'>male</span> <span class='ocrx_word' id='word_1_115' title='bbox 849 877 1020 927; x_wconf 89' lang='lat' dir='ltr'>cecidit,</span> <span class='ocrx_word' id='word_1_116' title='bbox 1053 876 1208 916; x_wconf 80' lang='lat' dir='ltr'>¹0bene</span> <span class='ocrx_word' id='word_1_117' title='bbox 1240 875 1486 915; x_wconf 86' lang='lat' dir='ltr'>consultum</span> 
     </span>
    </p>
   </div>
   <div class='ocr_carea' id='block_1_4' title="bbox 49 932 1535 2249">
    <p class='ocr_par' dir='ltr' id='par_1_4' title="bbox 49 932 1535 1319">
     <span class='ocr_line' id='line_1_16' title="bbox 49 932 1484 991; baseline -0.003 -15"><span class='ocrx_word' id='word_1_118' title='bbox 49 938 250 991; x_wconf 85' lang='lat' dir='ltr'>putares?</span> <span class='ocrx_word' id='word_1_119' title='bbox 300 935 382 976; x_wconf 90' lang='lat' dir='ltr'>Sed</span> <span class='ocrx_word' id='word_1_120' title='bbox 405 944 470 976; x_wconf 90' lang='lat' dir='ltr'>est</span> <span class='ocrx_word' id='word_1_121' title='bbox 491 935 680 985; x_wconf 88' lang='lat' dir='ltr'>difficile,</span> <span class='ocrx_word' id='word_1_122' title='bbox 703 934 818 990; x_wconf 90' lang='lat' dir='ltr'>quod</span> <span class='ocrx_word' id='word_1_123' title='bbox 839 949 938 975; x_wconf 90' lang='lat' dir='ltr'>cum</span> <span class='ocrx_word' id='word_1_124' title='bbox 961 948 1036 990; x_wconf 90' lang='lat' dir='ltr'>spe</span> <span class='ocrx_word' id='word_1_125' title='bbox 1064 947 1222 989; x_wconf 81' lang='lat' dir='ltr'>magna</span> <span class='ocrx_word' id='word_1_126' title='bbox 1243 932 1298 972; x_wconf 84' lang='lat' dir='ltr'>sis</span> <span class='ocrx_word' id='word_1_127' title='bbox 1321 933 1484 988; x_wconf 85' lang='lat' dir='ltr'>ingres-</span> 
     </span>
     <span class='ocr_line' id='line_1_17' title="bbox 52 989 1535 1047; baseline -0.003 -14"><span class='ocrx_word' id='word_1_128' title='bbox 52 1007 138 1044; x_wconf 92' lang='lat' dir='ltr'>sus,</span> <span class='ocrx_word' id='word_1_129' title='bbox 169 993 212 1033; x_wconf 94' lang='lat' dir='ltr'>id</span> <span class='ocrx_word' id='word_1_130' title='bbox 247 1006 334 1033; x_wconf 91' lang='lat' dir='ltr'>non</span> <span class='ocrx_word' id='word_1_131' title='bbox 369 993 545 1047; x_wconf 85' lang='lat' dir='ltr'>exsequi</span> <span class='ocrx_word' id='word_1_132' title='bbox 587 1006 718 1047; x_wconf 89' lang='lat' dir='ltr'>usque</span> <span class='ocrx_word' id='word_1_133' title='bbox 760 991 812 1032; x_wconf 89' lang='lat' dir='ltr'>ad</span> <span class='ocrx_word' id='word_1_134' title='bbox 851 1001 1108 1032; x_wconf 81' lang='lat' dir='ltr'>extremum.</span> <span class='ocrx_word' id='word_1_135' title='bbox 1169 989 1362 1046; x_wconf 77' lang='lat' dir='ltr'>Supplex</span> <span class='ocrx_word' id='word_1_136' title='bbox 1395 994 1535 1042; x_wconf 76' lang='lat' dir='ltr'>erat3</span> 
     </span>
     <span class='ocr_line' id='line_1_18' title="bbox 50 1047 1531 1106; baseline -0.002 -16"><span class='ocrx_word' id='word_1_137' title='bbox 50 1063 152 1091; x_wconf 82' lang='lat' dir='ltr'>rex:</span> <span class='ocrx_word' id='word_1_138' title='bbox 184 1049 320 1090; x_wconf 82' lang='lat' dir='ltr'>multa</span> <span class='ocrx_word' id='word_1_139' title='bbox 349 1050 554 1106; x_wconf 86' lang='lat' dir='ltr'>rogabat:</span> <span class='ocrx_word' id='word_1_140' title='bbox 587 1050 732 1090; x_wconf 86' lang='lat' dir='ltr'>omnia</span> <span class='ocrx_word' id='word_1_141' title='bbox 762 1047 1066 1104; x_wconf 82' lang='lat' dir='ltr'>pollicebatur:</span> <span class='ocrx_word' id='word_1_142' title='bbox 1100 1056 1148 1088; x_wconf 90' lang='lat' dir='ltr'>ut</span> <span class='ocrx_word' id='word_1_143' title='bbox 1170 1048 1264 1100; x_wconf 83' lang='lat' dir='ltr'>jam</span> <span class='ocrx_word' id='word_1_144' title='bbox 1294 1056 1485 1088; x_wconf 86' lang='lat' dir='ltr'>metuere</span> <span class='ocrx_word' id='word_1_145' title='bbox 1499 1063 1531 1093; x_wconf 78' lang='lat' dir='ltr'>b.</span> 
     </span>
     <span class='ocr_line' id='line_1_19' title="bbox 55 1105 1486 1163; baseline -0.002 -16"><span class='ocrx_word' id='word_1_146' title='bbox 55 1105 286 1147; x_wconf 89' lang='lat' dir='ltr'>Postumus</span> <span class='ocrx_word' id='word_1_147' title='bbox 307 1117 548 1163; x_wconf 88' lang='lat' dir='ltr'>cogeretur,</span> <span class='ocrx_word' id='word_1_148' title='bbox 579 1121 646 1157; x_wconf 91' lang='lat' dir='ltr'>ne,</span> <span class='ocrx_word' id='word_1_149' title='bbox 669 1106 785 1161; x_wconf 92' lang='lat' dir='ltr'>quod</span> <span class='ocrx_word' id='word_1_150' title='bbox 807 1105 1058 1155; x_wconf 75' lang='lat' dir='ltr'>crediderat,</span> <span class='ocrx_word' id='word_1_151' title='bbox 1092 1105 1300 1160; x_wconf 84' lang='lat' dir='ltr'>perderet,</span> <span class='ocrx_word' id='word_1_152' title='bbox 1332 1105 1366 1144; x_wconf 88' lang='lat' dir='ltr'>si</span> <span class='ocrx_word' id='word_1_153' title='bbox 1395 1119 1486 1145; x_wconf 88' lang='lat' dir='ltr'>cre-</span> 
     </span>
     <span class='ocr_line' id='line_1_20' title="bbox 52 1161 1487 1213; baseline -0.003 -8"><span class='ocrx_word' id='word_1_154' title='bbox 52 1163 181 1205; x_wconf 88' lang='lat' dir='ltr'>dendi</span> <span class='ocrx_word' id='word_1_155' title='bbox 209 1164 504 1205; x_wconf 84' lang='lat' dir='ltr'>constituisset</span> <span class='ocrx_word' id='word_1_156' title='bbox 534 1164 726 1205; x_wconf 87' lang='lat' dir='ltr'>modum.</span> <span class='ocrx_word' id='word_1_157' title='bbox 757 1162 866 1203; x_wconf 91' lang='lat' dir='ltr'>nihil</span> <span class='ocrx_word' id='word_1_158' title='bbox 896 1173 1038 1203; x_wconf 83' lang='lat' dir='ltr'>autem</span> <span class='ocrx_word' id='word_1_159' title='bbox 1061 1172 1151 1202; x_wconf 82' lang='lat' dir='ltr'>erat</span> <span class='ocrx_word' id='word_1_160' title='bbox 1181 1161 1252 1202; x_wconf 89' lang='lat' dir='ltr'>illo</span> <span class='ocrx_word' id='word_1_161' title='bbox 1276 1161 1487 1213; x_wconf 82' lang='lat' dir='ltr'>blandius,</span> 
     </span>
     <span class='ocr_line' id='line_1_21' title="bbox 51 1219 1487 1278; baseline -0.001 -17"><span class='ocrx_word' id='word_1_162' title='bbox 51 1220 162 1262; x_wconf 91' lang='lat' dir='ltr'>nihil</span> <span class='ocrx_word' id='word_1_163' title='bbox 181 1220 266 1262; x_wconf 90' lang='lat' dir='ltr'>hoc</span> <span class='ocrx_word' id='word_1_164' title='bbox 289 1221 539 1278; x_wconf 88' lang='lat' dir='ltr'>benignius:</span> <span class='ocrx_word' id='word_1_165' title='bbox 579 1230 626 1262; x_wconf 89' lang='lat' dir='ltr'>ut</span> <span class='ocrx_word' id='word_1_166' title='bbox 646 1220 784 1277; x_wconf 82' lang='lat' dir='ltr'>magis</span> <span class='ocrx_word' id='word_1_167' title='bbox 806 1220 1041 1276; x_wconf 79' lang='lat' dir='ltr'>poeniteret</span> <span class='ocrx_word' id='word_1_168' title='bbox 1061 1220 1263 1275; x_wconf 79' lang='lat' dir='ltr'>coepisse,</span> <span class='ocrx_word' id='word_1_169' title='bbox 1286 1233 1415 1275; x_wconf 83' lang='lat' dir='ltr'>quam</span> <span class='ocrx_word' id='word_1_170' title='bbox 1437 1219 1487 1260; x_wconf 91' lang='lat' dir='ltr'>li-</span> 
     </span>
     <span class='ocr_line' id='line_1_22' title="bbox 52 1278 406 1319; baseline 0 0"><span class='ocrx_word' id='word_1_171' title='bbox 52 1288 169 1319; x_wconf 89' lang='lat' dir='ltr'>ceret</span> <span class='ocrx_word' id='word_1_172' title='bbox 188 1278 406 1319; x_wconf 86' lang='lat' dir='ltr'>desistere.</span> 
     </span>
    </p>

    <p class='ocr_par' dir='ltr' id='par_1_5' title="bbox 52 1333 1526 2249">
     <span class='ocr_line' id='line_1_23' title="bbox 112 1333 1526 1392; baseline -0.001 -16"><span class='ocrx_word' id='word_1_173' title='bbox 112 1334 232 1377; x_wconf 88' lang='lat' dir='ltr'>Hinc</span> <span class='ocrx_word' id='word_1_174' title='bbox 263 1335 449 1392; x_wconf 89' lang='lat' dir='ltr'>primum</span> <span class='ocrx_word' id='word_1_175' title='bbox 485 1334 680 1376; x_wconf 86' lang='lat' dir='ltr'>exoritur</span> <span class='ocrx_word' id='word_1_176' title='bbox 710 1334 874 1376; x_wconf 86' lang='lat' dir='ltr'>crimen</span> <span class='ocrx_word' id='word_1_177' title='bbox 906 1333 1034 1375; x_wconf 89' lang='lat' dir='ltr'>illud:</span> <span class='ocrx_word' id='word_1_178' title='bbox 1070 1335 1308 1375; x_wconf 83' lang='lat' dir='ltr'>llsenatum</span> <span class='ocrx_word' id='word_1_179' title='bbox 1341 1336 1526 1374; x_wconf 82' lang='lat' dir='ltr'>eorm-6</span> 
     </span>
     <span class='ocr_line' id='line_1_24' title="bbox 53 1390 1486 1448; baseline 0 -16"><span class='ocrx_word' id='word_1_180' title='bbox 53 1399 178 1448; x_wconf 90' lang='lat' dir='ltr'>ptum</span> <span class='ocrx_word' id='word_1_181' title='bbox 208 1406 299 1432; x_wconf 89' lang='lat' dir='ltr'>esse</span> <span class='ocrx_word' id='word_1_182' title='bbox 329 1392 493 1434; x_wconf 90' lang='lat' dir='ltr'>dicunt.</span> <span class='ocrx_word' id='word_1_183' title='bbox 555 1391 596 1433; x_wconf 94' lang='lat' dir='ltr'>O</span> <span class='ocrx_word' id='word_1_184' title='bbox 617 1391 677 1433; x_wconf 90' lang='lat' dir='ltr'>dii</span> <span class='ocrx_word' id='word_1_185' title='bbox 708 1390 994 1432; x_wconf 86' lang='lat' dir='ltr'>immortales!</span> <span class='ocrx_word' id='word_1_186' title='bbox 1030 1390 1173 1432; x_wconf 81' lang='lat' dir='ltr'>12haec</span> <span class='ocrx_word' id='word_1_187' title='bbox 1195 1401 1259 1431; x_wconf 84' lang='lat' dir='ltr'>est</span> <span class='ocrx_word' id='word_1_188' title='bbox 1290 1391 1362 1432; x_wconf 85' lang='lat' dir='ltr'>illa</span> <span class='ocrx_word' id='word_1_189' title='bbox 1381 1405 1486 1432; x_wconf 85' lang='lat' dir='ltr'>exo-</span> 
     </span>
     <span class='ocr_line' id='line_1_25' title="bbox 53 1448 1487 1505; baseline 0 -15"><span class='ocrx_word' id='word_1_190' title='bbox 53 1458 175 1504; x_wconf 84' lang='lat' dir='ltr'>ptata</span> <span class='ocrx_word' id='word_1_191' title='bbox 197 1449 463 1505; x_wconf 78' lang='lat' dir='ltr'>J&#39;udiciorum</span> <span class='ocrx_word' id='word_1_192' title='bbox 493 1449 723 1491; x_wconf 77' lang='lat' dir='ltr'>severitas?</span> <span class='ocrx_word' id='word_1_193' title='bbox 754 1458 1024 1504; x_wconf 86' lang='lat' dir='ltr'>corruptores</span> <span class='ocrx_word' id='word_1_194' title='bbox 1055 1448 1190 1488; x_wconf 87' lang='lat' dir='ltr'>nostri</span> <span class='ocrx_word' id='word_1_195' title='bbox 1219 1463 1391 1489; x_wconf 78' lang='lat' dir='ltr'>causam</span> <span class='ocrx_word' id='word_1_196' title='bbox 1422 1449 1487 1490; x_wconf 89' lang='lat' dir='ltr'>di-</span> 
     </span>
     <span class='ocr_line' id='line_1_26' title="bbox 56 1506 1491 1563; baseline 0.001 -17"><span class='ocrx_word' id='word_1_197' title='bbox 56 1515 186 1548; x_wconf 89' lang='lat' dir='ltr'>cunt:</span> <span class='ocrx_word' id='word_1_198' title='bbox 218 1521 311 1558; x_wconf 71' lang='grc'>1103,</span> <span class='ocrx_word' id='word_1_199' title='bbox 340 1508 414 1562; x_wconf 91' lang='lat' dir='ltr'>qui</span> <span class='ocrx_word' id='word_1_200' title='bbox 440 1507 632 1563; x_wconf 85' lang='lat' dir='ltr'>corrupti</span> <span class='ocrx_word' id='word_1_201' title='bbox 662 1521 822 1557; x_wconf 87' lang='lat' dir='ltr'>sumus,</span> <span class='ocrx_word' id='word_1_202' title='bbox 855 1520 940 1547; x_wconf 87' lang='lat' dir='ltr'>non</span> <span class='ocrx_word' id='word_1_203' title='bbox 973 1506 1170 1546; x_wconf 86' lang='lat' dir='ltr'>dicimus.</span> <span class='ocrx_word' id='word_1_204' title='bbox 1232 1508 1269 1535; x_wconf 76' lang='lat'>13</span> <span class='ocrx_word' id='word_1_205' title='bbox 1286 1506 1404 1552; x_wconf 74' lang='lat' dir='ltr'>Quid</span> <span class='ocrx_word' id='word_1_206' title='bbox 1426 1520 1491 1547; x_wconf 88' lang='lat' dir='ltr'>er-</span> 
     </span>
     <span class='ocr_line' id='line_1_27' title="bbox 55 1563 1491 1619; baseline 0 -15"><span class='ocrx_word' id='word_1_207' title='bbox 55 1565 143 1619; x_wconf 83' lang='lat' dir='ltr'>go?</span> <span class='ocrx_word' id='word_1_208' title='bbox 173 1573 370 1605; x_wconf 89' lang='lat' dir='ltr'>senatum</span> <span class='ocrx_word' id='word_1_209' title='bbox 399 1563 627 1605; x_wconf 87' lang='lat' dir='ltr'>defendam</span> <span class='ocrx_word' id='word_1_210' title='bbox 658 1563 740 1605; x_wconf 91' lang='lat' dir='ltr'>hoc</span> <span class='ocrx_word' id='word_1_211' title='bbox 771 1563 882 1614; x_wconf 90' lang='lat' dir='ltr'>loco,</span> <span class='ocrx_word' id='word_1_212' title='bbox 913 1563 1109 1618; x_wconf 75' lang='lat' dir='ltr'>judices?</span> <span class='ocrx_word' id='word_1_213' title='bbox 1140 1563 1257 1603; x_wconf 85' lang='lat' dir='ltr'>omni</span> <span class='ocrx_word' id='word_1_214' title='bbox 1291 1563 1491 1618; x_wconf 85' lang='lat' dir='ltr'>equidem</span> 
     </span>
     <span class='ocr_line' id='line_1_28' title="bbox 53 1618 1491 1676; baseline 0 -15"><span class='ocrx_word' id='word_1_215' title='bbox 53 1618 151 1661; x_wconf 93' lang='lat' dir='ltr'>loco</span> <span class='ocrx_word' id='word_1_216' title='bbox 173 1620 325 1662; x_wconf 88' lang='lat' dir='ltr'>debeo.</span> <span class='ocrx_word' id='word_1_217' title='bbox 349 1620 410 1661; x_wconf 72' lang='lat' dir='ltr'>ita</span> <span class='ocrx_word' id='word_1_218' title='bbox 426 1621 479 1662; x_wconf 91' lang='lat' dir='ltr'>de</span> <span class='ocrx_word' id='word_1_219' title='bbox 500 1635 569 1661; x_wconf 90' lang='lat' dir='ltr'>me</span> <span class='ocrx_word' id='word_1_220' title='bbox 585 1631 651 1662; x_wconf 89' lang='lat' dir='ltr'>est</span> <span class='ocrx_word' id='word_1_221' title='bbox 672 1621 848 1662; x_wconf 90' lang='lat' dir='ltr'>meritus</span> <span class='ocrx_word' id='word_1_222' title='bbox 880 1620 949 1661; x_wconf 84' lang='lat' dir='ltr'>ille</span> <span class='ocrx_word' id='word_1_223' title='bbox 972 1620 1091 1661; x_wconf 91' lang='lat' dir='ltr'>ordo.</span> <span class='ocrx_word' id='word_1_224' title='bbox 1122 1620 1193 1661; x_wconf 82' lang='lat' dir='ltr'>sed</span> <span class='ocrx_word' id='word_1_225' title='bbox 1217 1620 1260 1661; x_wconf 86' lang='lat' dir='ltr'>id</span> <span class='ocrx_word' id='word_1_226' title='bbox 1290 1635 1368 1661; x_wconf 89' lang='lat' dir='ltr'>nec</span> <span class='ocrx_word' id='word_1_227' title='bbox 1399 1621 1491 1676; x_wconf 87' lang='lat' dir='ltr'>agi-</span> 
     </span>
     <span class='ocr_line' id='line_1_29' title="bbox 52 1676 1493 1734; baseline 0.001 -17"><span class='ocrx_word' id='word_1_228' title='bbox 52 1686 123 1718; x_wconf 87' lang='lat' dir='ltr'>tur</span> <span class='ocrx_word' id='word_1_229' title='bbox 144 1676 229 1719; x_wconf 88' lang='lat' dir='ltr'>hoc</span> <span class='ocrx_word' id='word_1_230' title='bbox 250 1685 457 1734; x_wconf 87' lang='lat' dir='ltr'>tempore,</span> <span class='ocrx_word' id='word_1_231' title='bbox 479 1692 559 1719; x_wconf 91' lang='lat' dir='ltr'>nec</span> <span class='ocrx_word' id='word_1_232' title='bbox 579 1692 680 1720; x_wconf 89' lang='lat' dir='ltr'>cum</span> <span class='ocrx_word' id='word_1_233' title='bbox 703 1677 900 1719; x_wconf 84' lang='lat' dir='ltr'>Postumi</span> <span class='ocrx_word' id='word_1_234' title='bbox 920 1693 1048 1718; x_wconf 82' lang='lat' dir='ltr'>causa</span> <span class='ocrx_word' id='word_1_235' title='bbox 1068 1692 1133 1718; x_wconf 90' lang='lat' dir='ltr'>res</span> <span class='ocrx_word' id='word_1_236' title='bbox 1157 1678 1238 1718; x_wconf 84' lang='lat' dir='ltr'>ista</span> <span class='ocrx_word' id='word_1_237' title='bbox 1258 1678 1493 1733; x_wconf 80' lang='lat' dir='ltr'>conjuncta</span> 
     </span>
     <span class='ocr_line' id='line_1_30' title="bbox 53 1735 1492 1791; baseline 0.001 -16"><span class='ocrx_word' id='word_1_238' title='bbox 53 1742 133 1775; x_wconf 89' lang='lat' dir='ltr'>est.</span> <span class='ocrx_word' id='word_1_239' title='bbox 195 1735 470 1790; x_wconf 82' lang='lat' dir='ltr'>Quamquam</span> <span class='ocrx_word' id='word_1_240' title='bbox 492 1736 545 1777; x_wconf 90' lang='lat' dir='ltr'>ad</span> <span class='ocrx_word' id='word_1_241' title='bbox 566 1744 758 1776; x_wconf 87' lang='lat' dir='ltr'>sumtum</span> <span class='ocrx_word' id='word_1_242' title='bbox 780 1735 959 1786; x_wconf 78' lang='lat' dir='ltr'>itineris,</span> <span class='ocrx_word' id='word_1_243' title='bbox 990 1735 1043 1775; x_wconf 85' lang='lat' dir='ltr'>ad</span> <span class='ocrx_word' id='word_1_244' title='bbox 1066 1735 1180 1776; x_wconf 83' lang='lat' dir='ltr'>illam</span> <span class='ocrx_word' id='word_1_245' title='bbox 1211 1735 1492 1791; x_wconf 85' lang='lat' dir='ltr'>magnificen-</span> 
     </span>
     <span class='ocr_line' id='line_1_31' title="bbox 56 1790 1494 1849; baseline 0.001 -17"><span class='ocrx_word' id='word_1_246' title='bbox 56 1790 157 1832; x_wconf 87' lang='lat' dir='ltr'>tiam</span> <span class='ocrx_word' id='word_1_247' title='bbox 182 1802 427 1849; x_wconf 81' lang='lat' dir='ltr'>apparatuS,</span> <span class='ocrx_word' id='word_1_248' title='bbox 449 1792 790 1849; x_wconf 88' lang='lat' dir='ltr'>comitatumque</span> <span class='ocrx_word' id='word_1_249' title='bbox 811 1793 992 1848; x_wconf 89' lang='lat' dir='ltr'>regium,</span> <span class='ocrx_word' id='word_1_250' title='bbox 1017 1793 1291 1848; x_wconf 81' lang='lat' dir='ltr'>suppeditata</span> <span class='ocrx_word' id='word_1_251' title='bbox 1311 1794 1494 1849; x_wconf 82' lang='lat' dir='ltr'>pecunia</span> 
     </span>
     <span class='ocr_line' id='line_1_32' title="bbox 53 1848 1494 1907; baseline 0.001 -18"><span class='ocrx_word' id='word_1_252' title='bbox 53 1863 79 1889; x_wconf 87' lang='lat' dir='ltr'>a</span> <span class='ocrx_word' id='word_1_253' title='bbox 110 1848 318 1891; x_wconf 88' lang='lat' dir='ltr'>Postumo</span> <span class='ocrx_word' id='word_1_254' title='bbox 350 1859 428 1901; x_wconf 86' lang='lat' dir='ltr'>est,</span> <span class='ocrx_word' id='word_1_255' title='bbox 459 1849 673 1906; x_wconf 85' lang='lat' dir='ltr'>factaeque</span> <span class='ocrx_word' id='word_1_256' title='bbox 704 1850 964 1907; x_wconf 85' lang='lat' dir='ltr'>syngraphae</span> <span class='ocrx_word' id='word_1_257' title='bbox 999 1861 1097 1890; x_wconf 86' lang='lat' dir='ltr'>sunt</span> <span class='ocrx_word' id='word_1_258' title='bbox 1130 1851 1172 1890; x_wconf 89' lang='lat' dir='ltr'>in</span> <span class='ocrx_word' id='word_1_259' title='bbox 1205 1849 1376 1891; x_wconf 83' lang='lat' dir='ltr'>Albano</span> <span class='ocrx_word' id='word_1_260' title='bbox 1409 1850 1494 1891; x_wconf 91' lang='lat' dir='ltr'>Cn.</span> 
     </span>
     <span class='ocr_line' id='line_1_33' title="bbox 54 1904 1494 1963; baseline 0.001 -17"><span class='ocrx_word' id='word_1_261' title='bbox 54 1904 270 1962; x_wconf 88' lang='lat' dir='ltr'>Pompeii,</span> <span class='ocrx_word' id='word_1_262' title='bbox 291 1921 388 1948; x_wconf 89' lang='lat' dir='ltr'>cum</span> <span class='ocrx_word' id='word_1_263' title='bbox 413 1906 483 1948; x_wconf 89' lang='lat' dir='ltr'>ille</span> <span class='ocrx_word' id='word_1_264' title='bbox 507 1906 649 1948; x_wconf 83' lang='lat' dir='ltr'>Roma</span> <span class='ocrx_word' id='word_1_265' title='bbox 671 1907 888 1963; x_wconf 81' lang='lat' dir='ltr'>profectus</span> <span class='ocrx_word' id='word_1_266' title='bbox 911 1917 1046 1948; x_wconf 89' lang='lat' dir='ltr'>esset:</span> <span class='ocrx_word' id='word_1_267' title='bbox 1071 1915 1213 1948; x_wconf 87' lang='lat' dir='ltr'>tamen</span> <span class='ocrx_word' id='word_1_268' title='bbox 1237 1922 1323 1948; x_wconf 87' lang='lat' dir='ltr'>non</span> <span class='ocrx_word' id='word_1_269' title='bbox 1343 1908 1494 1948; x_wconf 89' lang='lat' dir='ltr'>debuit</span> 
     </span>
     <span class='ocr_line' id='line_1_34' title="bbox 53 1963 1491 2020; baseline 0.001 -17"><span class='ocrx_word' id='word_1_270' title='bbox 53 1963 105 2014; x_wconf 86' lang='lat' dir='ltr'>is,</span> <span class='ocrx_word' id='word_1_271' title='bbox 127 1964 200 2018; x_wconf 88' lang='lat' dir='ltr'>qui</span> <span class='ocrx_word' id='word_1_272' title='bbox 222 1963 367 2015; x_wconf 87' lang='lat' dir='ltr'>dabat,</span> <span class='ocrx_word' id='word_1_273' title='bbox 387 1979 473 2019; x_wconf 91' lang='lat' dir='ltr'>quo</span> <span class='ocrx_word' id='word_1_274' title='bbox 496 1964 580 2014; x_wconf 91' lang='lat' dir='ltr'>ille,</span> <span class='ocrx_word' id='word_1_275' title='bbox 601 1966 674 2019; x_wconf 91' lang='lat' dir='ltr'>qui</span> <span class='ocrx_word' id='word_1_276' title='bbox 698 1965 956 2020; x_wconf 83' lang='lat' dir='ltr'>accipiebat,</span> <span class='ocrx_word' id='word_1_277' title='bbox 979 1976 1263 2015; x_wconf 86' lang='lat' dir='ltr'>consumeret,</span> <span class='ocrx_word' id='word_1_278' title='bbox 1287 1979 1491 2020; x_wconf 85' lang='lat' dir='ltr'>quaerere.</span> 
     </span>
     <span class='ocr_line' id='line_1_35' title="bbox 53 2020 1492 2078; baseline 0.001 -18"><span class='ocrx_word' id='word_1_279' title='bbox 53 2034 142 2061; x_wconf 89' lang='lat' dir='ltr'>non</span> <span class='ocrx_word' id='word_1_280' title='bbox 163 2020 278 2061; x_wconf 91' lang='lat' dir='ltr'>enim</span> <span class='ocrx_word' id='word_1_281' title='bbox 309 2020 480 2072; x_wconf 84' lang='lat' dir='ltr'>latroni,</span> <span class='ocrx_word' id='word_1_282' title='bbox 512 2022 584 2062; x_wconf 90' lang='lat' dir='ltr'>sed</span> <span class='ocrx_word' id='word_1_283' title='bbox 617 2022 706 2077; x_wconf 88' lang='lat' dir='ltr'>regi</span> <span class='ocrx_word' id='word_1_284' title='bbox 731 2022 940 2062; x_wconf 88' lang='lat' dir='ltr'>credidit:</span> <span class='ocrx_word' id='word_1_285' title='bbox 973 2035 1051 2062; x_wconf 86' lang='lat' dir='ltr'>nec</span> <span class='ocrx_word' id='word_1_286' title='bbox 1081 2023 1173 2077; x_wconf 84' lang='lat' dir='ltr'>regi</span> <span class='ocrx_word' id='word_1_287' title='bbox 1206 2023 1383 2062; x_wconf 86' lang='lat' dir='ltr'>inimico</span> <span class='ocrx_word' id='word_1_288' title='bbox 1416 2037 1492 2078; x_wconf 88' lang='lat' dir='ltr'>po-</span> 
     </span>
     <span class='ocr_line' id='line_1_36' title="bbox 54 2076 1493 2134; baseline 0.001 -16"><span class='ocrx_word' id='word_1_289' title='bbox 54 2077 144 2133; x_wconf 90' lang='lat' dir='ltr'>puli</span> <span class='ocrx_word' id='word_1_290' title='bbox 170 2076 386 2130; x_wconf 82' lang='lat' dir='ltr'>Romani3</span> <span class='ocrx_word' id='word_1_291' title='bbox 417 2078 490 2118; x_wconf 87' lang='lat' dir='ltr'>sed</span> <span class='ocrx_word' id='word_1_292' title='bbox 511 2078 569 2129; x_wconf 85' lang='lat' dir='ltr'>ei,</span> <span class='ocrx_word' id='word_1_293' title='bbox 587 2079 711 2134; x_wconf 84' lang='lat' dir='ltr'>cujus</span> <span class='ocrx_word' id='word_1_294' title='bbox 737 2082 773 2110; x_wconf 77' lang='lat'>14</span> <span class='ocrx_word' id='word_1_295' title='bbox 789 2078 974 2119; x_wconf 89' lang='lat' dir='ltr'>reditum</span> <span class='ocrx_word' id='word_1_296' title='bbox 998 2079 1164 2120; x_wconf 84' lang='lat' dir='ltr'>consuli</span> <span class='ocrx_word' id='word_1_297' title='bbox 1195 2080 1343 2120; x_wconf 81' lang='lat' dir='ltr'>datum</span> <span class='ocrx_word' id='word_1_298' title='bbox 1375 2095 1399 2120; x_wconf 86' lang='lat' dir='ltr'>a</span> <span class='ocrx_word' id='word_1_299' title='bbox 1430 2094 1493 2120; x_wconf 86' lang='lat' dir='ltr'>se-</span> 
     </span>
     <span class='ocr_line' id='line_1_37' title="bbox 52 2135 1495 2193; baseline 0.001 -18"><span class='ocrx_word' id='word_1_300' title='bbox 52 2143 157 2175; x_wconf 84' lang='lat' dir='ltr'>natu</span> <span class='ocrx_word' id='word_1_301' title='bbox 181 2135 384 2177; x_wconf 83' lang='lat' dir='ltr'>videbat:</span> <span class='ocrx_word' id='word_1_302' title='bbox 418 2149 496 2176; x_wconf 90' lang='lat' dir='ltr'>nec</span> <span class='ocrx_word' id='word_1_303' title='bbox 526 2135 565 2177; x_wconf 90' lang='lat' dir='ltr'>ei</span> <span class='ocrx_word' id='word_1_304' title='bbox 596 2136 702 2192; x_wconf 85' lang='lat' dir='ltr'>regi,</span> <span class='ocrx_word' id='word_1_305' title='bbox 725 2135 799 2190; x_wconf 92' lang='lat' dir='ltr'>qui</span> <span class='ocrx_word' id='word_1_306' title='bbox 831 2135 992 2176; x_wconf 86' lang='lat' dir='ltr'>alienus</span> <span class='ocrx_word' id='word_1_307' title='bbox 1025 2136 1079 2176; x_wconf 87' lang='lat' dir='ltr'>ab</span> <span class='ocrx_word' id='word_1_308' title='bbox 1111 2136 1193 2178; x_wconf 88' lang='lat' dir='ltr'>hoc</span> <span class='ocrx_word' id='word_1_309' title='bbox 1227 2137 1406 2193; x_wconf 88' lang='lat' dir='ltr'>imperio</span> <span class='ocrx_word' id='word_1_310' title='bbox 1429 2151 1495 2177; x_wconf 85' lang='lat' dir='ltr'>es-</span> 
     </span>
     <span class='ocr_line' id='line_1_38' title="bbox 54 2191 1493 2249; baseline 0.001 -15"><span class='ocrx_word' id='word_1_311' title='bbox 54 2200 132 2243; x_wconf 82' lang='lat' dir='ltr'>set,</span> <span class='ocrx_word' id='word_1_312' title='bbox 169 2192 242 2233; x_wconf 90' lang='lat' dir='ltr'>sed</span> <span class='ocrx_word' id='word_1_313' title='bbox 280 2193 334 2244; x_wconf 93' lang='lat' dir='ltr'>ei,</span> <span class='ocrx_word' id='word_1_314' title='bbox 371 2193 547 2248; x_wconf 87' lang='lat' dir='ltr'>quicum</span> <span class='ocrx_word' id='word_1_315' title='bbox 584 2192 780 2234; x_wconf 81' lang='lat' dir='ltr'>15foedus</span> <span class='ocrx_word' id='word_1_316' title='bbox 816 2191 933 2233; x_wconf 86' lang='lat' dir='ltr'>feriri</span> <span class='ocrx_word' id='word_1_317' title='bbox 973 2193 1017 2233; x_wconf 91' lang='lat' dir='ltr'>in</span> <span class='ocrx_word' id='word_1_318' title='bbox 1057 2192 1275 2249; x_wconf 80' lang='lat' dir='ltr'>Capitolio</span> <span class='ocrx_word' id='word_1_319' title='bbox 1314 2194 1493 2235; x_wconf 83' lang='lat' dir='ltr'>viderat.</span> 
     </span>
    </p>
   </div>
   <div class='ocr_carea' id='block_1_5' title="bbox 94 2305 752 2346">
    <p class='ocr_par' dir='ltr' id='par_1_6' title="bbox 94 2305 752 2346">
     <span class='ocr_line' id='line_1_39' title="bbox 94 2305 752 2346; baseline 0 -11"><span class='ocrx_word' id='word_1_320' title='bbox 94 2308 114 2339; x_wconf 82' lang='grc'><strong>9</strong></span> <span class='ocrx_word' id='word_1_321' title='bbox 136 2314 216 2336; x_wconf 83' lang='lat' dir='ltr'>nam</span> <span class='ocrx_word' id='word_1_322' title='bbox 241 2306 399 2344; x_wconf 79' lang='lat' dir='ltr'>regnanti</span> <span class='ocrx_word' id='word_1_323' title='bbox 422 2305 619 2346; x_wconf 77' lang='lat' dir='ltr'>crediderat]</span> <span class='ocrx_word' id='word_1_324' title='bbox 646 2305 752 2336; x_wconf 86' lang='lat' dir='ltr'>Patri-</span> 
     </span>
    </p>
   </div>
   <div class='ocr_carea' id='block_1_6' title="bbox 53 2305 1496 2387">
    <p class='ocr_par' dir='ltr' id='par_1_7' title="bbox 53 2305 1496 2387">
     <span class='ocr_line' id='line_1_40' title="bbox 793 2305 1496 2347; baseline 0.003 -11"><span class='ocrx_word' id='word_1_325' title='bbox 793 2306 875 2345; x_wconf 73' lang='lat' dir='ltr'>regi,</span> <span class='ocrx_word' id='word_1_326' title='bbox 888 2312 922 2337; x_wconf 91' lang='lat' dir='ltr'>et</span> <span class='ocrx_word' id='word_1_327' title='bbox 937 2305 1069 2345; x_wconf 89' lang='lat' dir='ltr'>quidem</span> <span class='ocrx_word' id='word_1_328' title='bbox 1091 2317 1149 2346; x_wconf 88' lang='lat' dir='ltr'>per</span> <span class='ocrx_word' id='word_1_329' title='bbox 1162 2307 1346 2344; x_wconf 80' lang='lat' dir='ltr'>Rabirium,</span> <span class='ocrx_word' id='word_1_330' title='bbox 1361 2307 1416 2347; x_wconf 87' lang='lat' dir='ltr'>qui</span> <span class='ocrx_word' id='word_1_331' title='bbox 1438 2308 1496 2338; x_wconf 88' lang='lat' dir='ltr'>Se-</span> 
     </span>
     <span class='ocr_line' id='line_1_41' title="bbox 53 2346 753 2387; baseline 0 -10"><span class='ocrx_word' id='word_1_332' title='bbox 53 2346 123 2380; x_wconf 81' lang='lat' dir='ltr'>cius</span> <span class='ocrx_word' id='word_1_333' title='bbox 135 2358 145 2377; x_wconf 67' lang='lat' dir='ltr'>a</span> <span class='ocrx_word' id='word_1_334' title='bbox 168 2356 247 2377; x_wconf 81' lang='lat' dir='ltr'>nam</span> <span class='ocrx_word' id='word_1_335' title='bbox 263 2352 294 2378; x_wconf 83' lang='lat' dir='ltr'>et</span> <span class='ocrx_word' id='word_1_336' title='bbox 314 2358 408 2387; x_wconf 79' lang='lat' dir='ltr'>regn.</span> <span class='ocrx_word' id='word_1_337' title='bbox 432 2348 483 2378; x_wconf 84' lang='lat' dir='ltr'>vel</span> <span class='ocrx_word' id='word_1_338' title='bbox 502 2358 582 2379; x_wconf 79' lang='lat' dir='ltr'>nam</span> <span class='ocrx_word' id='word_1_339' title='bbox 596 2348 753 2387; x_wconf 69' lang='lat' dir='ltr'>reg-nanti</span> 
     </span>
    </p>
   </div>
   <div class='ocr_carea' id='block_1_7' title="bbox 794 2349 1496 2390">
    <p class='ocr_par' dir='ltr' id='par_1_8' title="bbox 794 2349 1496 2390">
     <span class='ocr_line' id='line_1_42' title="bbox 794 2349 1496 2390; baseline 0.003 -12"><span class='ocrx_word' id='word_1_340' title='bbox 794 2349 964 2378; x_wconf 80' lang='lat' dir='ltr'>natoribus</span> <span class='ocrx_word' id='word_1_341' title='bbox 988 2349 1149 2385; x_wconf 80' lang='lat' dir='ltr'>solvisset,</span> <span class='ocrx_word' id='word_1_342' title='bbox 1174 2359 1219 2381; x_wconf 85' lang='lat' dir='ltr'>se.</span> <span class='ocrx_word' id='word_1_343' title='bbox 1243 2357 1283 2381; x_wconf 85' lang='lat' dir='ltr'>ut</span> <span class='ocrx_word' id='word_1_344' title='bbox 1306 2351 1378 2390; x_wconf 81' lang='lat' dir='ltr'>ejus</span> <span class='ocrx_word' id='word_1_345' title='bbox 1401 2350 1496 2380; x_wconf 87' lang='lat' dir='ltr'>redu-</span> 
     </span>
    </p>
   </div>
   <div class='ocr_carea' id='block_1_8' title="bbox 53 2389 753 2896">
    <p class='ocr_par' dir='ltr' id='par_1_9' title="bbox 54 2389 663 2430">
     <span class='ocr_line' id='line_1_43' title="bbox 54 2389 663 2430; baseline 0.003 -11"><span class='ocrx_word' id='word_1_346' title='bbox 54 2398 186 2430; x_wconf 73' lang='lat' dir='ltr'>quoque.</span> <span class='ocrx_word' id='word_1_347' title='bbox 199 2389 300 2420; x_wconf 81' lang='lat' dir='ltr'>immo</span> <span class='ocrx_word' id='word_1_348' title='bbox 316 2400 395 2421; x_wconf 80' lang='lat' dir='ltr'>nam</span> <span class='ocrx_word' id='word_1_349' title='bbox 401 2389 482 2430; x_wconf 82' lang='lat' dir='ltr'>jam</span> <span class='ocrx_word' id='word_1_350' title='bbox 496 2392 663 2428; x_wconf 74' lang='lat' dir='ltr'>regnanti.</span> 
     </span>
    </p>

    <p class='ocr_par' dir='ltr' id='par_1_10' title="bbox 53 2432 753 2796">
     <span class='ocr_line' id='line_1_44' title="bbox 99 2432 751 2472; baseline 0.002 -11"><span class='ocrx_word' id='word_1_351' title='bbox 99 2434 137 2461; x_wconf 89' lang='grc'>10</span> <span class='ocrx_word' id='word_1_352' title='bbox 159 2432 234 2462; x_wconf 83' lang='lat' dir='ltr'>bene</span> <span class='ocrx_word' id='word_1_353' title='bbox 255 2435 437 2463; x_wconf 77' lang='lat' dir='ltr'>consultum</span> <span class='ocrx_word' id='word_1_354' title='bbox 451 2433 604 2472; x_wconf 79' lang='lat' dir='ltr'>putares]</span> <span class='ocrx_word' id='word_1_355' title='bbox 631 2432 695 2463; x_wconf 89' lang='lat' dir='ltr'>Hic</span> <span class='ocrx_word' id='word_1_356' title='bbox 717 2441 751 2462; x_wconf 84' lang='lat' dir='ltr'>se</span> 
     </span>
     <span class='ocr_line' id='line_1_45' title="bbox 53 2472 752 2513; baseline 0.003 -9"><span class='ocrx_word' id='word_1_357' title='bbox 53 2472 146 2504; x_wconf 81' lang='lat' dir='ltr'>valde</span> <span class='ocrx_word' id='word_1_358' title='bbox 161 2479 317 2513; x_wconf 83' lang='lat' dir='ltr'>torquent</span> <span class='ocrx_word' id='word_1_359' title='bbox 331 2475 389 2504; x_wconf 84' lang='lat' dir='ltr'>viri</span> <span class='ocrx_word' id='word_1_360' title='bbox 411 2474 498 2504; x_wconf 87' lang='lat' dir='ltr'>docti</span> <span class='ocrx_word' id='word_1_361' title='bbox 511 2487 519 2506; x_wconf 85' lang='lat'>;</span> <span class='ocrx_word' id='word_1_362' title='bbox 543 2480 594 2505; x_wconf 85' lang='lat' dir='ltr'>est</span> <span class='ocrx_word' id='word_1_363' title='bbox 607 2476 676 2506; x_wconf 87' lang='lat' dir='ltr'>sine</span> <span class='ocrx_word' id='word_1_364' title='bbox 693 2474 752 2505; x_wconf 86' lang='lat' dir='ltr'>du-</span> 
     </span>
     <span class='ocr_line' id='line_1_46' title="bbox 54 2514 751 2548; baseline 0.003 -2"><span class='ocrx_word' id='word_1_365' title='bbox 54 2514 109 2546; x_wconf 85' lang='lat' dir='ltr'>bio</span> <span class='ocrx_word' id='word_1_366' title='bbox 125 2516 289 2546; x_wconf 86' lang='lat' dir='ltr'>vitiosum.</span> <span class='ocrx_word' id='word_1_367' title='bbox 303 2526 380 2547; x_wconf 80' lang='lat' dir='ltr'>nain</span> <span class='ocrx_word' id='word_1_368' title='bbox 396 2526 524 2547; x_wconf 83' lang='lat' dir='ltr'>sensum</span> <span class='ocrx_word' id='word_1_369' title='bbox 541 2518 751 2548; x_wconf 86' lang='lat' dir='ltr'>commodum</span> 
     </span>
     <span class='ocr_line' id='line_1_47' title="bbox 55 2557 752 2591; baseline 0.001 -3"><span class='ocrx_word' id='word_1_370' title='bbox 55 2565 124 2588; x_wconf 85' lang='lat' dir='ltr'>non</span> <span class='ocrx_word' id='word_1_371' title='bbox 150 2557 258 2589; x_wconf 87' lang='lat' dir='ltr'>habet.</span> <span class='ocrx_word' id='word_1_372' title='bbox 302 2558 434 2591; x_wconf 79' lang='lat' dir='ltr'>Scribo:</span> <span class='ocrx_word' id='word_1_373' title='bbox 471 2559 546 2589; x_wconf 71' lang='lat' dir='ltr'>bene</span> <span class='ocrx_word' id='word_1_374' title='bbox 570 2562 752 2591; x_wconf 76' lang='lat' dir='ltr'>consultum</span> 
     </span>
     <span class='ocr_line' id='line_1_48' title="bbox 53 2599 753 2640; baseline 0.006 -12"><span class='ocrx_word' id='word_1_375' title='bbox 53 2599 174 2638; x_wconf 80' lang='lat' dir='ltr'>putes?</span> <span class='ocrx_word' id='word_1_376' title='bbox 195 2599 217 2629; x_wconf 86' lang='lat' dir='ltr'>i.</span> <span class='ocrx_word' id='word_1_377' title='bbox 234 2609 262 2629; x_wconf 87' lang='lat' dir='ltr'>e.</span> <span class='ocrx_word' id='word_1_378' title='bbox 286 2609 328 2630; x_wconf 88' lang='lat' dir='ltr'>an</span> <span class='ocrx_word' id='word_1_379' title='bbox 343 2611 512 2640; x_wconf 85' lang='lat' dir='ltr'>possumus</span> <span class='ocrx_word' id='word_1_380' title='bbox 527 2602 608 2632; x_wconf 85' lang='lat' dir='ltr'>bene</span> <span class='ocrx_word' id='word_1_381' title='bbox 623 2603 753 2632; x_wconf 85' lang='lat' dir='ltr'>consul-</span> 
     </span>
     <span class='ocr_line' id='line_1_49' title="bbox 56 2643 752 2680; baseline 0.007 -10"><span class='ocrx_word' id='word_1_382' title='bbox 56 2644 130 2671; x_wconf 84' lang='lat' dir='ltr'>tum</span> <span class='ocrx_word' id='word_1_383' title='bbox 144 2646 273 2680; x_wconf 79' lang='lat' dir='ltr'>putare,</span> <span class='ocrx_word' id='word_1_384' title='bbox 288 2643 373 2680; x_wconf 84' lang='lat' dir='ltr'>quod</span> <span class='ocrx_word' id='word_1_385' title='bbox 387 2644 472 2673; x_wconf 81' lang='lat' dir='ltr'>male</span> <span class='ocrx_word' id='word_1_386' title='bbox 487 2643 626 2674; x_wconf 76' lang='lat' dir='ltr'>cecidit?</span> <span class='ocrx_word' id='word_1_387' title='bbox 646 2645 752 2675; x_wconf 80' lang='lat' dir='ltr'>Inter-</span> 
     </span>
     <span class='ocr_line' id='line_1_50' title="bbox 58 2683 753 2726; baseline 0.006 -13"><span class='ocrx_word' id='word_1_388' title='bbox 58 2683 238 2721; x_wconf 82' lang='lat' dir='ltr'>rogationis</span> <span class='ocrx_word' id='word_1_389' title='bbox 260 2691 339 2714; x_wconf 82' lang='lat' dir='ltr'>nota</span> <span class='ocrx_word' id='word_1_390' title='bbox 355 2690 404 2714; x_wconf 84' lang='lat' dir='ltr'>est</span> <span class='ocrx_word' id='word_1_391' title='bbox 427 2686 460 2715; x_wconf 89' lang='lat' dir='ltr'>in</span> <span class='ocrx_word' id='word_1_392' title='bbox 483 2686 554 2715; x_wconf 85' lang='lat' dir='ltr'>edd.</span> <span class='ocrx_word' id='word_1_393' title='bbox 580 2696 629 2726; x_wconf 84' lang='lat' dir='ltr'>pr.</span> <span class='ocrx_word' id='word_1_394' title='bbox 674 2687 753 2717; x_wconf 83' lang='lat' dir='ltr'>Post</span> 
     </span>
     <span class='ocr_line' id='line_1_51' title="bbox 56 2724 751 2764; baseline 0.01 -12"><span class='ocrx_word' id='word_1_395' title='bbox 56 2733 116 2764; x_wconf 86' lang='lat' dir='ltr'>pro</span> <span class='ocrx_word' id='word_1_396' title='bbox 138 2724 175 2753; x_wconf 78' lang='lat' dir='ltr'>id</span> <span class='ocrx_word' id='word_1_397' title='bbox 194 2725 366 2764; x_wconf 82' lang='lat' dir='ltr'>legendum</span> <span class='ocrx_word' id='word_1_398' title='bbox 388 2736 456 2759; x_wconf 81' lang='lat' dir='ltr'>esse</span> <span class='ocrx_word' id='word_1_399' title='bbox 480 2729 546 2764; x_wconf 82' lang='lat' dir='ltr'>sed,</span> <span class='ocrx_word' id='word_1_400' title='bbox 573 2733 660 2758; x_wconf 82' lang='lat' dir='ltr'>reete</span> <span class='ocrx_word' id='word_1_401' title='bbox 682 2739 751 2759; x_wconf 88' lang='lat' dir='ltr'>mo-</span> 
     </span>
     <span class='ocr_line' id='line_1_52' title="bbox 58 2766 240 2796; baseline 0.005 -1"><span class='ocrx_word' id='word_1_402' title='bbox 58 2774 159 2796; x_wconf 83' lang='lat' dir='ltr'>nuere</span> <span class='ocrx_word' id='word_1_403' title='bbox 174 2766 240 2796; x_wconf 80' lang='lat' dir='ltr'>alii.</span> 
     </span>
    </p>

    <p class='ocr_par' dir='ltr' id='par_1_11' title="bbox 57 2809 751 2896">
     <span class='ocr_line' id='line_1_53' title="bbox 104 2809 751 2852; baseline 0.009 -15"><span class='ocrx_word' id='word_1_404' title='bbox 104 2809 135 2837; x_wconf 88' lang='lat' dir='ltr'>ll</span> <span class='ocrx_word' id='word_1_405' title='bbox 155 2813 303 2839; x_wconf 72' lang='lat' dir='ltr'>senatum</span> <span class='ocrx_word' id='word_1_406' title='bbox 318 2815 505 2849; x_wconf 77' lang='lat' dir='ltr'>corruptum</span> <span class='ocrx_word' id='word_1_407' title='bbox 520 2811 598 2850; x_wconf 80' lang='lat' dir='ltr'>esse]</span> <span class='ocrx_word' id='word_1_408' title='bbox 622 2811 751 2852; x_wconf 82' lang='lat' dir='ltr'>Nempe</span> 
     </span>
     <span class='ocr_line' id='line_1_54' title="bbox 57 2851 751 2896; baseline 0.007 -17"><span class='ocrx_word' id='word_1_409' title='bbox 57 2857 96 2879; x_wconf 69' lang='lat' dir='ltr'>ea</span> <span class='ocrx_word' id='word_1_410' title='bbox 116 2851 269 2896; x_wconf 36' lang='lat' dir='ltr'>pecunian-</span> <span class='ocrx_word' id='word_1_411' title='bbox 281 2861 378 2890; x_wconf 85' lang='lat' dir='ltr'>quam</span> <span class='ocrx_word' id='word_1_412' title='bbox 400 2852 550 2891; x_wconf 69' lang='lat' dir='ltr'>Rabirius</span> <span class='ocrx_word' id='word_1_413' title='bbox 572 2854 751 2891; x_wconf 68' lang='lat' dir='ltr'>crediderat</span> 
     </span>
    </p>
   </div>
   <div class='ocr_carea' id='block_1_9' title="bbox 793 2390 1493 2843">
    <p class='ocr_par' dir='ltr' id='par_1_12' title="bbox 794 2390 1178 2422">
     <span class='ocr_line' id='line_1_55' title="bbox 794 2390 1178 2422; baseline 0.003 -1"><span class='ocrx_word' id='word_1_414' title='bbox 794 2391 938 2421; x_wconf 80' lang='lat' dir='ltr'>ctionem</span> <span class='ocrx_word' id='word_1_415' title='bbox 954 2390 1178 2422; x_wconf 83' lang='lat' dir='ltr'>decernerent.</span> 
     </span>
    </p>

    <p class='ocr_par' dir='ltr' id='par_1_13' title="bbox 793 2434 1493 2558">
     <span class='ocr_line' id='line_1_56' title="bbox 840 2434 1493 2475; baseline 0.005 -13"><span class='ocrx_word' id='word_1_416' title='bbox 840 2435 876 2463; x_wconf 74' lang='lat'>12</span> <span class='ocrx_word' id='word_1_417' title='bbox 899 2434 965 2463; x_wconf 67' lang='lat' dir='ltr'>hoec</span> <span class='ocrx_word' id='word_1_418' title='bbox 986 2438 1032 2463; x_wconf 82' lang='lat' dir='ltr'>esc</span> <span class='ocrx_word' id='word_1_419' title='bbox 1054 2434 1114 2464; x_wconf 81' lang='lat' dir='ltr'>illa</span> <span class='ocrx_word' id='word_1_420' title='bbox 1135 2438 1239 2475; x_wconf 70' lang='lat' dir='ltr'>exopt.</span> <span class='ocrx_word' id='word_1_421' title='bbox 1261 2434 1430 2474; x_wconf 78' lang='lat' dir='ltr'>severitus]</span> <span class='ocrx_word' id='word_1_422' title='bbox 1449 2444 1493 2465; x_wconf 89' lang='lat' dir='ltr'>sc.</span> 
     </span>
     <span class='ocr_line' id='line_1_57' title="bbox 793 2476 1493 2515; baseline 0.004 -11"><span class='ocrx_word' id='word_1_423' title='bbox 793 2479 928 2515; x_wconf 80' lang='lat' dir='ltr'>propter</span> <span class='ocrx_word' id='word_1_424' title='bbox 949 2485 1048 2514; x_wconf 87' lang='lat' dir='ltr'>quam</span> <span class='ocrx_word' id='word_1_425' title='bbox 1071 2476 1126 2506; x_wconf 87' lang='lat' dir='ltr'>alii</span> <span class='ocrx_word' id='word_1_426' title='bbox 1145 2477 1273 2515; x_wconf 79' lang='lat' dir='ltr'>judiees</span> <span class='ocrx_word' id='word_1_427' title='bbox 1293 2483 1389 2508; x_wconf 84' lang='lat' dir='ltr'>erant</span> <span class='ocrx_word' id='word_1_428' title='bbox 1410 2478 1493 2507; x_wconf 80' lang='lat' dir='ltr'>desi-</span> 
     </span>
     <span class='ocr_line' id='line_1_58' title="bbox 794 2517 1419 2558; baseline 0.003 -11"><span class='ocrx_word' id='word_1_429' title='bbox 794 2517 911 2554; x_wconf 82' lang='lat' dir='ltr'>derati,</span> <span class='ocrx_word' id='word_1_430' title='bbox 927 2521 961 2548; x_wconf 86' lang='lat' dir='ltr'>et</span> <span class='ocrx_word' id='word_1_431' title='bbox 976 2527 1061 2548; x_wconf 83' lang='lat' dir='ltr'>nova</span> <span class='ocrx_word' id='word_1_432' title='bbox 1075 2517 1127 2549; x_wconf 72' lang='lat' dir='ltr'>lex</span> <span class='ocrx_word' id='word_1_433' title='bbox 1136 2518 1310 2558; x_wconf 79' lang='lat' dir='ltr'>judiciaria</span> <span class='ocrx_word' id='word_1_434' title='bbox 1323 2520 1419 2550; x_wconf 77' lang='lat' dir='ltr'>facta.</span> 
     </span>
    </p>

    <p class='ocr_par' dir='ltr' id='par_1_14' title="bbox 794 2560 1493 2726">
     <span class='ocr_line' id='line_1_59' title="bbox 840 2560 1493 2600; baseline 0.003 -11"><span class='ocrx_word' id='word_1_435' title='bbox 840 2561 876 2590; x_wconf 83' lang='lat'>13</span> <span class='ocrx_word' id='word_1_436' title='bbox 904 2560 998 2600; x_wconf 71' lang='lat' dir='ltr'>Quid</span> <span class='ocrx_word' id='word_1_437' title='bbox 1021 2562 1126 2598; x_wconf 76' lang='lat' dir='ltr'>ergo?</span> <span class='ocrx_word' id='word_1_438' title='bbox 1153 2566 1305 2591; x_wconf 74' lang='lat' dir='ltr'>senatum</span> <span class='ocrx_word' id='word_1_439' title='bbox 1334 2562 1408 2600; x_wconf 57' lang='grc' dir='ltr'>δια]</span> <span class='ocrx_word' id='word_1_440' title='bbox 1440 2561 1493 2599; x_wconf 61' lang='grc' dir='ltr'>δίο,</span> 
     </span>
     <span class='ocr_line' id='line_1_60' title="bbox 795 2602 1492 2643; baseline 0.001 -12"><span class='ocrx_word' id='word_1_441' title='bbox 795 2606 883 2632; x_wconf 84' lang='lat' dir='ltr'>reete</span> <span class='ocrx_word' id='word_1_442' title='bbox 897 2602 1102 2642; x_wconf 83' lang='lat' dir='ltr'>interpunxit</span> <span class='ocrx_word' id='word_1_443' title='bbox 1118 2603 1265 2633; x_wconf 78' lang='lat' dir='ltr'>Graevius</span> <span class='ocrx_word' id='word_1_444' title='bbox 1288 2608 1361 2643; x_wconf 81' lang='lat' dir='ltr'>post</span> <span class='ocrx_word' id='word_1_445' title='bbox 1376 2604 1492 2634; x_wconf 86' lang='lat' dir='ltr'>Lamb.</span> 
     </span>
     <span class='ocr_line' id='line_1_61' title="bbox 794 2644 1493 2680; baseline 0.001 -6"><span class='ocrx_word' id='word_1_446' title='bbox 794 2648 828 2674; x_wconf 86' lang='lat' dir='ltr'>et</span> <span class='ocrx_word' id='word_1_447' title='bbox 844 2644 1035 2680; x_wconf 85' lang='lat' dir='ltr'>Patricium,</span> <span class='ocrx_word' id='word_1_448' title='bbox 1051 2645 1152 2675; x_wconf 82' lang='lat' dir='ltr'>etiam</span> <span class='ocrx_word' id='word_1_449' title='bbox 1175 2656 1192 2676; x_wconf 86' lang='lat' dir='ltr'>e</span> <span class='ocrx_word' id='word_1_450' title='bbox 1208 2645 1286 2676; x_wconf 84' lang='lat' dir='ltr'>Mss.</span> <span class='ocrx_word' id='word_1_451' title='bbox 1311 2645 1392 2677; x_wconf 70' lang='lat' dir='ltr'>Eud.</span> <span class='ocrx_word' id='word_1_452' title='bbox 1411 2651 1493 2676; x_wconf 76' lang='lat' dir='ltr'>vett.</span> 
     </span>
     <span class='ocr_line' id='line_1_62' title="bbox 794 2687 1069 2726; baseline 0.007 -11"><span class='ocrx_word' id='word_1_453' title='bbox 794 2687 874 2726; x_wconf 80' lang='lat' dir='ltr'>quid</span> <span class='ocrx_word' id='word_1_454' title='bbox 886 2697 954 2725; x_wconf 80' lang='lat' dir='ltr'>ego.</span> <span class='ocrx_word' id='word_1_455' title='bbox 972 2687 1069 2717; x_wconf 85' lang='lat' dir='ltr'>male.</span> 
     </span>
    </p>

    <p class='ocr_par' dir='ltr' id='par_1_15' title="bbox 795 2729 1492 2843">
     <span class='ocr_line' id='line_1_63' title="bbox 840 2729 1481 2768; baseline 0.005 -10"><span class='ocrx_word' id='word_1_456' title='bbox 840 2731 879 2758; x_wconf 77' lang='lat'>14</span> <span class='ocrx_word' id='word_1_457' title='bbox 912 2729 1055 2759; x_wconf 75' lang='lat' dir='ltr'>reditum</span> <span class='ocrx_word' id='word_1_458' title='bbox 1083 2729 1205 2759; x_wconf 68' lang='lat' dir='ltr'>consuli</span> <span class='ocrx_word' id='word_1_459' title='bbox 1236 2729 1366 2768; x_wconf 77' lang='lat' dir='ltr'>datum]</span> <span class='ocrx_word' id='word_1_460' title='bbox 1407 2730 1481 2761; x_wconf 82' lang='lat' dir='ltr'>Mih</span> 
     </span>
     <span class='ocr_line' id='line_1_64' title="bbox 795 2771 1492 2811; baseline 0.007 -12"><span class='ocrx_word' id='word_1_461' title='bbox 795 2780 922 2809; x_wconf 87' lang='lat' dir='ltr'>quoque</span> <span class='ocrx_word' id='word_1_462' title='bbox 945 2771 979 2800; x_wconf 90' lang='lat' dir='ltr'>in</span> <span class='ocrx_word' id='word_1_463' title='bbox 1003 2777 1148 2801; x_wconf 84' lang='lat' dir='ltr'>mentem</span> <span class='ocrx_word' id='word_1_464' title='bbox 1171 2772 1260 2801; x_wconf 76' lang='lat' dir='ltr'>venit</span> <span class='ocrx_word' id='word_1_465' title='bbox 1285 2772 1492 2811; x_wconf 73' lang='lat' dir='ltr'>mundatum,</span> 
     </span>
     <span class='ocr_line' id='line_1_65' title="bbox 795 2812 1026 2843; baseline -0.004 0"><span class='ocrx_word' id='word_1_466' title='bbox 795 2818 833 2843; x_wconf 89' lang='lat' dir='ltr'>ut</span> <span class='ocrx_word' id='word_1_467' title='bbox 850 2812 921 2843; x_wconf 85' lang='lat' dir='ltr'>aliis</span> <span class='ocrx_word' id='word_1_468' title='bbox 938 2818 1026 2843; x_wconf 81' lang='lat' dir='ltr'>ante.</span> 
     </span>
    </p>
   </div>
   <div class='ocr_carea' id='block_1_10' title="bbox 840 2853 1493 2898">
    <p class='ocr_par' dir='ltr' id='par_1_16' title="bbox 840 2853 1493 2898">
     <span class='ocr_line' id='line_1_66' title="bbox 840 2853 1493 2898; baseline 0.002 -11"><span class='ocrx_word' id='word_1_469' title='bbox 840 2853 1120 2895; x_wconf 62' lang='lat' dir='ltr'>ljjoedusfefire‘]</span> <span class='ocrx_word' id='word_1_470' title='bbox 1146 2854 1198 2889; x_wconf 73' lang='lat' dir='ltr'>Sic</span> <span class='ocrx_word' id='word_1_471' title='bbox 1214 2855 1292 2891; x_wconf 66' lang='lat' dir='ltr'>MSS.</span> <span class='ocrx_word' id='word_1_472' title='bbox 1308 2860 1342 2892; x_wconf 79' lang='lat' dir='ltr'>et</span> <span class='ocrx_word' id='word_1_473' title='bbox 1355 2856 1428 2890; x_wconf 83' lang='lat' dir='ltr'>edd.</span> <span class='ocrx_word' id='word_1_474' title='bbox 1444 2867 1493 2898; x_wconf 86' lang='lat' dir='ltr'>pr.</span> 
     </span>
    </p>
   </div>
  </div>
 </body>
</html>
