1769 3174
213 81 311 117 1084
799 79 1058 119 ORATIO

210 181 311 222 huic
344 181 483 223 ordini
517 190 652 235 esset3
689 183 917 239 sapientes,
950 199 1002 226 ac
1034 183 1168 226 divini
1202 183 1359 225 fuistis.
1421 183 1649 225 Neminem

210 253 413 302 umquam
447 248 511 280 est
540 239 611 281 hie
644 241 749 282 ordo
785 242 1036 298 complexus
1075 241 1309 283 honoribus
1346 250 1389 282 et
1427 240 1649 282 beneficiis

212 310 313 345 suis,
337 295 410 351 qui
435 295 502 337 ull·
495 311 560 338 ·un
582 297 839 353 dignitatem
868 298 1218 354 praestabiliorem
1242 313 1305 348 ea,
1326 311 1453 354 quain
1479 312 1551 352 per
1575 312 1648 338 vos

212 363 322 392 esset
345 353 540 417 adeptus,
564 355 736 410 put-trit.
769 369 894 396 nemo
926 370 1128 410 umquam
1163 355 1231 396 hic
1258 355 1400 411 potuit
1421 369 1512 394 esse
1534 355 1649 409 prin-

211 423 327 465 ceps,
369 411 441 465 qui
482 411 678 452 maluerit
718 426 810 452 esse
852 412 1082 476 popularis.
1155 412 1238 453 Sed
1290 412 1483 452 homines
1522 412 1650 452 6³aut

210 477 387 522 propter
417 467 671 523 dignitatem
704 484 823 509 suain
854 468 982 510 diffisi
1016 469 1096 525 ipsi
1128 469 1224 517 sibi,
1247 479 1321 509 aut
1351 476 1525 525 propter
1556 467 1651 508 reli-

210 538 391 578 quoium
415 525 788 574 obtrectationem,
812 526 864 566 ab
889 524 1018 580 hujus
1049 525 1209 566 ordinis
1241 525 1547 578 conjunctione
1578 524 1651 564 de-

209 580 334 636 pulsi,
357 596 471 636 saepe
491 596 544 622 ex
570 581 652 622 hoc
676 593 800 636 portu
824 596 866 621 se
889 596 930 621 ln
956 582 1047 622 illos
1072 582 1225 622 fluctus
1252 596 1384 637 prope
1411 582 1646 622 necessario

209 637 496 678 contuleiunt.
528 638 599 692 qui
627 638 658 678 si
692 652 743 679 ex
779 637 848 679 illa
871 639 1112 692 jactatione
1142 638 1406 693 G⁴cur‘suque
1437 638 1647 693 populari,

210 694 317 734 bene
341 704 461 750 gesta
490 695 722 750 republica,
746 694 934 735 referunt
964 695 1212 750 adspectum
1245 710 1287 735 in
1320 709 1496 744 curiam,
1518 704 1646 749 atque

209 728 365 792 65huic
386 751 659 807 amplissima:
692 752 891 808 ‹lionitati
925 752 1213 793 commendati
1238 766 1329 792 esse
1354 752 1524 792 vzolunt
1559 766 1642 792 non

145 825 196 860 39
211 809 337 848 modo
362 823 444 849 non
468 808 696 864 re1ie1'e11di
721 817 833 858 suut,
858 822 1000 849 κει-ιω]
1025 810 1153 850 etiam
1181 808 1427 864 expetendi,
1490 807 1649 849 Mone-

209 878 302 904 mur
324 880 348 905 a
370 864 602 906 fortissimo
629 866 732 915 viro,
755 876 883 920 atque
901 865 1066 920 optimo
1099 875 1196 929 post
1228 866 1449 906 hominum
1484 879 1644 906 memo-

207 922 311 961 riam
335 922 572 972 66co11sule,
597 932 642 962 ut
665 922 1050 977 p1ffloxidea1nus‚ne
1072 922 1245 964 cite-rim
1270 924 1322 964 G·
1315 922 1411 962 allia
1433 922 1588 962 nobis
1579 937 1643 963 in-

207 978 305 1018 vitis
338 978 462 1020 alicui
497 980 893 1034 deee111atu13post
925 994 998 1019 cos
1029 994 1175 1020 consu
1166 979 1237 1030 les»,
1268 980 1341 1035 qui
1378 993 1490 1020 nunc
1520 989 1644 1020 erunt

204 1034 441 1090 designati:
476 1046 767 1092 perpetuoque
802 1035 981 1091 posthac
1014 1036 1067 1076 ab
1099 1037 1164 1085 iis,
1194 1037 1266 1091 qui
1302 1036 1415 1077 hunc
1448 1036 1642 1077 oidinetn

203 1103 473 1148 oppugnent,
496 1093 690 1149 populaii
713 1108 763 1134 ac
787 1092 1032 1133 tuibulcnta
1053 1094 1216 1134 tatione
1239 1104 1346 1134 tene·
1339 1104 1446 1133 ttur.
1499 1093 1641 1139 Quam

203 1163 286 1204 ego
311 1150 479 1213 plemam
501 1150 539 1184 67
550 1150 628 1191 etsi
652 1165 737 1190 non
759 1160 1005 1214 contemno,
1028 1160 1168 1205 patres
1190 1150 1438 1205 conscripti,
1464 1165 1640 1205 praeser-

206 1206 281 1246 tim
314 1207 502 1247 monitus
534 1221 558 1247 a
589 1207 753 1262 sapien
741 1207 902 1247 :issimo
925 1207 1113 1258 consule,
1135 1217 1178 1248 et
1207 1207 1536 1263 diligentissimo
1567 1222 1641 1248 cu-

205 1263 326 1304 stode
360 1264 475 1319 pacis
508 1273 550 1304 et
580 1265 672 1314 otii,
704 1273 846 1304 t·1men
880 1263 1176 1305 vehementius
1203 1265 1386 1305 arbitror
1418 1264 1638 1319 pertimes-

204 1321 402 1371 cendum,
422 1335 454 1361 s1
479 1320 703 1361 hominum
725 1320 1055 1362 clarissimorum
1076 1336 1126 1362 ac
1151 1321 1544 1377 potentissimorum
1567 1331 1640 1362 aut

204 1376 412 1418 honorem
446 1378 654 1428 minuero,
686 1388 760 1418 aut
791 1377 979 1419 studium
1012 1393 1114 1434 erga
1145 1379 1259 1419 hunc
1292 1378 1485 1419 ordinem
1516 1392 1640 1434 repu-

204 1434 339 1475 diaro.
373 1449 472 1475 nam
505 1446 552 1475 ut
586 1434 637 1475 C.
669 1433 810 1477 Julius
848 1413 1086 1477 omnibus<³
1086 1451 1111 1476 a
1151 1444 1298 1476 senatu
1331 1434 1556 1476 68eximiis
1589 1451 1639 1478 ac

203 1491 326 1532 novis
350 1491 473 1532 rebus
495 1501 684 1542 ornatus,
709 1506 782 1547 per
804 1506 954 1532 manus
977 1491 1087 1534 hanc
1118 1492 1384 1556 provinciam
1415 1491 1555 1533 tradat
1584 1493 1637 1544 ei,

201 1548 271 1588 cui
295 1549 471 1589 minime
494 1564 568 1590 vos
592 1549 758 1591 velitis:
791 1549 831 1584 69
845 1563 919 1604 per
940 1563 1067 1604 quem
1089 1550 1283 1591 ordinem
1314 1563 1405 1605 lpse
1427 1549 1636 1604 amplissi—

201 1619 315 1646 mam
347 1605 402 1646 sit
433 1604 612 1661 gloriam
643 1616 915 1658 consecutus,
944 1607 981 1646 ei
1015 1621 1067 1647 ne
1096 1607 1338 1648 libertatem
1368 1605 1540 1660 quidem
1572 1621 1636 1647 re-

200 1661 380 1717 linquat,
403 1663 557 1704 adduci
578 1663 631 1704 ad
656 1663 959 1727 suspicandum
981 1663 1096 1705 nullo
1119 1664 1246 1705 modo
1270 1677 1457 1720 possum.
1511 1662 1634 1704 Post-

200 1733 333 1770 temo,
355 1735 440 1774 quo
463 1720 643 1775 quisque
666 1721 810 1761 animo
841 1719 1009 1761 futurus
1031 1721 1099 1771 sit,
1125 1721 1293 1762 nescio:
1327 1719 1429 1775 quid
1453 1734 1633 1775 sperem,

155 1792 186 1822 b
203 1776 341 1817 video.
373 1787 574 1833 praestare
610 1776 693 1818 hoc
728 1785 898 1818 senator
931 1777 1082 1828 debeo,
1113 1787 1322 1833 quantum
1355 1791 1544 1832 possum,
1581 1792 1633 1818 ne

200 1834 295 1887 quis
318 1833 381 1874 vir
403 1833 553 1885 clarus,
576 1843 652 1878 aut
673 1844 840 1897 potens,
862 1833 964 1875 huic
985 1834 1124 1876 ordini
1149 1835 1248 1891 jure
1272 1835 1393 1875 irasm
1428 1848 1550 1888 posse
1572 1835 1634 1876 vi-

136 1891 365 1935 4odeatur.
427 1890 572 1946 Atque
612 1881 711 1942 hoc,
753 1906 787 1932 5ι
827 1891 1146 1932 inimicissimus
1189 1906 1324 1933 essem
1368 1889 1633 1944 C.Caesa1i,

201 1947 400 1988 sentirem
425 1956 567 1989 tamen
591 1947 838 2004 reipublicae
859 1962 1000 1989 causa.

121 2009 185 2062 17
256 2004 337 2046 Sed
371 2019 456 2045 non
487 2005 673 2046 alienum
705 2019 796 2046 esse
826 2004 1023 2056 arbitror,
1046 2019 1130 2061 quo
1163 2005 1303 2046 minus
1333 2018 1447 2060 saepe
1473 2015 1547 2046 aut
1568 2005 1633 2047 in-

237 2133 276 2164 63
292 2139 351 2164 aue
361 2140 495 2174 propter
507 2135 704 2173 dignitatem
717 2144 813 2165 suam
826 2132 892 2174 dns·
976 2135 1016 2168 67
1045 2136 1104 2165 etsi
1135 2144 1199 2165 non
1231 2134 1409 2174 contemno]
1443 2134 1631 2175 Opponitur

182 2175 245 2216 fisi
260 2177 282 2205 τ’.
296 2186 321 2206 s.
324 2176 337 2216 ]
357 2177 530 2225 Quomodo
545 2183 679 2217 propter
693 2177 891 2216 dignitatem
935 2177 1032 2208 verbo
1049 2178 1290 2217 pertimescere,
1304 2183 1430 2216 estque,
1443 2176 1547 2207 levem
1572 2188 1630 2218 pu-

193 2226 284 2247 suam
311 2219 370 2248 sibi
395 2220 463 2258 quis
489 2220 556 2260 ipse
581 2219 725 2250 diffidere
753 2219 889 2260 potest?
934 2223 971 2249 to
991 2224 1024 2250 et
1040 2228 1105 2249 non
1118 2219 1309 2250 timendam.
1325 2229 1355 2250 v.
1372 2219 1462 2251 Clav.

192 2259 245 2289 An
266 2261 517 2299 imlignitatem.
515 2262 527 2284 7
550 2261 605 2292 sed
632 2266 666 2291 et
691 2262 752 2292 hoc
779 2261 890 2301 paullo
973 2261 1014 2292 68
1037 2262 1163 2291 eximiis
1178 2271 1219 2291 ac
1238 2263 1328 2291 novis
1348 2260 1459 2300 rebus]
1486 2260 1627 2291 Restitui

193 2301 305 2332 dmius
319 2309 380 2333 est.
932 2313 973 2334 ac
987 2314 1026 2334 ex
1049 2303 1120 2334 edd.
1136 2313 1185 2343 pr.
1229 2303 1390 2334 Gruterus
1413 2302 1497 2333 male
1512 2313 1529 2333 e
1546 2303 1625 2333 Mss.

234 2344 275 2375 64
296 2355 356 2374 cur
356 2354 455 2384 suque
466 2344 552 2384 pop]
576 2344 680 2375 Cursu
694 2344 734 2375 ad
747 2343 888 2375 honores
931 2344 1056 2375 duobus
1072 2351 1130 2375 αιιι
1145 2344 1262 2376 edidit:
1289 2355 1365 2376 nam
1384 2354 1451 2375 non
1466 2345 1628 2375 diversum

191 2395 250 2425 per
264 2397 377 2417 auram
398 2387 609 2427 popularem:
635 2387 694 2417 nisi
711 2387 888 2426 legendum
931 2387 1008 2426 quid
1029 2392 1079 2417 est
1102 2388 1137 2417 in
1159 2387 1263 2424 novis,
1278 2388 1334 2418 sed
1355 2387 1439 2426 quod
1463 2392 1561 2426 auget
1584 2387 1629 2423 id.

180 2426 378 2469 fluctuque:
401 2438 477 2459 nam
492 2433 526 2459 et
541 2437 617 2459 ante
630 2429 760 2470 fluctus
773 2428 888 2460 dicun·
930 2429 1016 2468 quod
1029 2433 1077 2459 est
1095 2429 1130 2458 in
1152 2430 1288 2459 erimiis.
1332 2430 1412 2460 Mox
1429 2439 1491 2468 per
1513 2438 1630 2459 manm

189 2476 257 2500 tur.
932 2470 1012 2501 mihi
1034 2477 1218 2511 suspectum
1246 2477 1306 2501 est.
1330 2481 1406 2502 nam
1427 2480 1488 2510 per
1512 2481 1630 2501 manue

231 2512 272 2542 65
295 2513 370 2542 huic
393 2513 601 2553 amplissimae
623 2512 780 2550 dignitati
805 2522 889 2543 com·
931 2513 1099 2543 tradition
1122 2512 1252 2549 dicitur,
1272 2513 1357 2552 quod
1379 2514 1419 2544 ab
1442 2523 1508 2543 uno
1523 2514 1626 2549 venit,

189 2554 335 2584 mendaci
349 2564 376 2584 e.
392 2553 439 2594 zu]
464 2564 507 2584 sc.
531 2555 573 2590 ei,
597 2564 694 2593 quam
718 2564 775 2595 per
796 2564 889 2585 sena·
931 2555 987 2585 sed
1014 2554 1099 2594 quod
1127 2565 1146 2585 a
1175 2554 1321 2594 pluribus
1348 2555 1498 2595 deinceps
1523 2556 1626 2592 venit,

189 2601 263 2626 tuin
278 2598 431 2635 consequi
456 2602 603 2636 possunt,
618 2606 714 2635 quam
737 2600 814 2627 ante
836 2596 883 2627 di·
927 2606 994 2626 non
1008 2597 1191 2637 interrupta
1209 2598 1289 2627 serie
1306 2610 1314 2627 ;
1338 2598 1423 2636 quod
1437 2598 1477 2627 ab
1492 2597 1523 2627 h.
1540 2596 1560 2627 l.
1576 2602 1628 2628 est

188 2643 282 2668 xerat
293 2647 362 2668 esse
377 2648 551 2668 summam.
925 2638 1082 2669 alienum.
1106 2639 1139 2668 Si
1156 2644 1204 2668 est
1217 2649 1236 2668 a
1252 2641 1422 2676 Cicerone,
1438 2639 1626 2679 intelligen-

230 2680 272 2710 66
293 2680 433 2719 consule]
453 2680 489 2710 L.
507 2679 668 2719 Philippo,
685 2680 738 2718 qui
763 2679 884 2711 retule-
925 2679 1002 2710 dum
1025 2686 1074 2711 est
1089 2681 1127 2711 de
1142 2689 1242 2712 manu
1258 2683 1292 2711 in
1309 2691 1458 2718 manum,
1477 2687 1515 2712 ut
1532 2680 1626 2712 video

188 2727 240 2752 rat
254 2722 294 2752 ad
308 2728 473 2759 senatum,
488 2722 539 2752 vel
555 2722 615 2752 Cn.
630 2721 783 2752 Cornelio
798 2721 883 2753 Len-
927 2723 1041 2763 accipi.

185 2763 269 2794 tulo.
298 2764 496 2794 dissentiunt
523 2764 610 2793 enim
637 2764 695 2793 xiri
724 2763 825 2802 docti,
848 2772 881 2796 et
967 2766 1008 2798 69
1025 2774 1088 2805 per
1109 2773 1203 2804 quem
1225 2764 1307 2805 ord]
1327 2766 1520 2797 Addenduui
1537 2765 1623 2797 vide—-

183 2806 374 2847 conjectura
387 2806 484 2838 modo
499 2805 552 2839 hic
568 2805 679 2836 locum
697 2805 806 2838 habet.
924 2811 980 2837 tur
994 2811 1034 2838 et.
