1817 3169
284 84 382 119 1140
858 85 894 122 Ο
905 83 988 124 RA
999 86 1033 123 T
1048 85 1066 123 I
1082 87 1117 123 O

281 184 369 235 dio,
391 184 463 226 sed
486 185 602 227 nullo
632 186 794 229 ferente
824 189 1074 245 suffragium
1107 189 1256 240 libero,
1286 189 1506 245 provincia
1529 187 1608 230 tibi
1630 186 1712 228 ista

283 243 599 297 manupretium
621 243 749 285 fuerit
769 245 810 280 96
824 261 908 287 non
939 261 1096 288 eversae
1128 261 1202 302 per
1229 256 1284 296 te,
1307 246 1375 287 sed
1404 246 1578 302 perditae
1604 244 1711 285 civi-

284 299 410 351 tatis3
440 314 624 355 cumque
653 302 845 344 omnium
877 313 1046 344 tuorum
1074 303 1278 344 scelerum
1298 302 1393 345 haec
1419 303 1562 359 pactio
1577 300 1711 342 exsti-

171 370 204 403 p.
219 364 272 395 92.
285 355 397 406 terit,
421 365 481 407 ut,
503 358 537 397 si
559 368 602 398 tu
629 367 761 399 totam
785 361 1090 415 rempublicam
1122 360 1293 401 nefariis
1324 361 1558 401 latronibus
1582 357 1713 399 tradi-

242 412 429 462 adisses,
455 413 713 456 Macedonia
731 416 808 457 tibi
832 418 888 457 ob
910 432 1002 458 eam
1026 432 1126 467 rem,
1145 417 1300 471 quibus
1323 427 1365 458 tu
1391 417 1547 457 finibus
1570 415 1712 464 velles,

282 473 321 504 97
337 470 603 514 redderetur:
636 487 734 513 cum
756 473 1038 514 exhauriebas
1062 475 1282 514 aerarium:
1305 488 1403 514 cum
1418 475 1600 514 orbabas
1626 471 1713 512 Ita-

282 525 650 582 liamjuventute:
683 543 780 570 cum
802 543 918 570 mare
939 530 1225 571 vastissimum
1250 529 1388 570 hieme
1411 531 1641 570 transibas:
1677 526 1712 566 si

283 583 549 640 triumphum
581 586 900 637 contemnebas,
922 601 1018 640 quae
1049 597 1104 637 te,
1128 587 1272 642 praedo
1304 587 1607 634 amentissime,
1628 583 1711 625 nisi

222 648 272 682 58
287 641 441 696 praedae
463 656 513 682 ac
535 642 777 697 rapinarum
800 643 1012 699 cupiditas
1036 652 1121 684 tam
1143 658 1259 684 eaeca
1277 644 1495 698 rapiebat?
1529 643 1628 683 Non
1646 650 1712 680 est

282 698 496 753 integrum
521 698 602 740 Cn.
628 698 852 754 Pompeio,
873 700 1053 741 consilio
1075 701 1168 755 jain
1199 700 1256 740 uti
1294 711 1381 740 tuo.
1404 699 1558 740 erravit
1580 697 1711 738 enim.

281 769 366 795 non
390 765 581 810 gustarat
599 755 720 796 istam
737 766 851 797 tuam
872 756 1201 812 philosophiam.
1217 766 1279 798 ter
1294 757 1386 811 jain
1411 756 1540 797 homo
1559 754 1712 795 stultus

282 811 577 867 triumphavit.
638 812 802 862 Crasse,
826 813 957 868 pudet
986 829 1055 855 me
1079 815 1154 855 tui.
1177 814 1280 868 quid
1302 825 1379 864 est,
1404 812 1534 868 quod,
1555 815 1595 847 93
1609 824 1713 852 con-

281 868 395 908 fecto
419 882 493 924 per
515 877 556 909 te
578 868 976 911 formidolosissimo
999 871 1124 922 bello,
1146 885 1346 912 coronam
1382 871 1492 911 illam
1526 869 1713 910 lauream

281 925 359 965 tibi
385 935 606 979 tantopere
627 926 795 967 decerni
821 927 1002 968 volueris
1023 943 1048 968 a
1066 938 1210 969 senatu
1229 930 1241 969 ?
1276 928 1324 968 P.
1348 926 1513 977 Servili,
1535 927 1591 972 Q.
1614 924 1712 965 Me-

281 981 389 1031 telle,
415 982 465 1022 C.
490 981 637 1033 Curio,
663 983 712 1024 P.
735 982 952 1034 Africam,
974 999 1048 1025 cur
1078 1000 1163 1026 non
1195 985 1308 1026 hunc
1330 984 1507 1025 audistis
1531 994 1616 1024 tam
1636 982 1713 1022 do-

279 1049 394 1079 ctum
428 1039 660 1090 hominem,
684 1050 771 1081 tam
802 1041 1030 1091 eruditum,
1051 1042 1181 1097 prius,
1204 1056 1330 1097 quam
1363 1043 1404 1081 in
1438 1041 1565 1081 istum
1597 1053 1712 1080 erro-

280 1110 368 1136 rem
391 1095 725 1139 induceremini?
754 1102 795 1132 99
811 1097 861 1139 C.
887 1098 966 1154 ipsi
994 1098 1212 1149 Pontinio,
1234 1099 1470 1139 necessario
1496 1111 1603 1147 meo,
1617 1096 1712 1151 jam

281 1167 365 1192 non
404 1164 468 1192 est
498 1153 727 1207 integrum.
761 1155 1039 1208 religionibus
1073 1156 1184 1196 enim
1220 1155 1426 1210 susceptis
1465 1154 1711 1209 impeditur.

281 1209 363 1250 *O
394 1209 546 1250 stultos
579 1210 796 1262 Camillos,
827 1208 995 1263 Curios,
1030 1212 1262 1262 Fabricios,
1287 1212 1521 1261 Calatinos,
1544 1209 1712 1265 Scipio-

282 1281 371 1316 nes,
405 1265 647 1317 Marcellos,
672 1268 916 1311 Maximos!
950 1285 975 1309 o
1006 1281 1218 1310 amentem
1253 1269 1471 1310 Paullum!
1507 1268 1712 1308 rusticum

285 1323 499 1365 Marium!
533 1324 686 1365 nullius
721 1325 886 1366 consilii
917 1329 972 1356 ¹00
988 1337 1125 1382 patres
1158 1326 1307 1367 horum
1346 1326 1568 1366 amborum
1611 1338 1714 1364 con-

201 1372 271 1421 25
286 1380 437 1431 sulum,
459 1381 531 1435 qui
565 1382 904 1437 triumpharunt!
938 1383 1036 1434 Sed,
1067 1384 1268 1439 quoniam
1304 1383 1519 1439 praeterita
1547 1389 1714 1421 mutare

222 1446 271 1480 59
286 1451 368 1478 non
394 1453 631 1493 possumus,
652 1439 754 1494 quid
777 1449 913 1481 cessat
934 1440 1004 1482 hic
1037 1441 1262 1491 homullus,
1285 1456 1337 1481 ex
1370 1438 1519 1496 argilla
1548 1447 1591 1479 et
1621 1437 1713 1478 luto

283 1494 408 1536 fictus
442 1494 690 1550 Epicureus,
726 1497 824 1537 dare
850 1498 973 1538 lhaec
1009 1498 1212 1553 praeclara
1244 1509 1460 1553 praecepta
1490 1494 1711 1551 sapientiae

280 1551 514 1593 clarissimo
551 1564 595 1593 et
636 1568 802 1594 summo
844 1554 1105 1609 imperatori,
1139 1569 1295 1610 genero
1332 1557 1436 1595 suo?
1469 1552 1600 1593 fertur
1642 1550 1712 1592 ille

281 1610 358 1660 vir,
389 1608 492 1649 mibi
525 1610 663 1659 crede,
699 1611 856 1665 gloria:
899 1612 1065 1667 flagrat,
1099 1613 1217 1652 ardet
1255 1611 1491 1667 cupiditate
1526 1608 1633 1665 justi
1667 1617 1712 1649 et

277 1665 424 1721 magni
457 1666 677 1723 triumphi.
712 1682 795 1708 non
831 1668 983 1710 didicit
1012 1670 1160 1710 eadem
1192 1669 1285 1718 ista,
1308 1683 1403 1723 quae
1428 1678 1490 1709 tu.
1513 1668 1634 1707 mitte
1656 1665 1709 1706 ad

278 1737 376 1763 euin
400 1722 602 1764 libellum.
630 1724 699 1765 sed
716 1725 824 1778 jam,
847 1725 880 1766 si
905 1725 993 1780 ipse
1015 1741 1159 1767 coram
1191 1725 1393 1782 congredi
1428 1726 1600 1780 poteris,
1623 1737 1712 1764 me·

277 1779 429 1830 ditare,
458 1781 612 1834 quibus
650 1782 789 1822 verbis
821 1783 1038 1823 incensam
1070 1782 1180 1823 illius
1210 1783 1491 1838 cupiditatem
1524 1781 1711 1836 compri-

278 1851 369 1877 mas
401 1847 529 1892 atque
567 1838 818 1894 restinguas
853 1840 1009 1881 valebis
1048 1840 1161 1895 apud
1198 1839 1415 1880 homiuem
1460 1839 1713 1879 volitantem

279 1893 427 1948 gloriae
470 1894 720 1949 cupiditate,
755 1897 818 1937 vir
848 1897 1089 1938 moderatus
1120 1907 1164 1937 et
1193 1907 1407 1947 constans,
1438 1896 1551 1951 apud
1590 1895 1712 1936 indo-

278 1960 398 1992 ctum
419 1952 623 2003 eruditus,
645 1952 757 2008 apud
780 1967 999 2009 generum,
1023 1968 1156 1996 socer.
1175 1954 1289 1995 dices
1314 1954 1444 2005 enim,
1468 1965 1513 1994 ut
1534 1967 1577 1993 es
1601 1952 1712 1994 2ὴο-

322 2108 363 2140 96
387 2117 448 2138 non
463 2117 578 2138 eversa·
586 2118 649 2149 per
662 2113 704 2146 te,
718 2110 775 2139 sed
783 2111 917 2149 perclitoe
932 2111 972 2151 c.]

1019 2121 1092 2142 cero
1107 2110 1349 2142 demonstrabat
1363 2111 1477 2152 digito.

280 2148 373 2180 Inter
387 2159 502 2180 eversae
515 2157 549 2181 et
562 2152 700 2190 perdito:
725 2152 804 2182 niliil
828 2153 973 2183 interest.

1067 2157 1123 2185 100
1141 2159 1254 2193 patres
1284 2156 1418 2185 istorum
1445 2165 1476 2184 a.
1498 2153 1540 2193 c.]
1570 2153 1712 2184 Istorum

281 2190 390 2231 itaque
408 2191 550 2222 Paternus
570 2194 749 2233 corrigebat
773 2205 933 2234 eversaep.
952 2201 976 2226 t.

280 2238 312 2263 ct
330 2234 424 2273 perd.
467 2234 639 2265 Turnebus
664 2246 724 2266 mm
747 2247 794 2267 εν.
811 2246 848 2275 p.
875 2242 898 2267 t.
921 2239 978 2267 sed

276 2276 423 2315 proditoe.
441 2276 520 2305 illud
536 2277 660 2307 melius.
676 2288 750 2308 uani
760 2279 896 2317 prodere
909 2290 974 2310 non

281 2323 331 2348 est
347 2318 418 2357 plus
435 2328 529 2356 quau·
547 2324 697 2349 evertere.

323 2363 362 2394 97
385 2360 589 2400 redderetur]
616 2361 781 2399 Exquisite
805 2372 863 2401 pro
886 2363 976 2393 dare-

281 2407 350 2438 tur,
378 2402 572 2437 traderetur,
599 2403 683 2441 quod
712 2405 823 2443 reponi
847 2404 976 2435 volebat

283 2442 439 2481 FaErnus,
471 2454 616 2483 recepere
645 2445 759 2475 Lamb.
798 2446 872 2477 ΑΜ.
899 2448 974 2485 jun.

283 2486 361 2524 quia
407 2486 546 2516 dabatur
584 2488 810 2517 remunerandi
851 2499 973 2519 caussa.

283 2528 414 2558 Centies
429 2528 474 2558 sic
488 2528 621 2558 reddere
636 2529 763 2558 dicitur.

324 2572 363 2603 98
386 2569 526 2609 confecto
544 2580 605 2610 per
625 2571 717 2610 tesi]
757 2571 871 2602 Addidi
900 2583 974 2603 curn

282 2611 412 2641 Groevio
424 2622 483 2652 per
497 2617 527 2642 ce
541 2623 559 2642 e
581 2613 663 2643 Mss.
691 2613 756 2644 Erf.
772 2614 857 2644 Pith.
875 2615 920 2644 sic
942 2621 975 2645 et

283 2653 437 2684 Faernus.

323 2699 365 2729 99
391 2696 424 2726 C.
446 2697 506 2734 ipsi
530 2695 698 2736 Pontinio]
738 2698 787 2727 De
815 2699 976 2738 scriptura

283 2737 424 2768 nominis
447 2748 476 2768 v.
497 2739 587 2769 Clav.
632 2739 694 2769 Sed
717 2739 792 2778 quid
816 2747 865 2770 est
889 2742 948 2780 ipsi
959 2742 976 2771 J

282 2788 359 2809 nane
381 2779 526 2810 alienum
548 2786 609 2811 est.
654 2782 865 2812 Scribendum
890 2783 975 2814 vide-

282 2825 338 2852 tui·
350 2822 414 2852 mi.
429 2828 499 2853 erat
522 2822 578 2853 ille
595 2832 749 2863 praesenS‚
761 2834 899 2864 eumque
923 2826 976 2856 Ci-

1020 2206 1188 2235 possumus
1204 2197 1248 2226 sic
1271 2197 1465 2235 intelligere,
1482 2201 1519 2225 ut
1542 2197 1574 2226 iu
1599 2197 1712 2226 Ponti-

1019 2238 1083 2268 nio.
1108 2238 1161 2268 sed
1184 2241 1298 2269 norum
1316 2239 1436 2269 habent
1453 2238 1613 2277 pleraeque
1636 2238 1710 2271 edd.

1020 2290 1068 2319 pr.
1093 2281 1187 2319 idque
1214 2280 1314 2310 edidit
1341 2281 1504 2310 Graevius:
1529 2291 1625 2319 quem
1653 2290 1712 2311 non

1017 2323 1118 2352 secuti
1134 2332 1256 2352 sumus.
1299 2323 1360 2352 Sed
1375 2333 1447 2352 mox
1461 2323 1515 2361 qui
1528 2323 1713 2362 triumpha-

1019 2370 1099 2393 runt
1135 2365 1226 2394 nobis
1253 2370 1439 2404 suspectum
1468 2369 1518 2394 est
1547 2375 1605 2405 pro
1633 2370 1713 2395 nota

1019 2405 1218 2444 glossatoris.

1058 2451 1067 2477 l
1087 2450 1152 2477 Izoec
1160 2449 1322 2487 praeclara
1332 2458 1388 2487 pr.
1401 2449 1440 2488 s.]
1458 2448 1508 2478 An
1519 2448 1713 2488 pra-clarae?

1018 2489 1105 2520 favet
1120 2490 1216 2519 lectio
1231 2490 1309 2521 Mss.
1326 2491 1527 2529 quorundam
1538 2495 1680 2530 ματαία.

1062 2535 1080 2561 ‘2
1093 2531 1332 2570 homo-theetns,
1346 2533 1391 2562 ael
1399 2543 1509 2571 pers-u.
1523 2534 1711 2573 concinnus]

1018 2574 1072 2603 Ad
1080 2574 1342 2612 persuadendum
1354 2584 1454 2613 neque
1466 2575 1713 2613 verbosae-etus,

1019 2625 1121 2654 neque
1150 2617 1324 2645 com-imnis
1349 2617 1514 2646 com-enit.
1537 2627 1613 2648 nam
1643 2617 1712 2648 haec

1017 2663 1095 2687 sunt
1123 2658 1162 2687 ad
1187 2657 1426 2689 delectandum.
1484 2659 1598 2698 ltaque
1627 2666 1715 2690 recte

1018 2706 1098 2739 puto
1115 2701 1198 2729 viros
1214 2702 1368 2738 quosdam
1387 2701 1500 2731 doctos
1524 2701 1711 2737 correxisse,

1019 2741 1242 2780 lmmofczctus
1277 2743 1322 2772 ad
1341 2744 1618 2782 persuadendum,
1641 2753 1715 2773 cora-

1018 2786 1132 2814 cirinus
1148 2786 1204 2815 &o
