1769 3174
440 84 516 122 DE
542 83 895 124 HARUSPICUM
923 84 1219 123 RESPONSIS.
1453 88 1532 128 917

81 187 204 229 venirn
226 194 368 244 potest
387 187 589 243 cuiquam
620 188 730 230 male
752 188 806 229 de
827 187 1049 244 republica
1079 187 1269 228 merendi
1287 186 1408 241 justa
1437 202 1531 229 esse

91 247 255 294 causa,)
278 245 419 301 gravis
453 254 612 295 tamen,
634 254 678 285 et
708 260 808 287 cum
839 245 985 300 aliquo
1007 245 1155 295 animi,
1175 255 1217 285 et
1240 244 1349 284 virili
1382 245 1530 286 dolore

90 302 339 357 conjuncta.
403 301 453 343 P.
478 301 657 343 Clodius
693 318 718 343 a
749 312 938 353 crocota,
960 317 985 342 a
1015 302 1157 352 mitra,
1189 316 1214 342 a
1248 300 1529 342 muliebribus

92 359 233 409 soleis,
267 359 575 414 purpureisque
605 358 809 410 fasciolis,
846 375 871 401 a
906 358 1117 414 strophio,
1146 361 1226 398 90a
1258 357 1473 412 psalterio,
1505 374 1531 399 a

91 416 276 471 flagitio,
316 431 341 456 a
376 427 540 472 stupro,
580 425 647 456 est
688 415 828 457 factus
866 427 1043 472 repente
1080 414 1318 478 popularis.-
1375 415 1529 455 91Νι5ι

91 487 190 513 cum
233 472 430 514 mulieres
462 482 719 514 exornatum
753 474 813 514 ita
843 473 1245 529 deprehendissent:
1278 471 1360 512 nisi
1391 485 1445 511 ex
1477 486 1530 513 eo

88 529 201 580 loco,
224 544 310 585 quo
327 544 426 570 eum
448 530 566 571 adire
585 530 647 571 fas
671 545 757 571 non
770 540 875 582 erat,
894 529 1148 571 ancillarum
1169 528 1379 569 beneficio
1402 528 1529 568 emis-

92 601 161 627 sus
193 595 326 628 esset:
359 587 555 643 populari
588 587 763 628 homine
797 588 979 644 populus
1022 587 1260 635 Romanus,
1285 585 1529 642 respublica

91 643 187 685 cive
209 643 283 684 tali
304 653 482 685 careret.
547 644 674 686 Hanc
692 646 749 686 ob
772 645 1020 695 amentiam,
1044 645 1087 684 in
1109 643 1336 685 discordiis
1353 643 1526 694 nostris,

94 700 148 742 (le
176 701 333 756 quibus
364 701 483 758 ipsis,
504 701 571 742 his
597 702 806 758 prodigiis
838 701 1097 753 recentibus,
1119 716 1145 742 a
1169 700 1251 741 diis
1274 699 1528 740 immortali-

93 758 172 798 bus
195 758 490 809 admonemur,
511 762 759 816 92arreptus
795 768 860 800 est
893 773 1003 799 unus
1025 773 1079 800 ex
1111 757 1319 822 patriciis,
1351 757 1421 797 cui
1453 757 1528 797 tri-

91 815 208 856 buno
231 814 368 871 plebis
391 815 480 856 fieri
505 817 630 870 [non]
654 817 815 858 liceret.
876 816 1004 863 Quod
1025 829 1138 857 anno
1158 823 1257 856 ante
1280 814 1410 855 frater
1429 813 1527 854 Me·
1540 816 1589 851 15

93 871 232 922 tellus,
253 881 297 912 et
318 886 498 914 concors
520 873 650 914 etiam
683 882 774 914 tuin
807 884 994 924 senatus,
1016 876 1055 907 93
1071 872 1266 929 principe
1289 871 1372 912 Cn.
1397 871 1528 912 Pom-

93 929 193 986 peio
225 930 480 971 sententiam
514 930 700 981 dicente,
721 931 980 981 excluseiQat
1003 930 1294 984 acerrimeque
1318 943 1402 969 una
1423 943 1531 970 voce

90 1001 142 1028 ac
165 995 308 1028 mente
330 987 497 1028 lestitcr
500 997 568 1028 ·it:
601 988 643 1029 id
676 998 775 1044 post
804 988 1028 1029 dissidium
1052 987 1345 1052 optimatium,
1368 986 1420 1026 de
1443 1000 1529 1041 quo

92 1044 186 1100 ipso
217 1058 332 1084 nunc
367 1059 603 1095 monemur,
634 1045 695 1086 ita
717 1047 1031 1101 per-turbatum,
1062 1046 1207 1099 itaque
1238 1049 1574 1099 permutatumb.

92 1110 172 1152 est,
195 1110 258 1152 ut,
279 1101 395 1155 quod
410 1102 540 1142 trater
562 1103 727 1154 consul,
742 1118 794 1144 ne
816 1102 952 1153 fieret,
972 1102 1214 1153 obstiterat,
1236 1101 1352 1156 quod
1383 1101 1531 1141 94affi-

94 1158 160 1198 nis
179 1167 223 1198 ct
245 1157 416 1209 sodalis,
446 1159 510 1199 vii
531 1159 806 1212 clarissimus,
828 1161 903 1216 qui
926 1159 1042 1201 illum
1067 1174 1188 1200 reum
1211 1173 1296 1199 non
1319 1157 1529 1208 laudarat,

91 1215 354 1257 excluserat:
388 1216 430 1256 id
462 1216 495 1256 is
526 1217 675 1258 consul
708 1218 899 1258 efficeret
929 1218 974 1258 in
1006 1215 1232 1258 discordiis
1270 1215 1533 1271 principum,

94 1273 169 1328 qui
189 1272 248 1313 illi
271 1287 380 1313 unus
403 1273 726 1315 inimicissimus
749 1289 839 1315 esse
870 1275 1104 1316 debuerat.
1137 1282 1180 1314 et
1210 1287 1261 1314 eo
1284 1272 1436 1313 fecisse
1459 1287 1534 1313 au-

93 1340 213 1371 ctore
236 1344 280 1371 se
314 1329 491 1382 diceret,
514 1332 638 1386 cujus
674 1332 945 1374 auctoritatis
976 1332 1193 1372 neminem
1227 1339 1373 1385 posset
1390 1331 1535 1385 poeni-

97 1396 202 1428 tere.
263 1386 433 1442 Injecta
463 1398 528 1429 est
560 1389 635 1430 fax
666 1389 787 1431 foeda
808 1405 857 1431 ac
882 1389 1079 1431 luctuosa
1100 1387 1367 1444 reipublicae.
1399 1387 1537 1443 petita

97 1454 164 1486 cst
201 1445 438 1486 auctoritas
476 1455 639 1489 vestra:
687 1447 876 1502 gravitas
918 1447 1281 1502 amplissimorum
1319 1444 1536 1496 ordinum,

97 1503 326 1544 consensio
346 1503 557 1545 bonorum
585 1505 796 1556 omnium,
815 1513 932 1545 totus
954 1503 1140 1558 denique
1169 1502 1360 1543 civitatis
1383 1511 1534 1543 status.

135 1619 178 1650 90
199 1627 222 1647 α
232 1615 404 1657 psalterio]
429 1617 482 1647 Sic
496 1617 568 1648 dedi
584 1627 643 1658 pro
651 1619 793 1658 psaltria

836 1625 934 1654 esset,
957 1617 1196 1656 referreturqne
1216 1616 1280 1646 hoe
1303 1615 1345 1646 ad
1370 1626 1468 1654 umes,
1483 1616 1538 1647 de-

93 1669 132 1690 ex
159 1659 232 1690 edd.
260 1659 313 1689 W.
345 1661 436 1690 1480.
487 1660 613 1691 Ceterae
636 1663 792 1701 psaltria,

836 1660 928 1690 beret
943 1669 1011 1690 esse
1026 1660 1151 1690 licebat.
1197 1658 1351 1689 Cetei-um
1368 1659 1403 1688 in
1425 1661 1478 1689 cui
1500 1661 1538 1689 li-

95 1711 167 1741 quae
183 1702 289 1732 forma
304 1702 455 1741 nuspiam
469 1702 624 1733 occurrit.

136 1747 174 1779 91
201 1743 281 1774 Nisi
299 1753 375 1774 eum
391 1744 789 1784 itu—deprehendissent]

96 1784 171 1816 Hoc
183 1795 295 1816 verum
309 1795 379 1816 esse
398 1795 464 1816 non
479 1794 608 1826 potest:
633 1797 708 1817 nam
722 1797 795 1817 sen-

95 1828 205 1859 tentia
218 1837 286 1858 non
299 1832 440 1859 constat.
486 1829 594 1859 inuno
608 1830 633 1860 si
649 1840 726 1860 enm
741 1830 796 1860 de-

95 1869 344 1911 prehendissent
370 1875 406 1902 et
432 1871 538 1901 virum
571 1873 794 1911 agnovissent,

95 1913 265 1943 convictus
283 1912 411 1943 sceleris
432 1912 562 1950 fuisset,
585 1920 618 1944 et
642 1914 795 1954 expulsus

95 1955 239 1986 civitate.
283 1955 420 1986 Videtur
434 1965 512 1994 ergo
535 1955 711 1996 legendum
731 1967 797 1987 uon

95 1997 226 2037 depr-elz.
255 2006 373 2038 nempe
400 2006 468 2028 non
498 1997 795 2038 deprehenderunt,

97 2041 175 2079 quia
217 2039 422 2070 muliebriter
456 2045 633 2071 exornatus
663 2042 796 2081 juvenis

96 2086 179 2112 erat.
224 2082 522 2122 Deprehenderunt
543 2093 561 2112 e
585 2082 688 2123 gradu
711 2084 795 2114 virili

96 2125 261 2163 agnitum,
287 2124 342 2154 sed
363 2124 555 2154 emiserunt.
609 2125 661 2156 Ita
683 2135 796 2156 sensus

98 2173 166 2197 est:
191 2167 267 2204 nisi,
287 2166 335 2196 ita
354 2172 504 2203 ornatus,
530 2167 699 2198 fefellisset
724 2178 796 2198 mu-

99 2208 202 2240 lieres.

139 2254 181 2286 92
203 2254 355 2291 arreptus
369 2254 415 2280 est
429 2251 632 2292 ‘unus—fieri
643 2261 707 2282 non
722 2253 795 2282 liee-

98 2293 162 2332 ret]
189 2293 228 2323 In
243 2297 397 2332 arreptus
410 2293 477 2323 vim
498 2295 698 2325 temeritatis
713 2295 796 2325 bene

102 2335 250 2373 agnoscit
263 2335 455 2366 Manutius:
488 2335 544 2365 sed
566 2345 625 2366 nee
639 2337 720 2377 ipse,
737 2347 796 2368 uec

101 2361 158 2408 aiii
202 2387 329 2408 sensere
366 2378 484 2408 vitium
526 2378 560 2407 in
607 2380 795 2418 negatione,

100 2429 173 2458 quae
186 2420 256 2450 sinc
277 2420 376 2450 ‹lubio
397 2419 534 2450 delenda
554 2430 587 2450 es
590 2426 615 2451 t.
663 2422 796 2451 Etenim

102 2471 144 2492 an
157 2471 232 2492 curn
249 2462 427 2492 noluerunt
439 2462 611 2493 tribunum
628 2463 668 2493 fi(
660 2464 720 2493 ri?
739 2465 800 2493 ini—

103 2513 157 2533 mo
172 2504 210 2533 ad
226 2503 288 2534 hoc
301 2509 449 2543 arreptus
464 2510 525 2541 est,
543 2510 580 2534 ut
603 2506 709 2543 fieret,
725 2507 801 2545 quia

102 2556 175 2575 enin
197 2547 262 2576 suis
287 2546 430 2576 consiliis
456 2546 608 2577 idoneum
633 2554 800 2588 putarent.

103 2588 234 2618 Scilicet
256 2589 467 2628 patriciorum
491 2589 625 2619 verbum
649 2591 801 2621 tenebras

105 2629 232 2664 offudit,
259 2630 375 2670 quibus
401 2642 439 2661 ex
463 2631 535 2670 lege
562 2631 703 2662 tribunis
730 2633 800 2663 fieri

105 2680 171 2701 non
187 2671 274 2703 licet.
298 2672 361 2702 Sed
370 2674 395 2702 si
409 2683 446 2703 eo
458 2674 635 2713 pertineret
651 2684 802 2713 sequens,

104 2713 235 2743 deberet
250 2724 317 2744 esse
329 2715 443 2754 quibus
464 2716 603 2745 tribunis·
613 2716 755 2756 plebiief.
771 2727 803 2747 η.

107 2756 232 2786 licebat.
275 2757 382 2796 Atque
396 2759 498 2800 etiam
521 2758 547 2788 si
573 2759 706 2798 negatio
731 2769 806 2790 vera

836 1707 922 1733 ceret
937 1701 1190 1740 intelligendum
1207 1701 1294 1740 quod
1308 1705 1458 1731 secutum
1473 1707 1536 1737 est,

836 1744 924 1775 facta
950 1744 1148 1784 adoptione:
1187 1747 1286 1782 atque
1308 1753 1346 1773 eo
1370 1744 1539 1783 pertinent

837 1797 910 1826 quae
924 1792 1106 1825 sequuntur
1128 1785 1166 1816 de
1189 1784 1316 1816 Metelli
1345 1785 1454 1816 studio
1477 1787 1540 1817 im-

836 1829 1003 1869 pediendae
1019 1829 1077 1861 rei.
1092 1828 1172 1868 legis
1195 1829 1343 1864 euriatae,
1361 1837 1418 1868 per
1439 1838 1538 1868 quam

837 1871 970 1911 adoptio
985 1871 1089 1901 fieret.

880 1916 920 1948 93
938 1914 1089 1954 principe
1120 1912 1176 1943 Cn.
1203 1912 1245 1943 P.
1266 1922 1292 1942 s.
1313 1911 1450 1951 dicente]
1475 1911 1539 1942 Re-

838 1957 907 1996 cepi
931 1956 1167 1986 correctionem
1192 1955 1227 1985 P.
1244 1955 1401 1990 Manutii,
1419 1964 1490 1993 quae
1505 1960 1541 1984 et

837 2003 955 2038 sponte
970 1998 1050 2028 mihi
1068 1998 1099 2028 in
1123 2003 1271 2028 mentem
1293 2003 1440 2032 venerat,
1455 2006 1540 2036 prae-

838 2041 966 2076 sertim,
981 2050 1055 2070 cuni
1072 2045 1105 2070 et
1127 2039 1210 2070 liber
1224 2040 1379 2078 antiquus
1395 2039 1540 2069 Manutii

837 2083 884 2112 sie
893 2083 960 2112 fere
977 2082 1138 2113 habuerit.
1160 2082 1247 2112 Nam
1263 2081 1433 2121 vulgatum
1443 2082 1540 2120 prin-

838 2125 1064 2164 cipi—(licenti
1077 2124 1172 2164 plane
1187 2124 1329 2155 alienum
1344 2130 1403 2153 est.
1420 2124 1540 2163 quippe

838 2167 1013 2207 Pompeius
1039 2166 1239 2197 adversarius
1261 2166 1368 2197 Clodii
1394 2166 1428 2195 in
1451 2176 1490 2196 ea
1504 2175 1539 2196 re

837 2209 915 2246 fuit,
944 2219 983 2239 eo
1011 2218 1112 2245 anno,
1138 2209 1192 2248 qui
1217 2214 1296 2239 ante
1319 2207 1540 2240 Consulatum

839 2251 976 2282 Caesaris
999 2251 1082 2282 fuit:
1113 2255 1147 2281 et
1175 2251 1346 2292 Pompeius
1371 2260 1540 2289 nunquam

839 2293 960 2324 discors
974 2294 1103 2323 senatui
1119 2293 1195 2324 fuit.

881 2338 923 2370 94
944 2335 1057 2377 affinis
1071 2340 1101 2366 et
1115 2335 1248 2376 sodalis]
1278 2336 1335 2366 Est
1350 2335 1538 2375 PompeiuS‚

839 2379 934 2417 cujus
952 2378 1040 2408 filius
1062 2378 1168 2410 Clodii
1183 2389 1201 2408 e
1216 2387 1325 2408 sorore
1348 2383 1482 2417 neptem
1505 2378 1540 2407 in

840 2421 1053 2451 matrimonio
1070 2420 1220 2451 habebnt.
1258 2420 1429 2460 Quomodo
1443 2420 1541 2449 Pom-

843 2463 934 2501 peius
948 2464 1067 2493 sodalis
1082 2462 1187 2494 Clodii
1203 2463 1343 2498 dicatur,
1361 2471 1427 2491 non
1443 2462 1540 2491 intel-

843 2505 921 2544 ligo.
970 2505 1098 2541 Consnl,
1125 2505 1180 2544 qui
1200 2515 1276 2535 mox
1304 2513 1540 2534 commemora-

843 2552 912 2584 tur,
938 2553 987 2577 est
1017 2548 1147 2585 Caesar3
1179 2549 1247 2585 qui,
1274 2547 1325 2577 lex
1352 2546 1479 2576 curiata
1499 2547 1541 2576 'ut

843 2590 1063 2630 perferretur,
1081 2590 1115 2619 in
1141 2589 1325 2620 Consulatu
1350 2597 1408 2617 suo
1437 2588 1541 2627 perfe-

844 2633 903 2668 cit,
918 2632 1145 2662 consentiente
1158 2642 1200 2662 sc.
1218 2630 1385 2671 Pompeio,
1401 2640 1543 2668 quocum

846 2675 1025 2704 amicitiani
1050 2674 1184 2703 inierat:
1210 2673 1295 2703 unde
1319 2673 1428 2701 Caesar
1449 2672 1544 2708 dixit,

847 2716 879 2746 id
895 2721 1027 2746 auctore
1044 2717 1199 2756 Pompeio
1214 2716 1351 2746 factum.
1366 2724 1394 2743 v.
1408 2714 1545 2746 Sueten.

848 2760 882 2788 in
900 2759 982 2789 (ets.
