1812 3147
427 127 503 166 DE
528 127 879 166 HARUSPICUM
906 129 1199 168 RESPONSIS.
1462 135 1536 175 897

100 229 415 328 propemodum
444 232 539 287 jam
571 240 636 272 est
666 231 846 273 definita
874 235 917 265 42
930 233 1167 274 moderatio
1200 233 1260 275 rei
1290 233 1537 278 familiaris:

119 287 246 330 iberis
266 298 410 330 autem
431 289 586 331 nostris
610 288 710 330 satis
729 289 919 345 amplum
941 290 1249 345 patrimonium
1272 293 1437 346 paterni
1462 307 1538 334 no-

99 344 230 387 minis
261 360 311 388 ac
342 357 500 388 nostrae
532 347 767 398 memoriae,
799 346 1101 401 relinquemus.
1135 347 1265 388 domo
1296 362 1370 403 per
1401 350 1537 390 scelus

99 412 262 458 erepta,
295 418 368 459 per
395 403 667 446 latrocinium
689 413 914 459 occupata,
939 419 1012 459 per
1043 403 1262 460 religionis
1284 405 1372 445 vim
1406 406 1537 447 scele-

98 460 232 500 ratius
264 460 396 501 etiam
428 460 654 511 aedificata,
686 475 816 516 quam
847 474 1008 512 eversa,
1041 475 1184 502 carere
1222 461 1313 502 sine
1345 463 1538 504 maxima

97 514 340 571 ignominia
359 517 623 575 reipublicae,
648 531 743 558 meo
765 517 973 559 dedecore
996 532 1046 559 ac
1067 517 1214 560 dolore
1234 533 1321 560 non
1345 533 1535 574 possum.

99 572 391 630 Quapropter,
414 575 447 615 si
470 574 551 615 diis
574 574 902 625 immortalibus,
925 576 959 616 si
991 575 1172 626 senatui,
1194 575 1229 616 si
1260 575 1420 631 populo
1446 575 1536 618 Ro-

97 642 242 682 mano,
272 632 307 672 si
349 640 518 673 cunctae
553 630 707 682 Italiae‚
739 632 773 672 si
816 632 1064 688 provinciis,
1092 633 1125 673 si
1159 633 1318 674 exteris
1348 633 1537 674 nationi-

97 685 193 739 bus,
216 687 250 728 si
272 689 606 745 vobismetipsiS‚
628 689 702 744 qui
734 689 776 730 in
810 703 906 730 mea
933 689 1067 730 salute
1097 689 1336 746 principem
1367 704 1534 746 semper

95 742 240 786 locum
258 747 644 801 auctoritatemque
660 746 871 798 tenuistis,
885 756 1055 802 gratum
1074 747 1371 802 etjucundum
1389 762 1534 788 meum

95 801 282 844 reditum
304 803 543 860 intelligitis
565 817 678 844 esse:
711 818 857 858 quaeso
877 804 1154 859 obtestorque
1178 819 1267 856 VOS,
1293 804 1534 860 pontifice3‚

96 866 146 899 ut
162 873 245 911 me,
264 875 391 915 quem
412 861 683 912 auctoritate,
704 861 862 912 studio,
882 862 1105 902 sententiis
1128 861 1389 913 restituistis,
1403 876 1533 912 nunc,

95 916 300 970 quoniam
331 927 500 958 senatus
531 918 593 958 ita
612 917 718 970 vult,
741 919 939 960 manibus
969 932 1141 974 quoque
1172 918 1322 961 vestris
1354 919 1396 959 in
1423 918 1533 959 sedi-

96 972 175 1014 bus
195 974 302 1015 meis
319 975 552 1017 collocetis.

136 1101 178 1131 42
204 1099 382 1131 moderatio
406 1101 455 1130 rei
470 1098 581 1139 sam]
611 1099 706 1131 Dixit
733 1111 792 1142 pro
834 1101 906 1140 Ego
938 1101 1009 1141 jam
1045 1104 1180 1132 tantum
1215 1101 1333 1138 habeo,
1369 1105 1532 1140 quantum

97 1141 194 1173 modo
223 1146 258 1173 et
291 1142 531 1183 magnitudine.
574 1144 694 1173 Sensus
722 1149 790 1174 est:
835 1143 916 1174 mihi
930 1145 1008 1174 satis
1024 1149 1074 1174 est
1088 1144 1128 1175 ad
1142 1153 1237 1175 usum
1254 1144 1329 1174 vitae
1346 1153 1440 1174 meae.

396 1390 467 1437 M.
497 1389 768 1437 TULLII
802 1389 1231 1438 CICERONIS

200 1574 830 1642 HARUSPICUM
875 1575 1422 1644 RESPONSIS.

535 1687 563 1740 I
584 1687 642 1741 N
690 1688 725 1741 S
746 1688 797 1742 E
816 1687 874 1741 N
894 1688 1010 1742 AT
1029 1688 1087 1742 U

441 1798 731 1853 ORATIO,
761 1798 1183 1842 TRICESIMA.

604 1995 1012 2033 ARGUMENTUM.

94 2080 278 2117 Eoeaudito
297 2080 334 2115 in
363 2089 452 2125 agro
476 2077 681 2125 propinquo
704 2080 740 2111 et
765 2075 980 2116 suburbano,
1000 2075 1062 2122 qui
1079 2073 1300 2110 Latiniensis
1321 2074 1528 2115 vocabatur.

141 2133 297 2181 strepitu
315 2132 470 2179 quodam
487 2129 684 2170 recondito,
704 2132 739 2163 et
763 2127 930 2163 horribili
953 2138 1134 2162 armorum
1143 2125 1316 2175 fremitu,
1331 2129 1531 2175 perterrita

146 2190 221 2220 tam
246 2196 336 2219 novo
362 2187 534 2230 tantoque
552 2184 651 2216 motu
683 2181 841 2219 civitate,
866 2183 1022 2218 senatus,
1056 2183 1095 2214 ut
1126 2179 1263 2214 solebat
1289 2181 1327 2222 in
1353 2180 1530 2216 similibus

131 2230 319 2285 ¹prodigiis
346 2239 456 2282 atque
484 2234 645 2275 ostentis,
678 2233 896 2279 haruspices,
929 2230 1087 2275 Etrusca
1113 2235 1230 2267 vetere
1253 2231 1449 2279 disciplina
1473 2232 1529 2267 in—

140 2293 306 2328 structos,
326 2292 361 2323 et
387 2287 652 2334 interpretandi
675 2285 824 2333 peritos,
851 2284 1082 2319 consulendos
1110 2284 1256 2319 censuit.
1309 2283 1530 2332 Haruspices

142 2341 216 2377 hoec
233 2340 501 2388 responderunt,
521 2339 728 2386 scriptaque
752 2337 893 2371 senatui
911 2335 1085 2371 dederunt
1099 2351 1112 2371 .·
1142 2335 1412 2372 Postulationes
1430 2336 1527 2372 debi-

141 2397 198 2430 tas
216 2404 287 2428 esse
303 2391 402 2434 Jovi,
423 2391 594 2431 Saturno,
616 2390 800 2437 Neptuno,
820 2389 889 2424 diis
907 2388 1100 2424 coelestibus
1114 2403 1126 2424 :

192 2459 321 2497 Ludos
339 2460 465 2496 minus
482 2458 687 2508 diligenter
704 2457 836 2498 factos,
855 2455 1118 2505 pollutosque:

192 2512 296 2548 Loca
312 2524 417 2548 sacra
434 2517 472 2547 et
489 2511 679 2560 religiosa,
698 2508 859 2557 profana
875 2508 1007 2544 haberi
1023 2521 1030 2541 ε

193 2564 374 2600 Oratores
392 2568 527 2599 contra
538 2561 602 2610 jus
619 2563 749 2611 fasque
771 2560 991 2597 interfectos
1007 2572 1014 2594 ι

190 2615 325 2652 Fidem
340 2622 379 2652 et
389 2614 659 2663 jusjurandum
677 2614 895 2662 neglectum
912 2627 919 2647 ;

193 2668 382 2704 Sacrificia
399 2672 557 2710 vetusta,
576 2667 798 2715 occultaque
816 2665 942 2701 minus
953 2663 1159 2713 diligenter
1170 2663 1282 2707 facta,
1294 2663 1526 2713 pollutaque.

143 2745 304 2782 Monere
321 2746 410 2782 deos
429 2745 675 2787 immortales,
695 2756 743 2780 ne
756 2755 824 2792 per
837 2743 1069 2792 optimatum
1082 2742 1309 2783 discordiam
1327 2742 1525 2785 dissensio-

144 2808 306 2848 nemque
323 2798 494 2846 patribus
518 2796 824 2846 principibusque
851 2795 970 2833 caedes
989 2795 1230 2844 periculaque
1249 2799 1439 2834 creentur,
1459 2807 1526 2831 au-
