1785 3185
581 99 646 139 IN
672 101 718 138 L.
746 101 1024 139 PISONEM.
1416 104 1514 140 1155

86 206 391 248 arbitraretur?
437 204 506 245 An
528 211 611 260 ego
632 213 896 260 exspectem,
917 204 1019 245 dum
1041 203 1094 244 de
1117 210 1157 244 te
1176 205 1365 261 quinque
1385 215 1428 248 et
1451 221 1514 248 se·
1529 203 1600 250 40

85 263 314 319 ptuaginta
336 262 503 303 tabellae
534 262 824 314 diribeantur3
854 261 907 302 de
937 276 1023 316 quo
1046 261 1138 315 jam
1175 262 1337 316 pridem
1367 279 1514 304 omnes
1529 274 1579 309 96

85 320 285 361 mortales
327 319 520 361 omnium
563 333 783 375 generum,
825 328 1019 368 aetatum,
1057 317 1255 358 ordinum
1291 320 1516 373 judicave-

83 379 211 418 runt?
250 377 360 424 Quis
382 377 496 417 enim
529 385 569 416 te
600 376 734 426 aditu,
756 376 851 430 quis
881 375 967 416 ullo
997 375 1174 424 honore,
1205 376 1300 429 quis
1334 377 1518 432 denique

84 435 304 474 communi
328 434 583 475 salutatione
605 434 785 488 dignum
811 434 959 489 putet?
982 446 1129 472 omnes
1147 432 1395 473 memoriam
1416 448 1520 474 con-

85 489 246 531 sulatus
270 492 347 542 tui,
370 490 499 541 facta,
521 505 675 540 mores,
699 490 851 530 faciem
875 489 1059 544 denique
1089 504 1139 529 ac
1169 503 1325 529 nomen
1349 504 1373 529 a
1394 504 1519 546 repu-

86 547 198 588 blica
228 548 508 589 detestantur.
550 547 696 604 legati,
735 547 808 602 qui
842 562 927 588 una
959 546 1090 598 fuere,
1123 545 1322 588 alienati:
1358 546 1519 588 tribuni

85 603 274 646 militum
297 606 488 647 inimici?
519 604 806 655 centuriones,
829 614 871 645 et
900 605 939 635 68
955 604 987 644 si
1011 604 1083 659 qui
1106 618 1159 644 ex
1186 612 1304 644 tanto
1325 604 1519 645 exercitu

85 660 235 717 reliqui
260 663 416 704 milites
441 672 607 713 extant,
634 676 719 702 non
750 661 913 702 dimissi
950 662 1024 702 abs
1055 671 1110 711 te,
1144 661 1216 701 sed
1245 661 1455 716 dissipati,
1478 671 1520 702 tc

86 719 284 770 oderunt,
309 721 387 761 tibi
413 730 573 775 pestem
596 727 821 774 exoptant,
846 730 886 759 te
907 727 1198 759 exsecrantur.
1258 717 1425 772 Achaia
1443 733 1520 759 ex-

85 775 264 818 hausta:
287 776 506 818 Thessalia
531 786 706 817 vexata:
739 774 935 816 laceratas
959 774 1168 817 Athenae:
1195 774 1518 830 Dyrrhachium

87 843 131 873 et
151 832 384 889 Apollonia
403 834 644 874 exinanita:
668 832 901 874 Ambracia
919 833 1108 888 direpta:
1136 832 1332 874 Parthini
1351 841 1394 873 et
1414 830 1516 874 Bul-
1531 835 1562 865 b.

88 889 241 931 lienses
266 891 399 932 illusi:
434 890 590 947 Epirus
608 890 775 931 excisa:
803 890 943 941 Locri,
967 889 1137 940 Phocii,
1161 889 1326 931 Boeotii
1349 890 1517 932 exusti:

86 946 344 998 Acarnania,
366 947 688 1003 Amphilochia,
719 947 982 998 Perrhaebia,
1005 947 1383 1003 Athamanumque
1414 962 1519 1003 gens

86 1004 289 1047 vendita:
323 1005 584 1046 Macedonia
621 1005 866 1046 condonata
895 1004 1112 1045 barbaris:
1145 1004 1310 1046 AEtolia
1339 1005 1519 1046 amissa:

87 1059 296 1118 Dolopes,
320 1062 579 1117 finitimique
602 1062 810 1112 montani,
827 1061 1006 1118 oppidis
1029 1070 1157 1117 atque
1183 1062 1296 1118 agris
1318 1063 1524 1103 extermi-

86 1119 204 1161 nati:
237 1120 352 1160 cives
377 1119 580 1170 Romani,
603 1119 675 1174 qui
709 1119 752 1159 in
785 1119 835 1159 iis
858 1119 963 1160 locis
996 1119 1289 1174 negotiantur,
1314 1128 1354 1159 te
1386 1134 1522 1160 unum

86 1175 224 1217 solum
248 1191 372 1217 suum
393 1177 755 1232 depeculatorem,
777 1186 1042 1227 vexatorem,
1069 1176 1332 1232 praedonem,
1352 1176 1519 1217 hostem

86 1234 254 1274 venisse
285 1243 520 1274 senserunt.
580 1233 649 1275 Ad
686 1234 840 1275 horum
870 1235 1063 1275 omnium
1095 1233 1265 1289 judicia
1295 1243 1360 1274 tot
1393 1243 1582 1290 atque97v

88 1299 210 1331 tanta
229 1291 270 1325 69
284 1291 569 1332 domesticum
584 1291 800 1346 judicium
823 1291 1004 1332 accessit
1034 1291 1258 1332 sententiae
1281 1291 1523 1332 damuatio-

87 1347 155 1388 nis
180 1357 294 1390 tuae:
328 1349 521 1389 occultus
543 1350 767 1400 adventus,
789 1347 998 1389 furtivum
1034 1348 1113 1388 iter
1145 1363 1219 1404 per
1251 1347 1437 1400 Italiam,
1460 1349 1526 1389 in-

90 1404 245 1447 troitus
277 1406 321 1446 in
355 1407 502 1446 urbem
535 1407 725 1447 desertus
754 1406 809 1446 ab
839 1406 1004 1456 amicis,
1028 1405 1155 1446 nullae
1191 1405 1244 1446 ad
1278 1417 1471 1446 senatum
1505 1421 1527 1447 e

88 1462 315 1518 provincia
346 1463 518 1513 litterae,
549 1463 665 1504 nulla
694 1477 748 1503 ex
780 1463 902 1503 trinis
935 1463 1098 1504 aestivis
1136 1462 1382 1518 gratulatio,
1413 1462 1529 1504 nulla

90 1519 300 1575 triumphi
334 1521 523 1561 mentio:
556 1535 643 1561 uon
673 1519 804 1561 modo
826 1520 931 1575 quid
965 1520 1160 1576 gesseris,
1193 1520 1265 1561 sed
1296 1535 1348 1560 ne
1371 1521 1528 1576 quibus¹

89 1576 135 1618 in
166 1575 272 1617 locis
294 1578 468 1632 quidem
498 1578 642 1629 fueris,
664 1578 805 1619 dicere
837 1578 982 1619 audes.
1044 1576 1111 1618 Ex
1144 1576 1216 1618 illo
1240 1576 1360 1618 fonte
1390 1587 1433 1618 et
1465 1592 1530 1618 se-

85 1633 269 1676 minario
302 1635 634 1691 triumphorum,
665 1649 765 1675 cum
800 1635 918 1676 arida
947 1634 1052 1675 folia
1091 1634 1245 1676 laureae
1284 1634 1526 1691 retulisse55

87 1705 188 1732 cum
210 1705 261 1732 ea
282 1691 454 1746 abjecta
475 1693 527 1733 ad
558 1701 729 1748 portam
759 1692 985 1747 reliquisti,
1009 1701 1102 1733 tum
1126 1701 1170 1732 tu
1193 1693 1286 1748 ipse
1307 1692 1360 1733 de
1383 1703 1424 1733 te
1449 1706 1529 1734 FE-

91 1762 229 1789 crsSE
256 1763 448 1801 VIDERI,
470 1749 820 1806 pronuntiavisti.
845 1750 920 1805 qui
943 1750 977 1790 si
1002 1749 1109 1790 nihil
1134 1764 1324 1805 gesseras
1347 1750 1529 1806 dignum

88 1805 278 1856 honore;
316 1807 390 1847 ubi
430 1807 674 1848 exercitus?
715 1807 789 1848 ubi
823 1809 1018 1848 sumtus?
1049 1806 1123 1847 ubi
1157 1807 1414 1863 imperium?
1457 1807 1529 1848 ubi

89 1861 162 1904 illa
184 1863 399 1904 uberrima
421 1864 810 1921 supplicationibus
833 1864 1149 1920 triumphisque
1180 1864 1432 1920 provincia?
1464 1864 1529 1906 siu

88 1928 233 1960 autem
257 1919 417 1976 aliquid
441 1936 609 1978 sperare
631 1920 840 1973 volueras,
863 1921 897 1962 si
920 1922 1135 1978 cogitaras
1166 1921 1224 1972 id,
1245 1922 1361 1977 quod
1393 1921 1529 1977 impe-

89 1977 243 2018 ratoris
266 1992 438 2030 nomen,
460 1979 576 2034 quod
594 1979 772 2020 laureati
796 1978 947 2030 fasces,
968 1978 1085 2034 quod
1108 1978 1179 2019 illa
1202 1988 1380 2034 tropaea,
1404 1979 1530 2034 plena

89 2034 311 2075 dedecoris
329 2044 374 2076 et
405 2036 527 2086 risus,
550 2044 592 2077 te
613 2044 952 2077 commentatum
972 2050 1062 2076 esse
1092 2035 1336 2078 declarant:
1369 2037 1464 2091 quis
1488 2046 1529 2077 te

89 2091 301 2143 miserior,
320 2092 415 2148 quis
440 2102 479 2133 te
501 2094 758 2145 damnatior,
777 2094 851 2148 qui
873 2108 1011 2150 neque
1034 2093 1219 2134 scribere
1241 2093 1293 2134 ad
1317 2102 1526 2144 senatum,

90 2162 116 2189 a
137 2157 180 2189 te
202 2150 311 2190 bene
332 2150 644 2205 rempublicam
665 2165 756 2191 esse
787 2159 968 2205 gestam,
997 2165 1136 2205 neque
1168 2164 1354 2206 praesens
1385 2151 1527 2192 dicere

91 2220 218 2247 ausus
249 2209 322 2248 es?
363 2207 434 2247 An
467 2218 511 2249 tu
546 2207 668 2259 mihi,
702 2207 771 2249 cui
802 2221 971 2264 semper
1008 2208 1069 2248 ita
1098 2221 1348 2264 persuasum
1380 2201 1606 2260 fuerit,4l

91 2276 178 2304 non
199 2264 364 2305 eventis
396 2265 469 2305 sed
491 2264 632 2317 factis,
653 2265 863 2320 cujusque
893 2268 934 2298 70
948 2264 1166 2306 fortunam
1199 2265 1442 2321 ponderari,
1463 2266 1527 2307 di-
1539 2272 1589 2308 98

93 2333 188 2366 cere
208 2321 352 2381 audeS,
374 2336 512 2377 neque
543 2323 588 2364 in
619 2322 786 2364 tabellis
817 2337 1054 2378 paucorum
1082 2322 1299 2379 judicum,
1319 2326 1355 2357 7¹
1375 2323 1448 2364 sed
1484 2323 1530 2364 in

135 2471 175 2503 68
199 2472 227 2502 εἰ
250 2473 466 2514 qui—reliqui
487 2474 606 2505 milites
629 2473 788 2514 eris-tunc]
833 2477 955 2513 satore,
970 2475 1146 2512 sententiar,
1162 2478 1200 2506 ut
1214 2474 1342 2516 opinor.
1355 2484 1433 2505 nam
1439 2474 1535 2515 jude·-

95 2511 257 2545 Existunt
279 2525 337 2555 pro
358 2521 448 2547 sunt.
474 2516 506 2546 id
531 2526 598 2546 non
620 2526 689 2547 esse
709 2517 791 2547 bene
834 2518 923 2548 cium
937 2522 987 2548 est
1007 2519 1193 2548 sententiat
1218 2522 1252 2548 et
1267 2522 1317 2547 est
1339 2517 1451 2548 durius
1465 2527 1536 2547 sen·

94 2552 250 2592 latinum,
264 2556 360 2587 hodie
382 2559 545 2588 convenit.
591 2558 651 2588 Ed.
666 2559 719 2589 W.
734 2559 792 2589 ha·
835 2561 944 2590 tentioe
958 2560 1190 2591 damnationis.

95 2596 153 2627 bet
167 2602 290 2629 extant.
305 2599 338 2629 id
359 2601 498 2640 reposui.
518 2601 616 2631 verba
629 2600 700 2631 haec
720 2610 792 2640 pas-
878 2605 919 2636 70
929 2601 967 2642 f.
978 2602 1172 2642 ponderari]
1197 2603 1250 2632 An
1265 2600 1385 2632 excidit
1400 2600 1536 2631 debere?

96 2639 158 2668 sim
174 2649 193 2669 a
204 2639 342 2671 librariis
357 2647 545 2681 permutata
558 2648 647 2674 sunt.
662 2654 691 2674 v.
707 2643 792 2674 Dra·
836 2653 915 2674 nam
930 2645 1029 2684 vulgo
1045 2654 1111 2674 non
1128 2645 1180 2674 fit.

96 2678 277 2712 kenborch.
293 2683 333 2713 ad
347 2683 418 2714 Liv.
434 2684 498 2721 111,
516 2687 567 2716 38.
878 2689 914 2720 71
929 2687 986 2717 sed
998 2688 1034 2716 in
1045 2683 1403 2724 sententiis—pendere]
1420 2683 1537 2715 Forma

138 2721 179 2755 69
203 2723 234 2753 cl.
253 2721 628 2763 judicium—sententia?
654 2727 794 2757 damna-
835 2726 906 2757 haec
929 2729 984 2759 vix
1005 2729 1082 2759 alibi
1104 2728 1257 2759 occurrit.
1301 2726 1353 2756 An
1376 2736 1396 2756 a
1417 2725 1539 2765 glossa-

96 2763 192 2794 tionis
206 2765 282 2804 tuae]
311 2766 437 2807 Nempe
461 2768 585 2799 Pisonis
610 2769 723 2809 ipsius,
739 2779 797 2808 per
839 2774 911 2800 tore
926 2770 1074 2800 additum
1088 2769 1261 2809 putemus?
1279 2777 1357 2798 nam
1371 2777 1455 2807 saepe
1469 2769 1540 2798 sine

98 2804 186 2852 facta
199 2816 250 2844 ea,
265 2817 337 2846 quae
351 2810 465 2839 statim
480 2815 794 2841 commemorantur.
840 2812 1071 2853 praepositione
1085 2812 1206 2843 dicitur
1219 2810 1356 2842 verbum
1364 2810 1516 2850 pendere.

98 2856 134 2877 m
147 2847 273 2880 ultimis
288 2849 485 2882 alterutrum
500 2860 580 2892 puto
593 2862 660 2884 esse
677 2864 696 2885 a
710 2853 796 2893 glos-

754 2901 879 2938 4r4
