1769 3174
206 103 303 141 1076
790 99 1038 136 ORATIO

205 202 361 244 retinet
389 202 541 244 ambo:
572 202 643 257 qui
675 210 816 243 autem
850 202 1024 244 alteram
1048 201 1248 253 Galliam,
1269 210 1312 243 et
1341 209 1414 243 aut
1446 201 1629 259 Syriam,

164 274 194 305 b.
207 269 281 300 aut
314 258 642 310 Macedoniam
675 269 814 300 tamen
849 259 1026 300 alterum
1060 260 1228 310 retinet,
1256 268 1299 300 et
1332 259 1374 299 in
1412 260 1631 315 utriusque

207 316 298 380 pari
321 315 475 357 scelere
495 317 704 372 disparem
728 316 1020 358 conditionem
1045 317 1163 357 facit.
1213 319 1252 347 30
1269 316 1454 365 Faciam,
1477 316 1631 372 inquit,

205 372 296 414 illas
319 373 554 428 praetorias‚
578 384 624 413 ut
649 374 794 414 Pisoni
817 383 859 414 et
883 374 1072 415 Gabinio
1095 373 1346 414 succedatur
1369 373 1529 414 statim.
1584 372 1631 414 Si

205 429 276 470 hic
299 430 422 470 sinat.
448 439 536 470 tum
559 431 671 470 enim
696 431 890 470 tribunus
917 430 1175 471 intercedere
1206 431 1379 486 poterit,
1401 445 1514 471 nunc
1545 443 1632 470 non

205 496 363 543 potest.
426 486 576 542 Itaque
604 501 685 542 ego
709 487 836 537 idem,
859 487 931 541 qui
966 501 1078 528 nunc
1100 487 1345 528 consulibus
1379 487 1444 538 iis,
1466 486 1539 542 qui
1561 486 1635 527 de-

205 544 362 600 signati
397 555 535 594 erunt,
569 543 736 598 Syriam
776 543 1165 599 Macedoniamque
1202 544 1400 594 decerno,
1435 547 1469 575 3¹
1490 544 1636 585 decer-

206 615 306 641 nam
337 601 505 640 easdem
538 600 772 655 praetoriaS,
805 610 853 640 ut
884 609 927 640 et
963 609 1164 655 praetores
1197 615 1357 641 annuas
1392 600 1636 656 provincias

207 657 410 706 babeant,
431 666 473 697 et
494 671 566 698 eos
588 671 715 711 qnam
744 657 927 712 primum
954 656 1185 707 videamus,
1207 672 1313 711 quos
1344 658 1487 698 animo
1511 671 1635 712 aequo

165 714 198 765 8
214 715 354 755 videre
378 728 460 754 non
484 727 722 769 possumus.
782 713 863 753 Sed
889 713 993 754 rnihi
1018 714 1201 754 credite:
1236 729 1468 769 numquam
1492 727 1638 755 succe-

209 771 333 812 detur
356 770 452 821 illis,
475 770 553 810 uisi
577 784 674 810 cum
697 784 743 810 ea
765 769 859 825 lege
881 770 1098 821 referetur,
1120 785 1204 825 qua
1229 771 1433 811 intercedi
1456 770 1508 811 de
1540 784 1638 826 pro·

208 827 361 868 vinciis
394 842 478 868 non
513 827 674 868 licebit.
736 826 901 882 Itaque,
922 830 962 858 32
980 828 1061 868 hoc
1086 836 1276 882 tempore
1309 828 1480 878 amisso,
1502 841 1637 867 annus

208 895 272 925 est
304 885 469 940 integer
492 885 613 924 vobis
635 884 973 939 exspectandus:
1006 900 1091 939 quo
1125 885 1363 940 interjecto,
1385 885 1543 926 civium
1569 898 1639 925 ca-

210 941 391 991 lamitas,
412 941 623 982 sociorum
647 955 851 992 aerumna,
875 941 1293 983 sceleratissimorum
1314 942 1537 984 hominum
1560 941 1640 982 im-

212 999 382 1055 punitas
406 1005 679 1053 propagatur.

267 1059 306 1086 33
322 1055 486 1101 Quodsi
510 1063 650 1095 essent
672 1053 731 1095 illi
753 1054 905 1110 optimi
931 1054 1024 1106 viri,
1047 1065 1187 1096 tamen
1207 1070 1288 1112 ego
1313 1069 1405 1096 mea
1429 1054 1641 1096 sententia

213 1112 264 1154 C.
290 1111 449 1153 Caesari
473 1111 784 1152 succedendum
810 1112 998 1152 nondum
1033 1122 1239 1168 putarem,
1302 1113 1401 1159 Qua
1419 1112 1471 1152 de
1503 1126 1545 1153 re
1576 1112 1642 1152 di-

210 1184 319 1219 cam,
343 1177 482 1224 patres
504 1168 752 1225 conscripti,
774 1169 888 1224 quod
920 1169 1072 1220 sentio,
1094 1180 1222 1225 atque
1254 1170 1367 1211 illam
1400 1168 1642 1224 interpella-

211 1227 370 1267 tionem
405 1225 487 1265 mei
520 1225 854 1275 familiarissimi,
884 1240 968 1280 qua
1003 1225 1143 1281 paullo
1172 1238 1269 1267 ante
1306 1227 1544 1281 interrupta
1580 1234 1645 1266 est

211 1283 349 1324 oratio
371 1297 479 1332 mea,
503 1297 587 1323 non
620 1285 931 1338 pertimescam.
993 1283 1138 1339 Negat
1170 1298 1236 1324 me
1257 1284 1321 1324 vir
1343 1283 1531 1338 optimus
1564 1282 1645 1323 ini-

212 1341 432 1381 miciorem
457 1339 647 1380 Gabinio
668 1340 821 1381 debere
849 1354 952 1390 esse,
975 1355 1103 1396 quam
1128 1340 1305 1382 Caesari.
1337 1354 1507 1381 omnem
1531 1340 1646 1380 enim

213 1397 325 1437 illam
361 1405 672 1452 tempestatem,
703 1397 771 1438 cui
805 1398 1018 1447 cesserim,
1054 1397 1225 1439 Caesare
1259 1397 1488 1453 impulsore
1518 1406 1646 1451 atque

215 1453 410 1508 adjutore
432 1468 522 1494 esse
553 1453 801 1495 excitatam.
861 1454 943 1494 Cui
976 1455 1006 1495 si
1042 1455 1225 1510 primum
1259 1455 1318 1495 sic
1351 1454 1646 1510 respondeam,

213 1525 281 1551 me
304 1511 544 1552 communis
575 1510 772 1551 utilitatis
804 1511 960 1552 habere
994 1513 1216 1562 rationem,
1240 1526 1322 1553 non
1348 1511 1504 1552 doloris
1536 1510 1645 1551 mei:

215 1568 430 1624 possimne
455 1568 648 1623 probare,
670 1583 769 1610 cum
796 1568 836 1609 id
863 1583 929 1609 me
961 1568 1100 1610 faeere
1130 1569 1286 1619 dicam,
1308 1568 1421 1624 quod
1447 1566 1646 1622 exemplo

216 1625 544 1665 fortissimorum
564 1633 607 1665 et
622 1624 953 1666 clarissimorum
972 1626 1129 1667 civium
1152 1626 1290 1667 facere
1316 1626 1501 1681 possim?
1523 1626 1563 1654 34
1576 1623 1646 1665 An

217 1697 301 1723 non
323 1681 390 1723 Ti.
415 1681 652 1734 Gracchus,
676 1687 860 1738 (patrem
883 1683 996 1735 dico,
1018 1684 1141 1739 cujus
1164 1684 1326 1724 utinam
1348 1682 1423 1724 filii
1445 1695 1498 1723 ne
1519 1681 1649 1738 dege·

154 1066 200 1100 18

259 1840 298 1867 30
325 1838 473 1874 Faciam,
497 1839 602 1878 inquit
629 1839 705 1878 &c.]
738 1838 818 1869 Haec
839 1839 910 1878 jam
955 1849 1020 1869 non
1036 1839 1164 1870 habeat.

216 1880 317 1910 tertia
342 1881 507 1910 sententia
521 1886 582 1916 est,
597 1891 693 1920 quam
719 1881 847 1911 refellit.
862 1882 911 1910 in-

219 1923 287 1961 quit
312 1922 347 1952 h.
371 1922 393 1952 l.
418 1929 467 1952 est
494 1923 542 1952 vel
571 1923 764 1960 objicientis,
787 1923 839 1953 vel
864 1933 912 1952 re-

220 1964 426 2003 spondentis:
451 1965 479 1994 si
501 1965 552 1994 laic
568 1966 667 2001 sinat,
683 1971 732 1995 est
749 1966 912 2005 responsio

222 2006 387 2036 Ciceronis
403 2006 443 2036 ad
457 2005 546 2036 illam
561 2007 773 2037 sententiam.
819 2007 918 2038 Siuat

221 2053 270 2078 est
284 2049 416 2078 verbum
443 2049 606 2088 proprium
628 2049 666 2079 de
689 2059 755 2078 non
779 2049 916 2079 interce-

221 2090 330 2125 dente,
346 2095 384 2119 ut
393 2092 479 2129 pali,
497 2090 545 2120 vel
569 2091 832 2121 intercessionem
851 2101 917 2121 non

222 2138 357 2171 parante
384 2142 439 2172 per
460 2133 628 2162 tribunum
656 2133 768 2173 plebis.
792 2138 876 2169 tum,
891 2133 918 2163 si

221 2175 383 2213 proetoriae
404 2175 499 2204 sactae
525 2175 613 2212 sint;
642 2176 716 2214 quia
742 2175 792 2205 lex
819 2176 851 2205 in
877 2187 915 2205 eo

223 2225 340 2255 genere
369 2216 631 2247 intercessionem
662 2227 727 2247 non
757 2217 913 2247 tollebat:

222 2267 321 2293 nnnc,
335 2258 360 2287 si
382 2258 575 2288 Consulibus
597 2269 643 2289 ete
667 2260 841 2299 provineiae
863 2260 917 2289 dc-

222 2307 412 2337 cernantur,
429 2309 495 2329 non
516 2306 623 2340 potest
646 2311 711 2330 non
735 2303 851 2339 sinere,
867 2302 916 2332 vel

223 2342 396 2381 impedire:
437 2343 514 2381 qnia
542 2342 612 2380 lege
641 2344 831 2382 Sempronia
859 2349 916 2374 aut

223 2384 312 2413 Julia
329 2383 368 2413 de
390 2385 561 2424 provinciis
576 2385 798 2415 consularibus
815 2385 917 2416 inter-

224 2425 292 2455 «edi
311 2435 375 2455 non
392 2431 530 2465 poterat.

266 2470 302 2497 31
320 2468 490 2498 decernam
507 2469 634 2498 easdem
645 2469 828 2509 prtrtorias]
847 2469 917 2500 scil.

224 2519 244 2539 a
266 2510 459 2549 praetoribus
485 2510 580 2548 liujus
601 2511 677 2540 anni
699 2511 861 2541 adeundas
885 2512 918 2542 in

222 2560 360 2587 annum,
396 2552 450 2582 ubi
487 2558 663 2592 praeturam
697 2552 915 2592 deposuerint.

223 2602 298 2623 nam
315 2593 485 2630 Consules,
500 2594 617 2633 quibus
639 2605 692 2624 eas
710 2594 915 2631 decernebat,

221 2639 293 2673 post
330 2645 468 2671 annum,
497 2641 613 2665 exacto
640 2636 825 2673 consulatu,
863 2637 916 2667 de-

221 2685 310 2706 mum
341 2677 429 2707 adire
466 2683 629 2717 poterant.
676 2681 829 2710 Ceterum
859 2690 916 2718 pro

212 2720 386 2756 prelorias
415 2719 578 2750 interdum
605 2720 716 2761 putavi
743 2721 916 2758 legendum

211 2761 417 2799 praetoribus.
461 2761 524 2792 Sed
539 2771 604 2792 non
621 2768 669 2792 ‹st
685 2772 822 2793 necesse.

997 1884 1036 1912 33
1060 1881 1183 1922 Quodsi
1197 1886 1298 1911 essene
1313 1882 1363 1911 illi
1377 1880 1489 1920 optimi
1502 1879 1580 1919 viri]
1606 1889 1651 1910 se.

956 1928 995 1953 ut
1010 1923 1048 1954 de
1069 1923 1240 1953 adimenda
1264 1924 1301 1953 iis
1324 1923 1489 1964 provincia
1504 1923 1651 1962 cogitan-

955 1965 1033 1995 dum
1060 1975 1125 1995 non
1152 1972 1252 1995 esset:
1282 1972 1394 1996 tamen
1421 1974 1475 1995 eos
1499 1973 1652 1994 revocan-

959 2007 1015 2037 dos
1041 2007 1147 2047 potius
1177 2014 1339 2048 putarem,
1365 2017 1461 2047 quam
1491 2007 1653 2038 Caesarem

959 2060 976 2079 e
992 2049 1117 2079 Galliis,

1002 2094 1042 2121 34
1070 2093 1122 2122 An
1158 2101 1221 2121 non
1252 2090 1302 2122 Ti.
1335 2090 1407 2130 Gr.]
1445 2099 1508 2120 non
1534 2089 1653 2119 delevit

961 2133 1118 2171 Graevius,
1135 2133 1220 2173 quod
1241 2134 1274 2163 in
1299 2133 1390 2163 nullo
1411 2142 1471 2162 scr.
1493 2136 1549 2161 aut
1565 2131 1653 2161 edito

958 2175 1041 2205 libro
1073 2181 1149 2206 ante
1184 2175 1379 2205 Lambinum
1406 2175 1481 2210 fuit,
1510 2174 1653 2212 itemque

960 2227 1035 2247 mox
1058 2218 1091 2247 in
1109 2217 1210 2247 verbis
1233 2228 1260 2247 c.
1278 2222 1307 2251 9.
1343 2218 1396 2247 An
1419 2226 1481 2247 non
1496 2225 1581 2250 vero,
1597 2215 1653 2245 ubi

958 2264 991 2289 et
1007 2260 1165 2290 Gruterus
1187 2259 1317 2296 delevit,
1332 2268 1528 2298 quamquam
1553 2257 1596 2287 ibi
1620 2256 1655 2287 in

959 2301 1029 2331 edd.
1046 2306 1126 2333 vett.
1150 2302 1318 2341 reperitur.
1363 2300 1424 2331 Sed
1439 2301 1591 2339 deceptus
1606 2303 1657 2329 est

960 2343 1105 2374 Graevius
1134 2344 1288 2374 lim-orum
1317 2343 1519 2373 reverentiaa
1543 2346 1655 2379 estque

959 2385 1012 2416 hic
1035 2386 1129 2427 plane
1153 2385 1330 2416 necessaria
1342 2386 1486 2423 negatio,
1504 2393 1563 2413 nec
1585 2383 1655 2413 sine

960 2438 998 2458 ea
1013 2439 1087 2459 vera
1101 2433 1151 2458 est
1173 2428 1347 2458 sententia.
1393 2427 1506 2457 Cicero
1520 2425 1590 2455 vult
1606 2424 1654 2454 di-

961 2480 1052 2501 cere:
1075 2469 1127 2501 Ti.
1145 2470 1309 2500 Gracchus
1324 2469 1500 2499 maximam
1524 2466 1654 2497 laudem

961 2518 1009 2542 est
1024 2512 1170 2552 adeptus.
1194 2512 1225 2541 id
1240 2511 1393 2551 exprimit
1407 2508 1652 2549 interrogando.

962 2555 1045 2593 Ergo
1061 2555 1274 2592 interrogatio
1290 2554 1357 2583 fieri
1372 2552 1468 2583 debet
1484 2562 1541 2592 per
1555 2560 1655 2586 nega.

960 2597 1098 2633 tionem,
1122 2606 1250 2636 nempe,
1265 2600 1303 2625 ut
1326 2595 1477 2631 affirmet,
1494 2604 1560 2624 non
1584 2593 1654 2624 sine

961 2639 1155 2677 negation03
1180 2648 1255 2668 nam
1271 2639 1317 2667 ita
1333 2640 1441 2676 neget.
1477 2637 1564 2667 Tum
1582 2638 1657 2675 post

961 2682 993 2710 in
1009 2681 1108 2710 tertio
1131 2686 1164 2710 et
1187 2684 1303 2719 quarto
1325 2678 1487 2719 exemplo,
1512 2677 1655 2717 Philippi

960 2728 993 2752 et
1017 2722 1157 2757 Metelli,
1173 2729 1221 2752 est
1237 2731 1349 2752 nonne.
1395 2722 1478 2759 Ergo
1492 2721 1524 2751 in
1549 2719 1657 2759 primo

959 2770 993 2794 et
1018 2764 1160 2794 secundo
1182 2774 1300 2794 annon.
1345 2763 1448 2794 Miror
1475 2764 1508 2792 in
1534 2761 1656 2794 talibus

257 2804 298 2832 32
325 2804 382 2833 hoc
406 2807 546 2843 tempore
568 2804 699 2844 amisso]
729 2805 789 2834 Per
813 2806 914 2836 inter.
956 2806 1121 2838 interdum
1136 2806 1340 2838 doctissimos
1354 2807 1439 2837 viros
1453 2814 1572 2837 errare.

216 2845 406 2884 cessionem,
420 2851 459 2877 ut
480 2847 639 2878 successio
655 2847 785 2879 decreta
802 2848 909 2880 locum
