1785 3185
279 111 379 146 1422
872 105 1126 145 ORATIO

278 211 455 253 bellum.
498 208 616 251 Huic
638 208 865 252 cedamus?
886 210 1015 266 hujus
1036 209 1306 251 conditiones
1328 209 1583 255 audiamus?
1612 220 1713 255 cum

282 269 367 310 hoe
390 282 538 324 pacem
562 267 650 308 fieri
675 281 798 323 posse
813 268 1066 308 credamus?

240 325 274 373 8
343 324 403 366 At
432 325 666 388 perhiculum
694 335 773 375 est,
806 339 858 364 ne
880 325 933 365 ab
955 324 1037 364 hoc
1060 323 1368 379 opprimamur.
1429 325 1529 366 Non
1553 335 1714 377 metuo,

285 397 340 423 ne
363 383 411 432 is,
441 396 511 437 qui
537 397 621 422 suis
644 356 915 437 amplissimis
938 380 1134 431 fortunis,
1155 382 1292 422 4‘2nisi
1317 382 1440 422 nobis
1462 383 1603 434 salvis,
1631 383 1714 424 frui

287 454 373 480 non
399 448 554 494 potest,
573 439 724 494 prodat
747 438 922 478 salutem
947 452 1080 478 suam.
1132 437 1278 478 Bonos
1299 439 1413 479 cives
1438 440 1621 494 primum
1641 455 1714 480 na-

288 506 384 537 tura
415 496 563 545 efficit,
596 495 771 550 adjuvat
803 494 956 535 deinde
988 494 1414 536 fo1tuna.01nnibus
1446 497 1559 537 enim
1594 497 1717 537 bonis

288 553 479 609 expedit,
509 527 666 592 salvam
696 565 786 592 esse
808 551 1130 607 rempublicam.
1163 551 1265 592 sed
1257 566 1298 592 1n
1321 553 1387 603 iis,
1411 553 1483 607 qui
1508 553 1714 594 fortunati

232 610 278 649 17
291 621 404 660 sunt,
437 609 573 665 magis
605 609 646 650 id
677 618 867 664 apparat
929 609 1038 655 Quis
1061 608 1318 649 for-tunatim
1341 609 1519 664 Lepido,
1542 619 1589 650 ut
1617 620 1717 651 ante

289 668 409 709 dixi?
439 681 493 721 (μ.
486 667 534 706 i.s
557 666 705 706 eodem
730 667 894 706 sanior?
926 680 950 704 x
957 665 1035 705 idit
1056 664 1147 719 ejus
1170 666 1422 706 moestitiam
1446 676 1574 721 atque
1595 666 1717 707 lacri-

286 739 378 766 mas
411 722 592 779 populus
624 722 846 763 Romanus
872 722 1202 778 Lupercalibus:
1235 722 1358 773 vidit,
1387 726 1494 778 4:3qu
1501 737 1568 763 ·un
1597 724 1717 778 abje-

288 791 399 831 ctus,
421 794 547 835 quam
571 779 794 821 confectus
825 789 949 830 esset,
971 793 1067 820 cum
1093 777 1253 820 Caesari
1276 780 1502 820 diadema
1494 794 1718 835 imponens

288 838 521 887 Antonius,
556 850 722 877 servum
759 851 802 876 sc
832 836 957 886 illius,
995 850 1123 890 quam
1159 835 1366 892 collegam
1398 851 1487 878 esse
1519 837 1719 878 malebat.

289 896 362 950 qui
387 895 419 935 si
444 894 615 948 reliquis
638 893 814 949 flagitiis
836 902 878 933 et
900 893 1128 934 sceleiibus
1149 894 1247 933 4⁴se
1265 894 1477 934 abstinere
1496 893 1720 949 potuisset,

289 961 433 992 tamen
460 965 588 991 unum
613 952 669 991 ob
691 951 774 990 hoe
797 950 974 1001 factum,
1001 949 1180 1005 dignum
1203 949 1321 991 illum
1344 952 1460 991 omni
1485 964 1616 1006 poena
1642 965 1722 1006 pu-

291 1017 440 1049 tarem
473 1022 584 1057 nam,
609 1008 640 1047 si
666 1008 755 1062 ipse
780 1007 934 1048 serviie
955 1016 1135 1062 poterat,
1157 1007 1281 1048 nobis
1303 1008 1525 1048 dominum
1547 1022 1622 1048 cur
1640 1009 1722 1049 im-

291 1064 508 1122 ponebat?
536 1074 593 1116 et,
616 1065 648 1105 si
672 1079 763 1119 eJus
779 1064 969 1129 ’pueritia
991 1063 1222 1127 pertulerat
1243 1064 1441 1106 libidines
1462 1079 1624 1115 eorum,
1647 1065 1720 1120 qui

291 1132 413 1164 erant
435 1137 477 1162 in
500 1136 596 1162 euin
621 1132 701 1177 tyr
691 1123 805 1172 anni,
831 1122 1015 1162 etiamne
1045 1136 1087 1161 m
1118 1129 1285 1162 nostros
1314 1122 1469 1162 liberos
1496 1122 1720 1163 dominum

293 1189 336 1220 et
368 1189 595 1243 tyrannum
631 1193 822 1235 compar
810 1180 936 1220 aba?
979 1177 1132 1233 Itaque
1162 1177 1232 1218 illo
1271 1178 1513 1243 interfecto,
1551 1178 1721 1234 qualern

235 1239 282 1273 18
295 1251 391 1278 eum
412 1237 509 1276 451ss
534 1250 610 1276 nos
632 1250 722 1276 esse
746 1236 894 1287 voluit,
918 1234 1042 1276 talis
1034 1249 1123 1291 lpse
1146 1235 1190 1275 in
1211 1245 1374 1276 ceteros
1393 1236 1575 1277 exstitit.
1622 1236 1722 1282 Qua

293 1308 359 1334 en·
366 1308 406 1334 m
437 1293 479 1333 in
506 1293 700 1334 barbaria
720 1293 944 1348 quisquam
969 1303 1055 1333 tam
1086 1301 1222 1343 taeter,
1253 1301 1339 1334 tam
1369 1293 1550 1334 erudelis
1577 1303 1724 1348 tyran-

291 1365 386 1401 nus,
408 1365 535 1405 quam
554 1351 596 1390 in
619 1350 698 1390 hac
716 1350 818 1390 urbe
837 1349 963 1391 armis
988 1350 1263 1390 barbarorum
1282 1350 1463 1406 stipatus
1482 1350 1724 1392 Antonius?

293 1407 464 1449 Caesare
499 1407 749 1448 dominante
781 1407 1054 1448 veniebamus
1083 1407 1125 1447 in
1153 1416 1362 1457 senatum,
1394 1422 1427 1447 sx
1460 1421 1546 1447 non
1574 1407 1724 1456 libere,

291 1474 480 1505 attamen
504 1473 613 1504 tuto.
645 1464 729 1505 hoe
750 1464 1024 1520 archipirata,
1046 1464 1167 1518 (quid
1190 1465 1304 1504 enim
1331 1464 1471 1505 dicam
1495 1473 1540 1519 ι)
1545 1466 1725 1515 ranno?)

289 1521 386 1562 haec
420 1521 619 1562 subsellia
655 1522 708 1562 ab
744 1521 898 1577 ltyreis
940 1521 1278 1577 occupabantur.
1339 1521 1544 1577 Prorupit
1581 1521 1726 1562 subito

293 1578 587 1628 Brundisium
610 1588 657 1619 ut
677 1579 789 1630 inde,
811 1578 983 1635 agmine
1000 1578 1223 1642 quadrato,
1243 1579 1295 1619 ad
1313 1579 1461 1619 urbem
1480 1578 1723 1619 accederet.

291 1635 578 1676 lautissimum
600 1636 823 1691 oppidum,
855 1650 968 1678 nunc
997 1635 1296 1691 municipium,
1324 1635 1726 1676 honestissimorum

291 1693 507 1756 quondam
531 1693 798 1744 colonorum,
821 1692 1035 1757 Suessam,
1063 1691 1394 1733 fortissimorum
1420 1692 1606 1733 militum
1629 1707 1726 1732 san-

291 1764 423 1806 grune
448 1750 667 1806 implevit:
702 1750 935 1801 Brundisii,
966 1750 1010 1790 in
1040 1750 1150 1800 sinu,
1177 1764 1262 1790 non
1294 1750 1422 1790 modo
1449 1750 1730 1800 avarissimae,

292 1807 365 1847 sed
404 1808 534 1847 etiam
567 1807 870 1848 crudelissimae
909 1806 1071 1857 uxoris,
1109 1806 1296 1848 delectos
1330 1805 1504 1848 Martiae
1544 1807 1729 1862 legionis

291 1865 564 1905 centu1iones
587 1864 832 1905 trucidavit.
866 1864 963 1905 inde
996 1878 1040 1904 se
1071 1878 1156 1918 quo
1186 1863 1343 1914 furore,
1371 1878 1456 1919 quo
1487 1863 1651 1914 ardore,
1673 1864 1729 1905 ad

162 1922 459 1972 r-250-u1bem‚
487 1921 530 1962 id
560 1930 639 1973 est,
672 1921 724 1962 ad
749 1921 912 1962 caedem
936 1921 1089 1976 optimi
1122 1920 1345 1984 cujusque,
1376 1920 1591 1984 rapiebat!
1625 1921 1730 1967 Quo

250 1976 487 2034 a'tempore
523 1978 583 2018 dii
625 1953 885 2019 immortales
925 1978 1006 2034 ipsi
1041 1978 1289 2034 praesidium
1313 1992 1608 2042 ‘improvisum
1648 1992 1727 2019 nec

247 2027 573 2090 9opinantibus
595 2036 720 2076 nobis
743 2035 1004 2076 obtulerunt.
1051 2034 1234 2076 Caesaris
1255 2035 1371 2075 enim
1393 2034 1655 2076 incredibilis
1676 2050 1727 2079 ac

234 2098 282 2134 19
295 2092 380 2132 div
373 2107 442 2132 ina
465 2092 612 2143 virtus,
634 2093 810 2133 latronis
833 2093 1018 2148 impetus
1040 2092 1229 2133 crudeles
1251 2107 1300 2133 ac
1322 2091 1576 2133 furibundos
1598 2102 1730 2132 retar-

292 2149 437 2190 davit:
485 2164 612 2204 quem
648 2159 739 2190 tum
772 2150 840 2190 ille
872 2150 1044 2190 demens
1078 2149 1231 2190 laedere
1265 2163 1308 2190 se
1343 2150 1525 2214 putabat
1560 2149 1727 2202 edictis,

293 2206 565 2261 ignorans‚46
578 2221 862 2261 quaecumque
882 2206 987 2247 falso
1007 2206 1195 2247 dicer'et
1188 2221 1228 2246 m
1250 2206 1565 2247 sanctissimum
1584 2205 1728 2247 adole-

292 2272 498 2314 scentem,
520 2277 570 2303 ea
595 2278 693 2304 vere
716 2264 932 2304 recider'e
926 2279 966 2304 in
992 2263 1241 2304 memoriam
1265 2263 1460 2319 pueritiae
1491 2262 1730 2304 suae.1n-

292 2333 461 2376 gressus
485 2321 629 2361 urbem
662 2330 740 2373 est,
773 2335 858 2376 quo
889 2321 1113 2374 comitatu,
1136 2320 1202 2362 vel
1232 2321 1374 2377 potius
1401 2320 1598 2377 agmine!
1630 2334 1730 2362 cum

330 2474 373 2501 42
388 2470 449 2500 nisi
465 2471 550 2501 honis
563 2470 675 2510 salvis]
702 2471 762 2501 Est
775 2482 794 2501 a
809 2472 955 2502 Ferrario
970 2482 988 2502 e
1031 2482 1050 2502 a
1065 2470 1203 2510 FaErno,
1219 2471 1306 2503 Mur.
1320 2472 1424 2503 Graev.
1436 2472 1537 2503 etiam
1550 2471 1658 2503 Guelf.
1674 2471 1732 2510 ha,-

291 2510 371 2543 (jod.
396 2513 499 2551 Lang.
525 2515 623 2543 ceteri
646 2523 759 2543 omnes
782 2523 843 2544 scr.
867 2520 899 2544 et
915 2514 987 2544 cdd.
1031 2514 1097 2544 bet.

288 2556 389 2590 nobis,
417 2555 477 2584 nisi
501 2555 587 2594 quod
612 2555 719 2585 Guell'.
743 2556 836 2586 vobis.
862 2556 988 2586 restitui
1073 2559 1113 2586 45
1130 2557 1163 2586 in
1178 2557 1310 2586 nos—in
1328 2555 1458 2595 ceteros]
1477 2555 1540 2595 Qui
1557 2560 1635 2586 sunt
1650 2560 1733 2586 cete-

289 2598 392 2627 uobis:
417 2597 556 2627 refertur
577 2598 664 2627 enim
693 2597 731 2627 ad
753 2599 988 2636 opprimamur.
1032 2599 1084 2627 ri?
1107 2608 1236 2638 nempe,
1256 2598 1310 2637 qui
1332 2603 1409 2628 sunt
1429 2603 1521 2628 extra
1534 2598 1668 2629 urbem:
1695 2604 1733 2630 ut

290 2638 332 2669 Et
347 2639 512 2669 sententia
526 2649 564 2668 ex
579 2639 637 2669 illa
651 2639 790 2670 lectione
804 2641 915 2680 inepta
927 2645 988 2671 est.
1033 2640 1065 2670 id
1081 2641 1242 2680 pertineat
1258 2640 1298 2670 ad
1313 2640 1461 2680 exempla
1482 2640 1733 2671 interfectorum

289 2690 366 2711 narn
382 2681 524 2711 fortunae
539 2687 616 2710 sunt
633 2682 701 2721 ipsa
716 2682 810 2712 bona.
1033 2683 1151 2712 civium
1168 2682 1262 2712 Rom.
1285 2684 1421 2718 Suessae,
1439 2681 1616 2713 Brundisii.

331 2726 371 2753 43
406 2733 505 2762 quam
533 2722 689 2763 ttbjeaus]
731 2734 759 2753 v.
803 2723 893 2755 Clav.
923 2722 987 2755 Ms.
1073 2726 1115 2755 46
1137 2723 1447 2764 quaecumquefnlso
1462 2725 1490 2753 is
1509 2723 1641 2764 diceret]
1665 2723 1733 2754 De-

290 2764 400 2804 Huy.‹l
424 2770 502 2795 esset
525 2765 621 2795 habet
647 2771 719 2805 post
741 2764 898 2807 alveolus,
921 2775 988 2796 non
1032 2765 1093 2796 levi
1116 2768 1155 2804 is,
1171 2766 1257 2806 quod
1271 2777 1289 2796 e
1303 2766 1372 2796 sola
1386 2767 1575 2806 conjectura
1595 2766 1733 2797 Ferrarii

288 2812 362 2847 post
375 2806 555 2846 confectus,·
580 2807 665 2846 quod
682 2820 700 2847 1
694 2807 722 2837 l·
716 2815 788 2838 acet
804 2809 917 2847 magis.
1031 2814 1099 2838 est:
1116 2814 1154 2840 ut
1171 2809 1292 2842 mirum
1306 2809 1364 2848 sit,
1376 2818 1395 2841 a
1409 2808 1551 2843 Grutero
1566 2812 1733 2846 servatum

329 2851 371 2881 44
391 2860 424 2881 se
445 2849 618 2892 abstinere]
643 2850 801 2882 Additum
824 2861 841 2886 e
859 2850 941 2883 Mss.
958 2860 991 2881 se
1031 2859 1112 2883 esse.
1683 2853 1686 2857 ’
