1769 3174
240 146 340 183 1022
834 145 1081 184 ORATIO

239 248 283 290 in
305 248 483 289 eandem
506 248 621 290 illam
642 249 829 292 recidere
852 249 1084 301 fortunam,
1106 264 1233 305 quam
1258 257 1421 291 tantam
1447 249 1679 306 importare

237 306 345 346 meis
368 304 663 348 defensoribus
685 317 728 348 et
750 283 1122 349 conserv·1t01ibi1s
1145 306 1447 348 calamitatem.
1504 307 1573 348 An
1596 321 1678 363 ego

240 363 283 403 in
304 362 383 404 hac
404 363 509 404 urbe
530 378 620 405 esse
642 364 818 420 possim,
835 364 902 405 his
926 365 1072 420 pulsis,
1091 364 1163 419 qui
1186 379 1252 405 me
1274 364 1402 419 hujus
1425 364 1543 404 urbis
1561 378 1680 405 com·

244 430 391 476 potem
416 419 638 462 fecerunt?
668 436 754 463 non
777 437 872 464 cr:o
905 436 990 462 non
1015 433 1164 478 potero
1187 435 1291 471 esse,
1317 421 1511 476 judices:
1545 434 1685 476 neque

241 477 313 519 hic
335 492 537 541 umquam
566 492 684 534 puer,
707 479 778 533 qui
813 479 878 519 his
910 478 1122 533 lacrymiS‚
1145 492 1229 532 qua
1260 478 1314 517 sit
1346 478 1520 533 pietate,
1541 476 1683 519 decla-

241 544 321 585 rat,
342 535 498 576 amisso
523 545 642 590 patre
661 550 737 576 suo
760 545 935 591 propter
958 550 996 574 rn
1003 550 1040 585 e,
1066 549 1131 574 me
1164 536 1303 590 ipsum
1337 535 1597 575 ineolumem
1620 533 1684 575 vi-

241 592 391 634 debit:
425 606 517 642 nec,
539 592 893 656 quotiescumque
924 606 991 631 me
1025 592 1192 641 νίὼιὶῑ,
1225 591 1494 647 ingemiscet,
1525 606 1575 632 ac
1606 604 1685 647 pe-

243 658 351 690 stem
383 663 517 698 snam,
539 659 582 689 et
613 650 745 705 patris
777 664 855 698 sui,
881 663 969 689 sese
1000 648 1114 689 (licet
1138 648 1295 688 videre.
1359 647 1453 704 Ego
1485 661 1584 688 vero
1608 661 1682 688 vos

243 707 286 747 in
319 706 435 746 omni
469 705 629 746 fortun
618 722 655 757 1,
677 720 961 761 quaecumque
991 706 1072 746 erit
1103 705 1260 755 oblata,
1282 706 1573 760 complectar:
1607 718 1686 746 nee

242 777 312 804 me
345 763 399 803 ab
433 762 499 812 iis,
532 778 639 819 quos
668 777 766 804 meo
804 777 978 804 nomme
1009 762 1248 804 sordidatos
1284 762 1450 813 videtis,
1481 776 1685 817 umquam

244 820 329 860 ull-1
360 819 533 861 fortuna
558 820 755 861 divellet:
788 833 925 876 neque
955 834 1016 861 eae
1048 821 1258 870 nationes,
1280 819 1436 883 quibus
1467 833 1536 860 me
1568 833 1690 860 sena-

245 886 314 918 tus
335 877 560 918 commend
567 878 669 927 suit,
692 877 847 933 quibus
872 877 924 917 de
956 891 1022 918 me
1044 877 1202 933 gratias
1233 877 1338 933 egit,
1357 876 1473 918 hunc
1495 876 1687 917 exsulem

246 944 423 991 propter
444 948 513 974 me
536 934 626 974 sine
648 948 716 974 me
739 934 961 975 videbunt.

167 995 238 1034 147
307 992 390 1032 Sed
421 990 516 1032 haec
546 991 605 1031 dii
638 991 914 1055 immortales,
938 990 1011 1046 qui
1042 1005 1110 1032 me
1142 991 1226 1032 suis
1259 990 1429 1047 templis
1459 989 1690 1032 advenien-

251 1058 336 1089 tem
368 1056 634 1112 receperunt,
665 1048 870 1105 stipatum
902 1049 956 1089 ab
988 1047 1053 1088 his
1086 1048 1199 1099 viris,
1221 1056 1265 1088 et
1297 1047 1346 1089 P.
1372 1047 1554 1089 Lentulo
1585 1062 1689 1088 con-

248 1105 352 1156 sule,
385 1114 514 1169 atque
545 1105 639 1161 ipsa
669 1105 924 1169 respublica,
954 1120 1040 1160 qua
1069 1105 1176 1145 nihil
1206 1113 1270 1145 est
1301 1105 1503 1155 sanctius,
1534 1114 1687 1145 vestrae

247 1163 467 1218 potestati,
490 1161 677 1217 judices,
708 1162 1031 1204 commiserunt.
1064 1177 1138 1203 vos
1176 1162 1260 1203 hoc
1293 1162 1462 1217 judicio
1494 1161 1689 1202 omnium

247 1221 459 1261 bonorum
490 1227 655 1260 mentes
686 1220 955 1284 confirmare,
978 1219 1271 1275 imp1··ob01um
1306 1220 1536 1275 repr-imme
1566 1227 1690 1274 pote-

246 1277 349 1318 stis:
384 1291 459 1317 vos
491 1275 557 1316 his
587 1276 755 1319 civibus
786 1277 849 1318 uti
881 1276 1073 1334 optimiS,
1096 1292 1171 1319 vos
1202 1290 1271 1317 me
1293 1277 1480 1327 reficere,
1501 1285 1544 1317 et
1566 1290 1689 1317 reno-

245 1348 345 1375 ’,ωε
375 1333 700 1389 rempublicam.
762 1334 907 1380 Quare
927 1349 1001 1375 vos
1023 1335 1230 1384 obtestor,
1253 1343 1381 1389 atque
1412 1334 1606 1383 obsecro,
1627 1340 1690 1382 ut,

245 1391 279 1431 si
310 1405 380 1431 me
411 1391 574 1431 salvum
604 1405 695 1432 esse
726 1391 936 1443 voluistis,
966 1406 1039 1432 eos
1069 1391 1348 1443 conservetis,
1378 1405 1453 1448 per
1482 1404 1590 1446 quos
1620 1402 1690 1430 me

246 1448 588 1505 recuperavistis.

138 1623 238 1663 »29-
552 1618 623 1665 M.
668 1617 928 1665 TULLII
972 1616 1388 1666 cicssssoms
1450 1592 1453 1594 ’

423 1729 1515 1866 ΨΑΤΙῙΝΝΙΠΜ

540 1923 755 1968 ORATIO,
781 1922 980 1961 TERTIA
1007 1923 1076 1960 ET
1101 1922 1401 1960 TRICESIMA.

766 2069 1172 2107 ARGUMENTUM.

249 2138 336 2173 Cum
354 2139 449 2173 iuter
468 2143 572 2174 testes
591 2143 717 2174 contra
738 2138 902 2174 Sextium
926 2139 1124 2186 productus
1152 2143 1240 2175 esset
1264 2137 1443 2181 Vatinius,
1468 2142 1503 2174 et
1530 2136 1696 2187 defensor

298 2190 415 2225 Sextii
435 2190 558 2226 Cicero
576 2193 608 2226 ei
636 2196 725 2226 esset
752 2192 1030 2230 inimicissimus,
1061 2196 1262 2239 opportune
1289 2191 1448 2226 oblatam
1475 2192 1696 2227 occasionem

298 2243 457 2289 arripuit
488 2241 626 2279 Vatinii
659 2244 866 2279 ulciscendi.
928 2242 1058 2291 Itaque
1088 2256 1168 2278 cum
1201 2242 1398 2291 deffensoris
1429 2243 1596 2290 inprimis
1632 2242 1698 2278 hoc

299 2298 399 2333 esset,
421 2298 460 2329 ut
480 2298 583 2330 testes
598 2296 794 2342 productos
812 2299 896 2343 apte
914 2301 1088 2343 acuteque
1113 2296 1368 2342 interrogando
1397 2295 1588 2331 calumniae
1614 2306 1697 2330 con-

298 2347 453 2382 vinceret
468 2360 480 2385 ,·
512 2347 636 2382 Cicero
661 2346 858 2386 Vatinium,
879 2349 953 2394 qui,
974 2359 1043 2395 quo
1069 2359 1197 2394 genere
1223 2349 1286 2388 sit,
1305 2348 1483 2395 quomodo
1510 2349 1549 2383 in
1573 2348 1699 2395 pueri-

300 2399 354 2433 tia
385 2399 526 2438 vixerit,
558 2400 647 2446 quiri
679 2400 715 2434 in
748 2404 930 2447 quaestura
965 2404 1112 2447 totoque
1142 2399 1330 2435 tribunatu
1351 2399 1501 2448 fecerit,
1539 2410 1583 2435 ac
1614 2403 1697 2435 tan-

300 2451 379 2486 dem
409 2452 520 2486 etiam
553 2452 596 2486 de
624 2452 702 2498 ipsa
738 2463 858 2492 causa,
887 2452 949 2486 sed
981 2453 1133 2487 breviter
1163 2453 1421 2498 interrogavit,
1445 2452 1607 2487 omnibus
1637 2462 1697 2487 ve-

300 2502 481 2538 hementer
504 2503 771 2550 plaudentibus.
827 2503 958 2550 Itaque
985 2504 1058 2539 lzaec
1085 2516 1156 2538 non
1188 2508 1263 2538 tam
1295 2506 1413 2540 oratio
1442 2516 1552 2551 qaam
1577 2504 1696 2540 inter-

299 2555 451 2603 rogatio
471 2559 534 2597 est,
557 2556 855 2602 quemadmodum
874 2556 917 2592 ab
936 2557 1012 2604 ipso
1035 2556 1203 2591 Cicerone
1220 2567 1298 2604 cap.
1319 2556 1386 2592 ult.
1406 2556 1628 2604 appellatur.

209 2623 325 2684 151
365 2648 438 2679 tua
479 2638 794 2689 tantummodo,
826 2638 990 2689 Vatini,
1023 2639 1127 2694 quid
1169 2639 1404 2695 indignitas
1447 2638 1699 2695 postularet,

218 2704 444 2751 ispeetare
476 2695 718 2746 voluissem,
745 2695 940 2736 fecissem
973 2696 1029 2746 id,
1060 2697 1174 2752 quod
1206 2696 1272 2737 his
1303 2697 1578 2738 vehementer
1608 2695 1699 2752 pla-
1760 2697 1761 2701 ’

252 2753 392 2804 cebat,
436 2762 483 2793 ut
530 2762 587 2803 te,
629 2752 753 2807 cnjus
797 2753 1109 2804 testimonium,
1158 2762 1334 2810 propter
1383 2753 1698 2809 turpitudinem

250 2809 352 2850 vitae
386 2809 615 2864 sordesque
646 2810 918 2861 domesticis
949 2810 1104 2852 nullius
1137 2812 1345 2853 momenti
1377 2819 1614 2867 putaretur,
1636 2817 1700 2850 ta-

251 2866 362 2909 citus
385 2867 663 2908 dimitterem.
694 2881 821 2908 nemo
843 2868 958 2909 enim
990 2867 1143 2910 horum
1170 2877 1243 2910 aut
1266 2869 1326 2910 ita
1346 2877 1387 2909 te
1410 2867 1702 2917 refutandum,
