1785 3185
487 91 842 132 PHILIPPICA
868 92 1073 130 PRIMA.
1401 96 1500 135 1247

65 209 163 238 cum
199 194 419 236 dictatoris
462 210 633 246 nomen,
664 195 779 250 quod
824 209 938 249 saepe
972 194 1140 249 justum
1189 193 1351 245 fnisset,
1391 210 1493 251 pro-

63 261 158 307 pter
186 261 404 306 perpetuae
435 252 660 294 dictaturae
691 260 905 292 recentem
927 250 1191 300 memoriam,
1214 251 1405 292 funditus
1435 251 1500 294 ex'

63 307 281 363 republica
331 308 582 349 sustulisset.
646 311 679 338 ¹1
706 308 930 348 Liberatus
973 307 1103 347 caedis
1155 307 1344 362 periculo
1386 317 1525 364 pau-5

61 364 123 405 cis
155 373 253 419 post
282 364 431 405 diebus
463 374 660 406 senatus:
695 379 827 406 uncus
860 364 1072 419 impactus
1103 372 1168 403 est
1199 363 1385 418 fugitivo
1417 366 1492 416 illi,

60 421 133 475 qui
176 421 218 462 in
263 420 314 462 C.
358 421 489 462 Marii
531 436 687 463 nomen
731 422 956 462 invaserat.
1025 419 1169 474 Atque
1210 419 1305 460 haec
1347 423 1494 462 omnia.

58 477 344 518 communiter
380 493 478 519 cum
515 479 693 534 collega.
727 478 809 519 alia
847 492 973 533 porro
1012 476 1185 533 propria
1222 474 1489 520 Dolabellae:

58 548 154 588 quae
189 535 270 575 nisi
307 535 471 591 collega
503 536 724 586 abfuisset,
760 536 886 576 credo
925 535 984 574 eis
1023 534 1152 574 fuisse
1192 532 1336 573 futura
1371 548 1491 574 com-

56 591 216 632 munia.
289 591 417 644 Nam,
457 608 554 634 cuin
596 603 781 647 serperet
823 593 865 632 in
909 592 1012 632 urbe
1057 590 1273 631 infinitum
1314 589 1490 643 malum,

57 647 185 702 idque
215 659 407 690 manaret
448 650 491 690 in
533 650 622 690 dies
664 650 814 700 latius3
847 648 1060 702 iidemque
1093 648 1265 687 bustum
1309 646 1352 687 in
1395 646 1490 688 foro

57 703 260 755 facerent,
302 707 374 760 qui
421 706 533 747 illam
579 706 884 761 1‘2iusepultam
927 704 1187 760 sepulturam
1231 703 1489 747 effecerant:

54 769 98 801 et
119 762 312 816 quotidie
333 764 470 818 magis
493 763 713 820 magisque
737 762 890 818 perditi
913 762 1121 812 homines,
1145 775 1244 802 cum
1274 761 1336 800 sui
1370 762 1488 802 simi-

55 817 167 859 libus
197 820 341 869 servis,
366 820 488 860 tectis
519 834 568 860 ac
600 820 768 876 templis
801 820 917 860 urbis
949 819 1235 860 minarentur:
1270 817 1364 858 talis
1395 819 1488 859 ani-

53 876 293 917 madversio
316 876 397 916 fuit
421 876 784 927 Dolabellae,cum
807 877 850 916 in
871 876 1051 917 audaces
1075 875 1386 930 sceleratosque
1400 889 1485 916 ser-

53 946 144 983 vos,
169 941 258 974 tum
282 933 323 973 in
346 933 534 989 impuros
556 944 599 974 et
620 933 803 975 nefarios
825 934 1006 984 liberos;
1039 932 1218 988 talisque
1239 932 1402 972 eversio
1434 932 1485 973 il-

52 987 134 1029 lius
151 999 384 1030 exsecratae
406 990 632 1042 columnae,
654 999 702 1031 ut
723 991 880 1031 mirum
899 990 1005 1031 mihi
1029 990 1236 1039 videatur,
1254 999 1342 1029 tam
1361 989 1483 1030 valde

52 1045 260 1101 reliquum
294 1055 461 1102 tempus
488 1051 522 1078 13
533 1049 587 1089 ab
608 1048 680 1089 illo
703 1063 788 1089 uno
811 1046 879 1088 die
901 1047 1161 1088 dissensisse.
1223 1045 1337 1087 Ecce
1367 1047 1517 1092 enims

55 1101 258 1144 Kalendis
282 1103 439 1155 JuniiS,
462 1105 618 1160 quibus
641 1114 688 1146 ut
709 1105 950 1145 adessemus
973 1104 1179 1153 edixerat,
1202 1111 1369 1143 mutata
1390 1118 1482 1144 om-

51 1159 146 1201 nia:
178 1160 287 1201 nihil
318 1175 393 1216 per
423 1173 631 1213 senatum,
653 1162 788 1203 multa
817 1171 858 1201 et
892 1175 1047 1216 magna
1078 1174 1153 1216 per
1185 1159 1407 1215 populum,
1438 1169 1610 1213 etp,154.

50 1217 226 1257 absente
257 1217 416 1273 populo
446 1228 490 1259 et
520 1219 671 1260 invito.
694 1218 887 1260 consules
919 1217 1131 1273 designati
1163 1231 1206 1257 se
1229 1217 1382 1258 audere
1405 1226 1520 1258 ne-a·

49 1273 212 1328 gabant
242 1274 286 1315 in
317 1285 510 1316 senatum
542 1276 713 1318 venire:
748 1275 898 1332 patria:
935 1275 1183 1316 liberatores
1219 1274 1325 1314 urbe
1363 1289 1481 1316 care-

49 1329 155 1371 bant
177 1345 239 1381 ea,
261 1331 383 1386 cujus
402 1348 427 1373 a
448 1333 685 1374 cervicibus
710 1333 867 1388 jugum
891 1332 1043 1372 servile
1065 1331 1309 1386 dejecerant
1332 1348 1340 1373 :
1373 1346 1480 1386 quos

49 1395 192 1428 tamen
223 1389 304 1443 ipsi
336 1391 529 1430 consules
559 1401 602 1430 et
632 1391 675 1430 in
707 1390 988 1431 concionibus
1011 1399 1053 1430 et
1076 1389 1118 1429 in
1141 1388 1257 1429 omni
1287 1402 1482 1430 sermone

46 1442 294 1486 laudabant.
357 1447 601 1488 14Veterani
642 1448 713 1502 qui
754 1446 1036 1502 appellantur,
1066 1445 1221 1500 quibus
1264 1445 1336 1486 hic
1376 1446 1481 1486 ordo

48 1499 374 1556 diligentissime
407 1514 591 1554 caverat,
625 1519 711 1545 non
745 1505 797 1544 ad
829 1503 1200 1544 conservationem
1233 1516 1380 1542 earum
1417 1517 1482 1543 re-

45 1570 156 1609 rum,
177 1573 280 1613 quas
313 1559 542 1613 habebant,
565 1562 636 1602 sed
658 1562 709 1602 ad
736 1575 853 1617 spem
877 1575 1083 1601 novarum
1106 1559 1348 1615 praedarum
1372 1560 1480 1600 inci-

46 1615 261 1656 tabantur.
323 1616 434 1662 Quae
468 1633 566 1658 cum
599 1619 745 1659 audire
777 1617 961 1668 mallem,
992 1631 1121 1672 quam
1152 1616 1310 1667 videre,
1345 1616 1476 1657 habe-

47 1684 220 1727 remque
243 1672 317 1727 jus
348 1673 574 1730 legationis
605 1675 800 1725 liberum,
823 1689 872 1715 ea
901 1684 1045 1714 mente
1072 1673 1262 1723 discessi,
1285 1682 1332 1713 ut
1353 1674 1475 1714 ades-

42 1741 130 1768 sem
156 1728 360 1772 Kalendis
379 1732 611 1787 Januariis,
633 1733 747 1787 quod
770 1732 941 1773 initium
964 1740 1134 1772 senatus
1165 1729 1349 1786 cogendi
1381 1730 1474 1771 fore

42 1784 280 1828 videbatur.

99 1841 309 1898 Exposui,
330 1853 471 1900 patres
492 1846 740 1902 conscripti,
764 1844 1044 1902 profectionis
1066 1843 1292 1885 consilium
1313 1860 1322 1885 ε
1354 1847 1514 1895 nuncss

41 1900 309 1952 reversionis,
341 1916 437 1957 quae
473 1903 566 1958 plus
605 1903 899 1945 admirationis
934 1902 1078 1952 habet,
1115 1901 1300 1942 breviter
1333 1915 1506 1958 expo-7

40 1968 156 1996 nam.
231 1957 342 1998 Cum
385 1959 676 2011 Brundisium,
716 1961 881 2015 iterque
922 1959 1040 2009 illud,
1078 1958 1193 2012 quod
1235 1959 1383 1999 tritum
1424 1959 1470 2000 in

42 2011 260 2054 Graeciam
285 2024 362 2066 est,
387 2030 471 2057 non
503 2017 592 2058 sine
621 2033 750 2059 causa
773 2016 1031 2065 vitavissem‚
1057 2014 1261 2071 Kalendis
1294 2015 1471 2056 Sextili-

41 2068 119 2111 bus
142 2071 236 2111 veni
261 2071 506 2127 Syracusas,
528 2074 642 2129 quod
673 2075 727 2115 ab
758 2074 862 2115 urbe
893 2088 943 2114 ea
973 2072 1237 2113 transmissio
1267 2072 1313 2113 in
1345 2072 1470 2114 Grae-

297 2154 302 2160 .
1120 2139 1130 2153 D

80 2247 113 2274 ll
140 2243 316 2276 Liberatus
328 2246 435 2286 caedae's]
454 2247 517 2277 Ms.
532 2250 624 2276 vetus
639 2246 729 2276 Grae-

36 2285 99 2316 vii:
123 2287 449 2319 liberatus—senatus
467 2288 647 2319 videbatur.
665 2288 727 2319 Gu.

40 2326 213 2359 Liberatus
224 2335 270 2360 est
281 2332 460 2369 aperiente
471 2335 612 2361 senatus.
634 2329 728 2361 Pau-

36 2370 82 2399 eis
90 2374 162 2409 post
178 2371 286 2402 diebus
301 2382 404 2402 uncus
426 2373 484 2403 διο.
529 2372 624 2412 Quod
647 2373 727 2403 mihi

36 2420 148 2442 verum
165 2413 299 2444 videtur.
316 2424 390 2444 nani
411 2416 525 2453 paucis
534 2419 606 2454 post
620 2415 729 2446 diebus

39 2454 210 2485 manifeste
224 2456 265 2487 ad
278 2456 471 2497 supplicium
488 2457 728 2487 Pseudo-Marii

36 2497 190 2534 pertinet.

79 2540 117 2569 12
151 2539 250 2578 insep.
285 2542 489 2580 sepulturam
523 2539 720 2580 refecerant]

35 2578 205 2619 Insepulta
227 2590 292 2620 sep.
322 2583 457 2614 Caesaris
485 2582 617 2619 dicitur,
649 2583 725 2621 quia

34 2629 104 2653 erat
127 2630 241 2654 contra
262 2624 360 2664 leges,
378 2635 436 2655 nec
451 2630 611 2665 tyrannus
630 2624 724 2654 debe-

34 2664 92 2695 bat
119 2666 257 2704 sepeliri.
283 2665 476 2706 refecerant,
501 2666 589 2707 quod
614 2676 631 2696 e
659 2667 724 2697 Ms.

34 2706 168 2737 Liliensi
195 2707 294 2738 edidit
317 2708 488 2746 Gruterus,
514 2712 611 2745 esset,
633 2717 722 2749 repe-

34 2750 170 2786 tierant,
186 2750 339 2782 columna
353 2751 471 2781 Caesari
489 2752 524 2781 in
546 2750 617 2780 foro
639 2751 724 2791 posi-

771 2255 830 2276 nos
855 2245 957 2275 secuti
984 2254 1107 2275 sumus.
1134 2254 1212 2274 nam
1238 2244 1379 2275 refertur
1405 2243 1469 2276 hoe

771 2287 942 2318 manifeste
957 2286 998 2318 ad
1008 2287 1148 2327 primam
1160 2286 1252 2317 illam
1263 2287 1467 2327 sepulturam

772 2330 942 2370 injustam.
1274 2326 1296 2345 ⁴

816 2374 851 2403 13
873 2372 914 2401 ab
927 2371 983 2402 illo
995 2379 1060 2400 uno
1074 2369 1139 2409 die]
1165 2371 1233 2402 Cur
1252 2371 1344 2400 uno?
1367 2380 1467 2410 quam

769 2413 802 2443 id
829 2413 895 2443 vim
923 2413 1044 2443 habet?
1077 2412 1158 2442 mihi
1189 2417 1376 2452 suspectum
1405 2419 1466 2444 est.

768 2456 820 2485 An
847 2455 911 2486 fuit
934 2455 1072 2494 primo?
1107 2455 1159 2484 eui
1190 2455 1272 2484 bene
1301 2455 1465 2494 reliqzmm

768 2502 894 2537 tempus
907 2496 1089 2536 respondet.

812 2542 850 2570 14
874 2538 1027 2570 Veterani
1050 2538 1106 2579 qui
1130 2537 1354 2578 appellantur]
1383 2537 1465 2573 Mss.

768 2581 924 2622 plerique,
947 2582 1046 2611 etiam
1071 2581 1135 2611 Gu.
1158 2585 1192 2609 et
1214 2579 1286 2610 edd.
1302 2584 1382 2610 vett.
1405 2588 1464 2619 ap-

763 2624 987 2664 pellabantur,
1014 2622 1101 2662 quod
1129 2621 1275 2652 restituit
1303 2621 1464 2652 Graevius.

768 2665 892 2696 utrovis
921 2664 1017 2694 modo
1044 2665 1146 2703 legas,
1175 2672 1288 2693 sensus
1318 2672 1386 2693 non
1413 2668 1464 2694 est

765 2706 967 2737 commodus,
997 2706 1079 2737 mihi
1108 2706 1170 2736 hoc
1198 2705 1254 2744 qui
1282 2714 1360 2743 app.
1387 2713 1464 2744 spu-

766 2749 852 2780 rium
868 2748 1004 2779 videtur.
1043 2749 1114 2779 Nec
1129 2747 1218 2777 enim
1232 2746 1373 2785 intelligi
1389 2752 1465 2786 pot-

33 2796 81 2821 ta.
117 2791 262 2822 Graevius
276 2793 421 2822 restituit
434 2791 623 2832 effecerant,
639 2791 727 2831 quod
767 2795 830 2828 est,
846 2800 944 2830 quare
959 2788 1118 2820 addatur:
1142 2798 1202 2818 nec
1223 2788 1352 2828 uspiam
1374 2787 1464 2820 addi·

33 2836 67 2863 et
86 2831 148 2864 Gu.
162 2837 196 2867 et
209 2833 279 2866 edd.
294 2843 344 2875 pr.
359 2833 492 2868 habent.
524 2834 636 2867 Recte.
649 2843 726 2865 eum
768 2837 842 2864 tum
856 2832 922 2865 tale
939 2831 1017 2872 quid
1031 2831 1108 2866 huic
1123 2830 1219 2863 verbo
1233 2829 1351 2872 reperi.

673 2881 806 2921 4242
