1785 3185
216 136 316 172 1362
799 134 1051 173 ORATIO

214 251 290 277 cus
311 251 446 289 meus,
470 237 589 294 pacis
620 239 850 280 commoda
879 247 1203 281 commemorat.
1226 239 1347 294 quasi
1370 253 1490 291 vero,
1509 240 1545 281 si
1568 239 1658 281 Iau-

215 293 357 335 danda
379 309 463 349 pax
486 304 610 346 esset,
632 310 714 352 ego
738 297 778 338 id
802 311 925 351 aeque
948 298 1175 338 commode
1200 296 1339 339 facere
1362 311 1446 338 non
1472 311 1658 352 possem.

218 351 348 392 semel
369 352 485 393 enim
508 367 655 408 pacem
658 330 880 395 O'delendi.
873 356 885 382 Ρ
917 367 1002 394 ιιοιι
1026 369 1192 409 semper
1213 356 1305 395 otio
1337 354 1507 395 studui.
1500 356 1512 383 Ρ
1543 354 1658 408 quod

219 422 318 448 cum
341 409 540 451 omnibus
572 411 695 451 bonis
727 410 831 451 utile
861 420 940 460 est,
964 419 1054 450 tum
1088 411 1303 466 praecipue
1334 411 1455 452 mihi.
1517 411 1659 457 Quem

218 465 333 506 enim
356 481 525 507 cursum
550 467 727 508 industri
733 482 757 507 ιι
778 481 873 507 mea
895 475 1037 508 tenere
1063 468 1284 522 potuisset,
1307 468 1397 508 siue
1419 468 1661 509 forensibus

220 523 374 575 causis,
396 524 485 564 sinc
518 523 701 579 lenibus,
735 523 825 563 sine
851 523 1060 578 judiciis?
1092 539 1188 578 quae
1223 539 1313 565 esse
1346 540 1431 566 non
1468 532 1664 581 possunt,

162 579 467 637 1qciv1hpace
489 582 579 622 sub.
586 590 670 620 ιω.
712 579 843 620 “ised
866 595 1029 634 uqaeso,
1053 580 1274 636 C¹1lene,q
1281 581 1380 623 uid?
1412 591 1457 622 tu
1480 582 1662 622 servitu-

175 645 206 677 b.
223 645 322 687 tem,
346 652 496 693 pacem
528 639 682 679 Ἡοοι5Ρ
745 635 938 700 Maiores
960 637 1133 692 quidem
1167 639 1298 679 nostri
1332 652 1416 680 non
1449 638 1594 688 modo,
1617 648 1666 678 ut

218 693 342 735 liberi
361 703 516 744 essent,
534 695 605 734 scd
628 694 773 743 etiam,
791 703 839 734 ut
858 693 1131 758 imperarent,
1153 710 1270 735 arma
1288 694 1541 751 capiebant:
1570 697 1604 728 17
1617 705 1663 735 tu

219 763 338 791 arma
360 750 604 805 abjicienda
633 764 794 801 censes,
816 762 863 790 ut
895 752 1142 792 serviamus.
1204 752 1315 798 Quae
1348 767 1477 793 causa
1500 752 1664 807 justior

218 817 283 848 est
307 807 404 848 belli
429 808 620 863 gexemli,
642 822 767 863 quarn
805 808 1022 849 servitutis
1053 808 1275 872 depulsio?
1307 810 1350 850 in
1382 824 1466 864 qua
1495 808 1661 849 etiamsi

218 878 306 905 non
341 865 397 905 Sit
432 864 638 906 molestus
671 863 896 906 dominus.
930 874 1070 906 tamen
1105 875 1170 906 ‹st
1202 866 1503 916 miserrimum,
1526 880 1666 928 posse,

219 921 254 962 si
279 920 395 963 velit.
458 919 598 962 Immo
620 920 714 962 aliae
738 936 877 963 causae
902 922 1052 977 justae,
1076 922 1170 964 Ιιιθε
1201 924 1440 964 necessaria
1469 932 1549 963 est.
1581 937 1662 962 nisi

221 977 333 1020 sorte
366 978 417 1020 ad
451 988 492 1020 tc
525 978 608 1019 hoc
642 993 727 1019 non
764 988 887 1033 putas
911 980 1138 1034 pertinere,
1160 981 1274 1035 quod
1307 990 1348 1021 te
1379 980 1541 1021 socium
1573 979 1665 1020 fore

222 1048 366 1091 speras
406 1035 714 1076 dominationis
747 1035 944 1077 Antonii.
1009 1035 1107 1077 18Ιιι
1140 1052 1226 1092 quo
1261 1038 1325 1078 bis
1366 1037 1547 1078 labeiis:
1581 1037 1668 1092 pri-

221 1106 359 1143 mum,
384 1092 499 1147 quod
534 1101 625 1134 tuas
658 1093 843 1134 rationes
875 1094 1177 1135 communibus
1209 1095 1464 1150 anteponis:
1497 1094 1667 1142 deiude,

225 1148 341 1205 quod
364 1149 598 1205 quidquam
624 1149 839 1191 stabilem
864 1165 1012 1207 regno,
1037 1161 1110 1191 aut
1132 1151 1374 1205 jucundum
1404 1161 1543 1207 putas.
1566 1165 1667 1214 uon,

167 1227 213 1262 13
227 1221 260 1247 5ι
293 1206 370 1248 tibi
404 1216 532 1247 antea
561 1206 739 1271 profuit,
761 1222 928 1272 semper
959 1208 1164 1264 piwodeiit.
1226 1209 1494 1258 Quinetiam,
1517 1208 1668 1249 memi-

226 1262 286 1314 ni,
319 1266 355 1299 19
369 1264 422 1305 de
456 1263 542 1314 illo,
567 1264 755 1315 homine,
777 1265 896 1329 queli
929 1265 1123 1307 solebas:
1156 1266 1258 1320 quid
1295 1275 1336 1306 te
1368 1265 1583 1306 facturum
1616 1265 1671 1305 de

226 1320 368 1362 bellua
390 1323 547 1377 putas?
598 1323 639 1352 ‘20
651 1321 785 1376 Atqui
818 1322 895 1373 ais,
916 1336 1014 1362 cuin
1038 1332 1079 1363 te
1100 1337 1207 1373 esse,
1232 1323 1305 1377 qui
1329 1337 1494 1378 semper
1517 1336 1669 1378 pacem

226 1379 405 1434 optaris,
427 1392 596 1443 semper
617 1393 765 1419 omnes
787 1380 902 1420 cives
926 1379 1064 1420 salvos
1088 1380 1284 1421 volueris.
1348 1379 1545 1420 Honesta
1575 1393 1670 1419 oxa-

227 1436 318 1477 tio:
351 1435 424 1476 sed
457 1435 531 1486 ita,
555 1435 589 1476 si
624 1436 760 1477 bonos
793 1446 837 1476 ct
869 1436 990 1477 utiles
1024 1437 1243 1492 reipublic
1238 1453 1272 1477 ιυ
1307 1436 1451 1477 cives.
1486 1436 1549 1477 sin
1582 1450 1672 1486 eos,

224 1493 298 1548 qui
323 1502 475 1533 natum
500 1494 616 1533 cives
638 1502 752 1544 sunt,
775 1493 996 1534 voluntate
1014 1493 1173 1545 hostes,
1197 1493 1336 1534 salvos
1359 1493 1482 1535 velis:
1515 1493 1669 1548 mquid

225 1550 400 1592 tandem
432 1550 609 1591 interest
640 1553 751 1592 inter
776 1560 815 1592 te
839 1561 882 1591 et
904 1551 1030 1593 illos?
1092 1551 1142 1592 P
1143 1560 1220 1591 ttci
1242 1551 1413 1606 quidem
1449 1559 1561 1601 tuus,
1583 1565 1671 1605 quo

224 1607 377 1647 utebar
408 1621 507 1648 sene
538 1607 799 1659 adolescens,
831 1608 961 1649 homo
994 1623 1162 1649 severus
1199 1617 1244 1649 et
1282 1608 1480 1664 prudeus,
1512 1607 1671 1664 primas

226 1664 418 1705 omnium
454 1664 612 1706 civium
650 1664 700 1706 P.
726 1665 913 1716 Nasicae,
947 1666 1021 1720 qui
1060 1664 1128 1706 Ti.
1152 1665 1399 1706 Gracchum
1437 1664 1670 1715 interfecit,

228 1721 329 1762 dare
361 1721 538 1762 solebat.
570 1722 663 1777 ejus
694 1723 807 1763 enim
833 1723 1005 1773 virtute,
1032 1722 1228 1774 consilio,
1251 1722 1549 1776 mwrnitudine
1580 1722 1673 1763 ani-

170 1778 549 1835 14mi,libeiatam
572 1780 882 1835 lempublicam
906 1780 1038 1820 ιϊιῙ)ῐῑι
1042 1781 1207 1820 abatm.
1271 1780 1416 1826 Quid?
1450 1794 1527 1820 nos
1550 1794 1574 1820 a
1597 1793 1672 1835 pa-

231 1836 366 1876 tribus
390 1850 491 1877 num
516 1836 638 1878 aliter
658 1851 926 1893 accepimus.
920 1840 931 1867 -Ρ
967 1836 1113 1892 Eroo'
1104 1852 1138 1876 1s
1163 1837 1239 1877 tibi
1265 1837 1386 1887 civis,
1406 1837 1439 1877 si
1465 1836 1671 1892 tempori-

229 1888 308 1934 hus
332 1892 413 1934 illis
437 1892 602 1945 fuisses,
624 1908 709 1935 non
736 1894 1118 1950 probiretu1‚quia
1140 1908 1224 1935 nou
1248 1908 1396 1934 omnes
1419 1893 1505 1934 suls
1510 1908 1556 1933 05
1579 1906 1670 1934 esse

228 1949 447 1991 voluisset.
513 1949 636 1995 Quod
666 1949 718 1992 L.
748 1950 935 2005 Opimius
962 1950 1100 1992 consul
1135 1951 1257 1991 zetha
1278 1950 1390 2007 jecit
1413 1950 1461 1991 de
1492 1949 1672 2005 republi-

229 2023 290 2058 ca,
322 2007 371 2048 de
396 2021 442 2048 ea
468 2021 511 2048 re
546 2007 606 2049 ita
639 2008 1012 2060 censuer1mt‚UT1
1055 2007 1277 2049 Ommus
1315 2021 1508 2049 CONSUL
1547 2021 1673 2049 REM-

233 2078 490 2106 PusschM
528 2077 880 2107 DEFENDERET.
942 2066 1123 2106 Senatus
1163 2065 1257 2106 haec
1292 2065 1447 2115 verbis,
1471 2065 1671 2120 Opimius

231 2122 373 2163 armis.
436 2121 554 2163 Num
588 2123 720 2179 igitur
750 2137 863 2175 eum,
888 2123 921 2164 si
955 2133 1045 2164 tum
1073 2123 1492 2173 esseS‚temera1ium
1516 2136 1671 2173 Civem,

232 2189 305 2221 aut
343 2179 556 2222 crudelem
595 2183 796 2237 putares?
834 2190 908 2221 aut
947 2181 1004 2227 Q.
1040 2180 1283 2230 Metellum,
1325 2180 1449 2236 cujus
1487 2188 1672 2235 quatuor

255 2326 316 2355 1ss
340 2324 404 2355 Sed
423 2334 536 2364 quaxn,
559 2323 686 2363 Calene,
701 2327 798 2366 quid
798 2326 824 2366 ’]
851 2326 933 2357 Ha’c
975 2335 1040 2364 quo
1055 2325 1153 2356 modo
1176 2330 1338 2368 peccaret.
1362 2330 1440 2356 ante
1464 2326 1596 2356 memini
1618 2325 1675 2357 ab·

975 2374 1024 2399 est
1043 2368 1117 2408 [luy
1118 2369 1150 2399 d.

234 2357 340 2397 forma
352 2367 435 2397 mihi
454 2374 528 2397 non
546 2368 662 2407 piaret.
678 2378 752 2399 nam
769 2374 843 2409 post
868 2369 935 2400 Sed

233 2419 348 2448 qua’so,
367 2418 433 2440 non
448 2415 561 2449 aptum
578 2418 625 2440 (st
645 2411 725 2441 illud
743 2412 837 2460 quid
835 2412 848 2433 7
872 2422 909 2441 ἰι
903 2422 931 2442 c

233 2453 304 2490 ejus
321 2451 436 2482 formae
450 2451 635 2492 exemplum
660 2454 795 2483 memini
813 2464 864 2484 me
883 2464 930 2505 re-

258 2493 353 2534 crire.

234 2504 255 2534 p
281 2538 328 2570 17
339 2541 376 2566 ae
390 2540 428 2565 tu
442 2536 554 2575 arma]
572 2536 617 2566 Ac
646 2537 738 2567 abest
761 2536 825 2567 Ms.
839 2536 930 2568 Leid-

234 2577 328 2609 bene.
344 2585 377 2609 et
392 2578 453 2608 hoc
469 2583 578 2609 totum
600 2579 833 2619 interrogantis
848 2581 928 2610 erit:

234 2621 321 2659 quod
335 2620 492 2662 superiori
509 2621 625 2652 melius
641 2621 826 2661 respondet.

283 2665 318 2694 18
342 2663 383 2693 In
398 2673 458 2702 quo
480 2663 526 2694 bis
536 2663 689 2703 falleris]
715 2663 754 2694 ln
770 2664 845 2694 vat.
861 2668 932 2694 erat

234 2705 364 2735 laberis.
380 2706 457 2736 item
474 2709 523 2736 est
538 2706 570 2736 in
587 2705 677 2736 Leid.
722 2706 802 2744 Ejus
824 2705 931 2745 glossa

234 2752 286 2777 est
303 2746 456 2787 Jizlleris.
502 2747 617 2788 Itaque
642 2758 716 2778 cum
748 2748 874 2779 Faerno
900 2754 933 2778 et

236 2788 367 2820 Graevio
385 2790 501 2830 recepi.

290 2834 326 2866 19
358 2833 397 2862 (le
424 2833 491 2868 illu,
523 2831 664 2871 homine]
699 2832 751 2863 De
774 2832 933 2868 Antonio,

236 2882 311 2905 eum
334 2874 439 2906 adhuc
463 2875 608 2908 humano
631 2881 665 2906 et
687 2875 850 2907 tolerabili
866 2874 932 2908 ali-

1016 2413 1056 2441 ίὈ
1078 2411 1179 2451 Atqui
1202 2410 1228 2438 is
1249 2408 1294 2447 es]
1321 2408 1403 2439 Edd.
1428 2418 1476 2448 pr
1500 2410 1599 2450 Atqui
1621 2410 1672 2441 vel

974 2456 1071 2492 atque
1089 2462 1133 2488 e.,5
1148 2456 1186 2482 ut
1208 2456 1258 2481 est
1281 2453 1314 2481 in
1338 2452 1400 2481 Gu.
1417 2450 1454 2481 L.
1473 2451 1517 2482 Η.
1541 2458 1576 2482 et
1598 2452 1671 2483 aliis

974 2504 1035 2525 scr.
1082 2494 1110 2524 E
1124 2474 1200 2525 'Vah
1219 2494 1361 2523 Faernus
1384 2493 1473 2523 dedit
1487 2494 1588 2534 Atqui
1607 2496 1672 2532 ais,

974 2547 1049 2567 eum
1065 2541 1096 2566 te
1109 2546 1173 2566 esse
1185 2549 1194 2565 :
1216 2536 1271 2566 alii
1296 2545 1462 2565 correxere
1477 2538 1569 2576 atqui
1583 2537 1612 2567 is
1625 2547 1670 2573 es,

973 2588 1046 2617 quae
1060 2578 1195 2618 migata
1208 2578 1305 2608 lectio
1320 2578 1408 2608 facta
1421 2583 1481 2608 est.
1518 2578 1671 2609 Muretus

974 2620 1123 2650 xolebat:
1142 2621 1243 2659 Atqui
1258 2621 1316 2655 vis,
1333 2629 1411 2650 eumv
1422 2624 1453 2650 te
1465 2630 1543 2651 esse.
1574 2621 1672 2651 Faer-

974 2663 1008 2693 ni
1034 2663 1133 2693 lectio
1161 2662 1241 2693 mihi
1264 2663 1406 2693 maxime
1430 2662 1554 2702 placet:
1584 2673 1674 2694 eam-

974 2715 1035 2744 que
1053 2706 1170 2745 recepi.
1187 2705 1216 2734 ei
1236 2704 1379 2734 maxime
1401 2705 1556 2735 convenit
1577 2704 1673 2743 illud,

977 2747 1064 2787 quod
1077 2747 1226 2786 sequitur
1238 2758 1247 2776 ι
1272 2746 1421 2777 Honesta
1435 2747 1548 2777 oratio.

1019 2792 1055 2820 21
1082 2789 1162 2829 quid
1180 2789 1328 2829 interest]
1347 2789 1423 2819 Vat.
1437 2794 1471 2819 et
1494 2788 1569 2819 inde
1591 2791 1673 2820 ortae

977 2831 1048 2864 edd.
1065 2831 1145 2872 quid
1155 2832 1283 2863 intersit
1297 2832 1312 2861 ι’
1333 2830 1417 2863 illud
1432 2829 1563 2863 melius.
