1785 3185
296 101 396 135 1230
883 102 1131 140 ORATIO

293 209 338 241 et
369 200 622 257 dignitatem
661 211 790 245 tuam.
826 206 896 246 sed
938 221 1086 261 parum
1119 215 1198 255 cst,
1231 221 1299 247 mo
1332 206 1415 247 hoc
1448 205 1720 247 meminisse:

293 271 417 312 spero
439 259 567 300 etiam
599 270 652 311 te,
674 261 746 316 qui
779 262 973 303 oblivisci
1006 262 1112 303 nihil
1143 262 1265 313 soles,
1288 263 1366 303 nisi
1400 261 1591 316 injurias,
1613 277 1720 317 quo-

293 314 409 354 niam
441 315 523 356 hoc
554 327 617 358 est
647 318 793 368 animi,
815 321 1018 372 quoniam
1040 321 1169 360 ctiam
1195 321 1353 375 ingenii
1381 320 1456 369 tui,
1480 329 1535 368 te,
1557 318 1719 373 aliquid

294 370 347 411 dc
377 371 505 426 hujus
537 372 607 414 illo
629 375 860 429 quaestorio
883 376 1026 416 officio
1049 377 1327 432 mgitantcm,
1350 376 1479 416 ctiam
1501 378 1540 406 3²0
1555 376 1606 416 de
1629 375 1721 415 aliis

231 438 282 472 36
295 427 548 482 quibusdam
572 432 857 486 quaestoribus
881 429 1223 474 reminiscentem
1247 433 1472 475 recordari.
1528 431 1616 474 Hic
1639 431 1721 486 igi-

295 494 364 524 tur
384 484 434 526 T.
462 486 669 542 Liga1·ins‚
692 489 763 542 qui
798 497 888 529 tum
920 489 1025 529 nihil
1055 490 1146 543 egit
1175 490 1287 530 aliud
1310 494 1466 543 (neque
1488 490 1600 530 enim
1625 488 1721 528 haec

291 541 533 594 divinabat)
556 545 635 584 nisi
658 545 757 584 :mut
780 553 825 584 tu
847 560 943 585 cum
967 546 1203 586 studiosum
1228 547 1304 596 tui,
1323 556 1366 586 ct
1399 548 1557 586 bonum
1580 546 1719 585 virum

285 597 517 652 judicares,
539 615 653 640 nunc
675 616 700 641 a
722 611 763 641 tc
790 601 970 656 supplex
995 601 1134 642 fratris
1167 601 1345 642 salutem
1376 603 1498 658 pctit.
1521 605 1558 635 37
1574 616 1721 657 quam,

291 654 418 710 hujus
450 657 692 697 admonitus
724 657 869 698 officio
900 673 997 698 cum
1024 659 1213 714 utrisque
1235 658 1300 698 his
1322 658 1502 708 dederis,
1527 667 1608 699 tres
1633 657 1718 698 fra-

292 720 375 752 tres
407 713 593 768 optimos
624 724 667 754 ct
699 714 1010 769 integerrimos,
1033 730 1118 756 non
1151 715 1288 755 solum
1319 715 1399 755 sibi
1426 716 1555 770 ipsos,
1579 728 1716 769 neque

292 767 357 809 his
390 779 454 810 tot
484 786 533 810 ac
566 770 719 811 talibus
752 771 866 821 viris,
897 786 1034 827 neque
1065 772 1188 813 nobis
1228 772 1474 813 necessariis
1510 771 1611 821 suis,
1642 771 1716 812 sed

228 825 420 866 &etiam
453 827 698 881 reipublicae
731 828 1053 869 condonavcris.
1116 829 1201 869 Fac
1234 829 1379 884 igitur,
1411 828 1525 882 quod
1556 828 1608 868 de
1640 827 1717 868 ho-

290 883 406 923 mine
438 883 703 924 nobilissimo
734 893 777 924 et
807 884 1040 926 clarissimo
1073 885 1140 926 M.
1165 885 1372 926 Marcello
1406 885 1546 926 fecisti
1583 898 1718 940 nuper

289 939 334 978 in
366 941 498 991 curia,
520 955 633 981 nunc
665 940 776 981 idem
809 942 849 982 in
883 941 976 982 foro
1008 943 1059 983 de
1089 943 1264 997 optimis
1296 952 1339 983 ct
1370 942 1470 983 huic
1493 941 1610 982 omni
1634 942 1717 981 fre-

289 998 478 1049 quentiae
503 997 813 1052 probatissimis
835 997 1052 1040 fratribus.
1103 1000 1163 1041 Ut
1184 1000 1432 1041 concessisti
1456 999 1574 1039 illum
1596 1012 1717 1039 sena-

289 1053 368 1103 tui,
392 1054 451 1093 sic
473 1054 527 1094 da
549 1053 662 1094 hunc
684 1055 859 1110 populo,
881 1056 1004 1111 cujus
1030 1056 1290 1097 voluntatem
1314 1056 1575 1097 carissimam
1608 1069 1718 1096 scm-

288 1123 363 1163 pcr
384 1109 599 1152 habuisti:
632 1120 688 1162 ct,
712 1112 745 1152 si
769 1111 837 1153 ille
858 1112 947 1153 dies
972 1113 1050 1154 tibi
1074 1113 1419 1168 gloriosissimus,
1442 1112 1601 1169 populo
1628 1112 1717 1152 Ro-

285 1181 415 1207 mano
445 1167 713 1223 gratissimus
745 1168 851 1220 fuit3
884 1169 985 1220 noli,
1016 1171 1210 1221 obsecro,
1243 1171 1453 1221 dubitare,
1479 1170 1530 1210 C.
1554 1169 1716 1218 Caesar,

287 1222 469 1264 similem
492 1223 550 1265 illi
573 1224 722 1280 gloriae
745 1226 911 1267 laudem
931 1241 1059 1281 quam
1082 1227 1316 1283 saepissimo
1337 1241 1541 1282 quaerere.
1595 1225 1718 1266 Nihil

286 1288 352 1319 est
373 1280 486 1321 enim
519 1290 603 1322 tam
638 1283 856 1338 populare,
878 1298 1006 1338 quain
1040 1285 1231 1326 bonitas:
1265 1284 1379 1324 nulla
1408 1283 1460 1324 de
1485 1282 1716 1324 virtutibus

289 1336 374 1376 tuis
397 1336 589 1393 plurimis
612 1353 690 1380 nec
712 1340 1017 1391 admirabilior,
1040 1356 1118 1382 nec
1140 1341 1302 1396 gratior
1326 1340 1616 1381 misericordia
1636 1347 1715 1379 est.

225 1411 276 1444 33
291 1391 503 1435 Homines
535 1396 650 1436 enim
680 1396 732 1437 ad
765 1397 866 1437 deos
901 1397 1013 1438 nulla
1049 1413 1091 1439 re
1124 1398 1298 1454 propius
1328 1397 1553 1447 accedunt,
1585 1410 1715 1451 quam

289 1450 465 1492 salutem
500 1452 746 1494 hominibus
777 1454 933 1495 dando.
956 1455 1061 1495 nihil
1089 1455 1216 1496 habct
1238 1469 1316 1495 nce
1338 1454 1510 1495 fortuna
1533 1466 1606 1493 tua
1627 1467 1717 1493 ma-

273 1506 364 1562 jus,
392 1523 520 1563 quam
553 1519 599 1550 ut
631 1511 792 1566 possis3
824 1526 901 1552 nec
933 1521 1084 1552 natura
1115 1522 1188 1553 tua
1219 1511 1383 1562 melius,
1405 1525 1531 1566 quam
1565 1519 1612 1550 ut
1645 1523 1714 1550 vc-

279 1564 331 1605 lis
354 1568 393 1595 38
409 1580 573 1607 servare
595 1582 723 1621 quain
748 1568 967 1623 plurimos.
1030 1569 1290 1625 Longiorem
1322 1570 1560 1609 orationem
1584 1581 1714 1608 causa.

280 1620 461 1663 forsitan
484 1624 685 1678 postulat,
711 1633 783 1665 tua
803 1634 917 1665 certe
943 1634 1093 1666 natura
1116 1627 1369 1667 breviorem.
1431 1626 1589 1675 Quare,
1613 1637 1713 1664 cum

283 1678 429 1719 utilius
459 1694 549 1720 esse
579 1681 773 1732 arbitrer,
805 1692 846 1722 tc
885 1682 1039 1738 ipsum,
1071 1699 1198 1737 quam
1237 1691 1312 1723 aut
1347 1696 1429 1732 mc,
1460 1691 1534 1722 aut
1564 1694 1713 1736 quem-

282 1750 426 1789 quam,
457 1736 573 1792 loqui
607 1747 762 1789 tecum,
795 1739 923 1780 finem
951 1739 1044 1793 jam
1084 1740 1265 1781 faciam:
1300 1749 1465 1780 tantum
1500 1749 1540 1779 te
1572 1739 1712 1793 ipsum

281 1792 539 1845 admonebo,
567 1794 601 1834 si
634 1794 691 1835 illi
724 1796 890 1837 absenti
921 1797 1099 1837 salutem
1130 1797 1309 1847 dederis,
1331 1796 1615 1854 praesentibus
1647 1794 1714 1834 his

281 1849 481 1891 omnibus
506 1861 546 1892 te
567 1851 781 1894 daturum.

321 1977 362 2004 35
389 1975 427 2004 cle
449 1976 523 2005 aliis
544 1985 572 2014 q.
589 1976 809 2016 quoestorihus]
835 1977 899 2016 Qui
922 1977 977 2007 Li·
1019 1988 1078 2017 que
1093 1978 1142 2007 his
1155 1977 1204 2017 ιλ]
1223 1978 1308 2007 Puto
1320 1976 1524 2006 scribendum
1539 1975 1619 2016 ejus.
1634 1975 1713 2006 Post

279 2016 407 2054 garium
425 2027 491 2047 non
506 2024 584 2048 sunt
601 2019 734 2048 imitati.
1019 2030 1077 2059 pro
1106 2021 1164 2049 .ςίὀὲ
1194 2021 1276 2058 ipsos
1302 2019 1508 2048 scribendum
1535 2019 1595 2048 sibi·
1621 2018 1710 2057 ipsis,

321 2058 361 2088 36
383 2063 419 2088 ut
443 2064 479 2089 tec
501 2070 576 2090 eum
596 2061 774 2090 studiosum
797 2061 859 2100 tui]
879 2060 977 2090 Addi-
1019 2063 1095 2101 quia
1110 2062 1289 2101 opponitur
1303 2061 1496 2099 reipublicoe.

280 2100 386 2129 dimus
409 2103 458 2131 tui
481 2111 555 2131 cum
580 2102 708 2132 Graevio
730 2114 747 2132 e
770 2103 835 2133 Ms.
858 2103 975 2134 colon.
1061 2107 1100 2136 33
1122 2114 1310 2134 conservare
1323 2113 1420 2142 quum
1433 2101 1607 2142 plurimos]
1635 2101 1712 2132 Ser.

279 2142 341 2172 Sed
354 2148 481 2173 servato
496 2154 582 2179 eum,
596 2145 680 2183 quod
696 2144 749 2174 illc
765 2144 895 2182 delevit,
914 2155 972 2175 nee
1015 2156 1093 2176 var«
1115 2146 1203 2176 dedit
1225 2146 1331 2175 Graev.
1354 2156 1371 2174 e
1396 2145 1474 2174 Mss.
1498 2145 1568 2174 Erf.
1587 2143 1704 2174 colon.

278 2187 390 2214 tamen
417 2185 525 2216 abesse
552 2191 660 2226 potest
683 2196 740 2227 per
765 2187 972 2218 consuetudi-
1015 2188 1067 2218 Sic
1082 2188 1194 2218 laudat
1208 2192 1241 2217 et
1256 2186 1480 2227 Quintilianus
1496 2186 1557 2223 lx,
1574 2189 1605 2217 4.
1621 2185 1709 2225 quod

279 2234 354 2254 nem
370 2226 522 2257 latinam.
822 2242 825 2246 ·
1015 2231 1164 2262 imitatus
1179 2239 1263 2268 sum,
1278 2229 1339 2261 etsi
1354 2228 1400 2260 nil
1416 2229 1564 2263 interest.

320 2270 359 2302 37
374 2278 472 2308 quam
486 2268 584 2310 lcijus
596 2271 782 2304 admonic'us
794 2281 821 2302 ο.
832 2281 859 2304 c.
873 2272 972 2302 utris·
