1812 3147
610 109 730 151 PRO
761 111 809 150 L.
842 111 1082 151 FLACCO.
1494 114 1572 156 743

129 219 185 263 td
207 217 396 276 singulas
426 215 617 272 querelas
646 215 1056 272 criminationesque
1078 214 1349 257 Graecorum.
1410 214 1571 257 Classis

134 278 308 321 nomine
339 274 565 332 pecuniam
595 273 848 318 civitatibus
878 274 1133 331 imperatam
1162 281 1421 328 queruntur:
1453 272 1570 328 quod

130 350 209 377 nos
240 333 416 381 factum,
439 331 625 387 judices,
656 331 927 372 confitemur.
990 331 1087 381 Sed,
1110 329 1143 370 si
1176 331 1261 371 hoc
1282 330 1444 370 crimen
1477 340 1568 372 est:

135 402 209 433 aut
238 392 280 432 in
313 405 364 432 eo
385 400 464 440 est,
485 389 599 444 quod
624 403 709 430 non
741 389 910 430 licuerit
939 389 1173 444 imperare:
1205 396 1281 428 aut
1302 387 1345 427 in
1367 401 1434 438 eo,
1453 386 1571 441 quod

134 464 220 491 non
241 463 351 505 opus
375 447 503 488 fuerit
532 447 737 487 navibus:
769 455 844 487 aut
875 446 920 486 in
948 461 1014 497 eo,
1037 445 1150 500 quod
1185 444 1312 495 nulla,
1345 444 1427 485 hoc
1460 458 1569 499 prae·

135 515 241 556 tore,
274 506 419 546 classis
461 503 690 560 navigarit.
754 502 946 544 Licuisse
976 513 1023 544 ut
1066 501 1296 558 intelligas,
1338 515 1569 558 cognosce,

135 564 253 619 quid,
287 577 352 604 me
383 560 573 612 consule,
603 570 775 602 senatus
806 561 1058 610 decreverit,
1079 574 1178 600 cum
1209 559 1380 614 quidem
1417 558 1522 599 nihil
1544 573 1569 599 a

136 620 425 678 superioribus
448 619 751 660 continuorum
775 632 984 661 annorum
1008 617 1189 659 decretis
1211 616 1456 658 decesserit.
1491 628 1569 656 SE-

139 689 624 720 NATUSCONSULTUM.
687 674 942 716 Proximum
973 685 1037 716 est
1067 689 1186 731 ergo,
1210 685 1271 726 ut,
1302 688 1409 729 opus
1440 673 1571 714 fuerit

137 735 286 785 classe,
303 748 447 784 necne,
467 747 724 788 quaeramus.
764 732 920 774 Utrum
940 733 1075 789 igitur
1098 732 1179 772 hoc
1195 731 1338 773 Graeci
1364 740 1569 782 statuent,

139 803 213 834 aut
235 793 330 833 ullae
352 802 511 832 exterae
536 791 745 840 nationes,
762 805 813 830 an
833 791 958 831 vestri
985 799 1202 846 praetores,
1219 792 1257 824 37
1277 789 1401 829 vestri
1424 788 1570 839 duces,

139 849 267 892 vestri
292 850 596 905 imperatores?
629 846 840 902 Equidem
858 847 1133 897 existimo,in
1156 846 1367 901 ejusmodi
1393 846 1570 901 regione

141 917 268 962 atque
299 905 535 962 provincia,
566 920 662 960 quae
693 906 796 945 inari
833 906 990 955 cinctu,
1023 905 1220 961 portibus
1254 903 1472 954 distincta,
1505 903 1571 943 in-

140 964 241 1004 sulis
272 964 536 1004 circumdata
565 973 690 1014 esset,
712 977 797 1003 non
831 963 967 1003 solum
1002 961 1206 1018 praesidii,
1238 961 1309 1002 sed
1342 960 1472 1001 etiam
1504 975 1572 1001 or-

137 1021 268 1062 nandi
299 1021 466 1076 imperii
488 1034 630 1070 causa,
652 1021 943 1075 navigandum
967 1019 1112 1061 fuisse.
1174 1019 1286 1060 Haec
1314 1019 1428 1058 enim
1463 1018 1571 1058 ratio
1584 1025 1635 1059 ⁶28

140 1093 190 1120 ac
212 1078 464 1134 magnitudo
488 1078 725 1118 animorum
752 1079 793 1118 in
818 1078 1055 1133 majoribus
1089 1077 1245 1118 nostris
1268 1075 1365 1127 fuit,
1388 1085 1449 1125 ut,
1473 1090 1572 1116 cum

141 1135 184 1176 in
217 1136 392 1192 privatis
424 1135 563 1184 rebus,
596 1135 767 1189 suisque
799 1136 1026 1185 sumtibus,
1059 1134 1238 1176 minimo
1270 1132 1479 1183 contenti,
1511 1141 1574 1174 te-

139 1194 346 1234 nuissimo
378 1193 494 1234 cultu
516 1194 722 1242 viverent,
743 1193 783 1232 in
809 1193 990 1248 imperio
1010 1201 1138 1248 atque
1160 1192 1203 1232 in
1227 1191 1401 1248 publica
1430 1190 1573 1246 digni·

139 1256 228 1291 tate
242 1252 387 1292 omnia
399 1251 451 1291 ad
467 1249 645 1306 gloriam
664 1250 1019 1305 splendoremque
1035 1259 1300 1291 revocarent.
1347 1247 1573 1295 Quaeritur

142 1309 256 1349 enim
289 1309 331 1349 in
363 1323 406 1349 re
437 1307 673 1348 domestica
704 1308 984 1348 eontinentiae
1008 1307 1118 1348 laus:
1151 1307 1194 1347 in
1225 1306 1398 1363 publica
1429 1305 1617 1363 digni-p,
1640 1326 1708 1356 152.

140 1366 257 1407 tatis.
319 1365 486 1412 Quodsi
523 1365 652 1405 etiam
689 1365 876 1421 praesidii
908 1379 1037 1406 causa
1067 1364 1243 1406 classem
1275 1363 1443 1414 habuit,
1476 1363 1614 1418 quisa.

143 1424 225 1463 erit
254 1432 341 1463 tam
375 1423 559 1478 iniquus,
592 1423 663 1477 qui
699 1422 1007 1478 reprehendat?
1040 1422 1159 1463 Nulli
1190 1431 1310 1463 erant
1335 1421 1574 1477 praedones.

145 1480 294 1527 Quid?
325 1479 460 1521 nullos
486 1480 589 1529 fore,
619 1480 714 1535 quis
747 1490 949 1535 praestare
982 1483 1178 1536 poterat?
1211 1478 1394 1529 Minuis,
1418 1477 1576 1533 inquit,

144 1537 323 1594 gloriam
359 1537 570 1593 Pompeii.
634 1537 773 1577 immo
805 1547 850 1578 tu
883 1553 1014 1594 auges
1045 1537 1302 1579 molestiam.
1365 1535 1441 1577 Ille
1463 1536 1576 1576 enim
1591 1536 1642 1575 29

143 1595 295 1635 classes
328 1595 594 1651 praedonum,
627 1595 767 1646 urbes,
791 1605 953 1651 portus,
976 1594 1245 1652 receptacula
1276 1594 1472 1635 sustulit:
1505 1608 1581 1650 pa-

144 1667 237 1699 cem
269 1653 527 1703 maritimam
560 1667 726 1693 summa
757 1655 916 1693 virtute
938 1663 1067 1709 atque
1100 1652 1340 1694 incredibili
1363 1651 1584 1692 celeritate

145 1709 358 1752 confecit:
391 1709 491 1751 illud
516 1724 616 1750 vero
639 1724 777 1765 neque
797 1711 1000 1767 suscepit,
1020 1725 1158 1766 neque
1183 1709 1398 1765 suscipere
1418 1709 1584 1758 debuit,

145 1776 207 1819 ut,
231 1767 264 1808 si
287 1782 371 1823 qua
389 1768 556 1823 uspiam
579 1768 776 1809 navicula
799 1768 1052 1824 praedonum
1074 1768 1357 1824 apparuisset,
1380 1780 1586 1807 accusan-

145 1824 224 1865 dus
246 1825 474 1866 videretur.
535 1823 687 1880 Itaque
720 1825 810 1881 ipse
841 1826 885 1866 in
917 1826 1035 1877 Asia,
1059 1841 1156 1867 cum
1189 1824 1442 1880 omniajam
1477 1823 1587 1865 bella

147 1890 260 1923 terra
279 1883 471 1938 marique
492 1882 763 1934 confecisset,
786 1882 964 1924 classem
995 1893 1135 1924 tamen
1171 1883 1323 1924 iisdem
1355 1883 1447 1923 istis
1478 1881 1586 1922 civi-

147 1939 308 1980 tatibus
339 1940 579 1996 imperavit.
662 1941 793 1987 Quod
827 1941 860 1981 si
897 1953 987 1982 tum
1019 1941 1171 1982 statuit
1207 1954 1315 1997 opus
1348 1953 1454 1991 esse,
1484 1952 1586 1980 cum

140 1995 282 2052 >ipsius
304 1999 526 2054 praesentis
548 1998 723 2039 nomine
743 2007 836 2039 tuta
856 1999 1003 2039 omnia
1024 2008 1066 2040 et
1087 2008 1239 2055 pacata
1254 2011 1346 2038 esse
1363 2006 1585 2053 poterant;
1669 2004 1685 2022 ⁸

148 2054 266 2110 quid,
289 2069 387 2096 cum
410 2054 479 2096 ille
498 2055 762 2106 decessisset,
786 2055 942 2097 Flacco
964 2056 1223 2097 existimatis
1246 2054 1519 2096 statuendum
1543 2062 1587 2094 et

148 2111 392 2153 faciendum
415 2111 573 2154 fuisse?
606 2113 723 2160 Quid
747 2128 825 2154 nos
847 2113 944 2156 hic?
975 2128 1119 2155 nonne
1148 2114 1243 2170 ipso
1278 2112 1489 2168 Pompeio
1511 2126 1586 2152 au·
1605 2116 1669 2164 13

149 2177 282 2220 ctore,
305 2169 450 2211 Silano
472 2180 516 2211 et
548 2169 735 2211 Murena
764 2171 1028 2223 consulibus,
1059 2171 1342 2220 decrevimus,
1363 2179 1412 2210 ut
1442 2169 1588 2211 classis
1600 2189 1652 2222 30

151 2225 196 2267 in
219 2225 344 2267 Italia
375 2228 620 2284 navigaret?
651 2242 796 2269 nonne
825 2243 878 2269 eo
909 2228 1004 2285 ipso
1033 2239 1240 2285 tempore,
1262 2242 1361 2268 cum
1396 2226 1445 2267 L.
1467 2226 1590 2268 Flac-

152 2298 226 2324 cus
248 2284 292 2324 in
316 2284 420 2325 Asia
441 2285 623 2341 remiges
646 2285 902 2341 imperabat,
925 2301 1003 2327 nos
1025 2285 1097 2328 hic
1121 2288 1163 2327 in
1184 2300 1300 2327 mare
1322 2299 1524 2340 superum
1547 2293 1592 2324 et

151 2340 334 2383 inferum
356 2345 396 2373 38
407 2344 650 2384 sestertium
674 2353 737 2384 ter
759 2354 802 2384 et
824 2344 1080 2401 quadragies
1102 2344 1420 2400 erogabamus?
1472 2340 1593 2388 Quid

195 2491 234 2522 37
247 2491 346 2520 vestri
360 2490 469 2530 duces]
486 2491 538 2521 Sic
553 2489 624 2521 edd.
637 2495 719 2522 vett.
730 2500 845 2521 omnes
889 2490 1109 2522 kenborchius
1124 2490 1165 2522 ad
1185 2491 1208 2522 l.
1229 2501 1259 2522 c.
1305 2490 1367 2521 Sed
1381 2490 1416 2520 in
1431 2487 1595 2520 sumtibus

151 2537 270 2571 praeter
284 2532 334 2563 W,
350 2543 422 2572 quae
435 2533 533 2564 habet
538 2544 557 2574 J
564 2534 682 2570 udices,
697 2540 735 2563 ut
749 2534 847 2574 pleri-
889 2544 928 2564 ex
943 2535 1058 2565 aerario
1073 2533 1230 2564 faciendis
1253 2542 1321 2563 nou
1338 2538 1476 2572 rogatur
1489 2540 1594 2571 popu·

154 2583 216 2613 que
232 2574 310 2605 Mss.
325 2577 425 2605 etiam
436 2576 499 2606 Gu.
512 2575 625 2606 stulte.
890 2576 954 2613 lus,
978 2576 1034 2607 sed
1057 2576 1098 2607 ad
1125 2580 1277 2607 senatum
1305 2575 1457 2610 refertur,
1481 2583 1518 2603 ac
1540 2571 1597 2602 de-
1620 2591 1624 2594 -

195 2618 234 2646 38
256 2621 327 2647 sest.
345 2622 394 2647 ter
406 2621 437 2648 et
452 2628 504 2657 qu.
527 2618 740 2658 rogabamus]
768 2619 847 2650 Cor·
890 2619 1046 2649 cernitur.
1091 2619 1124 2650 Si
1139 2624 1253 2649 tamen
1265 2623 1350 2648 esset
1363 2617 1440 2647 talis
1453 2614 1595 2654 rogatio,

154 2659 295 2689 reximus
331 2669 405 2689 curu
430 2659 593 2690 Lambino
621 2663 849 2699 erog‘abcznzus‘,
893 2672 911 2691 a
936 2662 1071 2691 tribuno
1094 2666 1182 2691 certe
1206 2660 1354 2700 populari
1376 2660 1464 2689 faeta
1486 2661 1570 2687 esset
1583 2668 1595 2694 ;

153 2700 214 2730 etsi
225 2700 298 2730 libri
311 2701 366 2731 alii
379 2711 491 2731 omnes
504 2703 701 2740 rogabamus
716 2703 849 2734 habent.
893 2703 980 2742 quod
995 2703 1108 2733 fuisset
1120 2705 1297 2741 contrajus
1313 2708 1347 2732 et
1361 2701 1596 2731 auctoritatem

154 2742 372 2783 Similiterque
387 2753 439 2783 ap.
456 2744 525 2775 Liv.
537 2745 649 2779 xxii,
665 2747 716 2775 23.
729 2756 787 2785 pro
799 2756 851 2775 ro·
894 2752 1038 2777 senatus.
1062 2746 1115 2776 Ita
1138 2746 1252 2777 Cicero
1275 2753 1342 2775 non
1365 2743 1516 2773 dixisset:
1541 2750 1597 2771 nos

155 2789 308 2822 ξαν-θίαν,
333 2786 365 2815 in
380 2786 439 2816 tali
464 2796 572 2823 sensu,
595 2787 654 2817 viri
672 2787 850 2818 doctissimi
893 2788 1105 2826 rogabamus,
1132 2787 1220 2826 quod
1244 2785 1286 2818 ad
1310 2790 1464 2816 senatum
1486 2791 1597 2815 neees-

157 2826 325 2865 corrigunt
338 2833 542 2866 erogaretur.
578 2829 737 2859 Gruterus
753 2829 851 2859 intel-
893 2831 978 2861 sario
997 2831 1151 2870 pertinet.

155 2867 213 2907 ligi
228 2869 485 2910 vultpopuhsm:
509 2871 602 2911 idque
626 2872 741 2912 probat
766 2871 850 2902 Dra-
