1785 3185
254 121 352 155 1162
843 121 1092 158 ORATIO

250 219 543 261 defensionem
574 236 728 273 meam,
760 223 793 263 si
826 224 867 265 id
899 225 1191 276 memineritis,
1220 225 1335 280 quod
1365 225 1560 268 oblivisci
1591 239 1679 268 non

253 277 447 333 potestis,
469 277 760 320 insidiatorem
777 280 876 336 jure
898 282 1082 324 interfici
1105 297 1244 338 posse.

205 340 240 390 5
310 334 512 389 Sequitur
534 335 650 388 illud,
671 339 787 392 quod
819 353 844 379 a
875 338 1054 380 Milonis
1091 338 1275 381 inimicis
1307 339 1540 395 saepissime
1570 340 1678 381 dici-

193 399 335 447 12tur,
359 391 549 443 Caedem,
572 393 616 434 in
638 409 723 449 qua
755 394 803 435 P.
828 395 1005 436 Clodius
1036 397 1201 437 occisus
1229 405 1307 446 est,
1339 406 1532 438 senatum
1557 397 1677 452 judi-

250 463 383 499 casse,
405 458 555 490 contra
584 451 891 506 rempublicam
923 466 1012 492 esse
1043 453 1215 494 factam.
1278 452 1400 494 Illam
1426 468 1525 495 vero
1557 468 1678 494 sena-

249 515 317 547 tus
340 521 422 547 non
448 508 670 547 sententiis
693 509 777 548 suis
800 509 952 560 solum,
975 510 1046 550 sed
1077 510 1207 550 etiam
1239 510 1390 550 studiis
1421 511 1676 567 comproba-

245 563 323 604 vit.
388 565 424 594 Η
439 564 620 610 Quoties
650 565 764 604 enim
795 575 860 605 est
887 564 957 604 illa
978 580 1106 606 causa
1126 581 1151 606 a
1173 567 1296 607 nobis
1317 576 1414 607 acta
1435 567 1478 607 in
1501 576 1678 618 senatu;

246 620 401 674 quibus
439 621 755 661 assensionibus
788 621 975 661 universi
1017 623 1205 663 ordinis?
1236 638 1365 677 quam
1401 637 1481 664 nec
1521 624 1678 674 tacitis,

242 691 325 718 nec
356 677 564 718 occultis?
599 678 819 732 15quando
857 679 972 719 enim
1005 679 1351 734 frequentissimo
1384 689 1531 720 senatu
1571 695 1677 735 qua-

244 742 357 785 tuor,
374 734 426 774 ad
449 748 661 775 summum
681 736 870 790 quinque
894 744 992 776 sunt
1014 736 1190 786 inventi,
1209 737 1281 791 qui
1304 735 1482 776 Milonis
1505 751 1676 778 causam

246 806 331 832 non
361 792 618 847 probarent?
656 791 884 833 Declarant
920 793 1097 848 lGhujus
1131 794 1315 834 ambusti
1349 793 1509 834 tribuni
1540 793 1676 849 plebis

245 848 328 889 illae
360 850 653 889 intermortuae
685 849 929 900 conciones,
952 851 1108 904 quibus
1132 851 1326 906 quotidie
1356 864 1495 891 meam
1526 859 1679 906 poten-

244 906 349 945 tiam
383 906 592 946 invidiose
623 905 944 957 criminabatur,
967 922 1067 948 cuin
1096 908 1270 959 diceret,
1306 911 1340 941 17
1356 917 1565 958 senatum,
1587 922 1675 949 non

243 962 359 1017 quod
383 963 572 1012 sentiret,
592 963 663 1003 sed
680 962 795 1017 quod
817 978 898 1019 ego
919 964 1084 1016 vellem,
1103 965 1342 1006 decernere.
1373 965 1484 1011 Quae
1502 964 1676 1020 quidem

243 1020 278 1059 si
303 1020 497 1074 potentia
526 1028 591 1060 est
620 1020 874 1075 appellanda
904 1021 1064 1075 potius,
1085 1036 1228 1076 quam,
1252 1031 1426 1078 propter
1451 1036 1609 1078 magna
1631 1022 1677 1063 in

241 1076 552 1132 rempublicam
586 1078 752 1128 merita,
775 1078 1002 1118 mediocris
1034 1079 1077 1118 in
1111 1079 1232 1119 bonis
1257 1080 1394 1120 causis
1426 1079 1674 1129 auctoritas,

243 1142 331 1183 aut,
366 1136 401 1164 18
417 1144 591 1189 propter
622 1133 699 1174 hos
731 1135 947 1176 officiosos
978 1135 1142 1176 labores
1173 1151 1306 1187 ineos,
1329 1136 1533 1177 nonnulla
1563 1136 1678 1192 apud

244 1190 381 1231 bonos
416 1191 579 1246 gratia:
611 1191 848 1247 appelletur
883 1192 943 1233 ita
974 1207 1088 1243 sane,
1122 1193 1356 1234 dummodo
1388 1208 1438 1234 ea
1469 1208 1546 1234 nos
1583 1203 1678 1234 uta-

246 1262 342 1287 mur
382 1262 460 1304 pro
503 1248 638 1289 salute
683 1249 890 1290 bonorum
934 1259 1085 1290 contra
1124 1251 1355 1291 amentiam
1397 1250 1677 1305 perditorum.

187 1314 232 1347 13
248 1303 377 1346 Hanc
400 1319 499 1346 vero
521 1305 819 1360 quaestionem,
842 1306 918 1348 etsi
953 1321 1039 1348 non
1069 1318 1134 1347 est
1163 1308 1324 1362 iniqua,
1350 1321 1582 1361 numquam
1614 1316 1679 1348 ta-

246 1376 345 1402 men
386 1371 555 1403 senatus
594 1365 939 1405 constituendam
979 1365 1161 1420 putavit.
1223 1364 1356 1405 Erant
1395 1364 1509 1404 enim
1547 1364 1678 1419 leges,

111 1440 144 1470 p.
168 1433 236 1461 104.
247 1427 368 1460 erant
387 1420 663 1475 quaestiones,
685 1421 750 1461 vel
771 1422 823 1462 de
844 1422 976 1472 ccede,
1000 1422 1065 1462 vel
1087 1422 1138 1462 de
1162 1422 1199 1461 vi
1218 1439 1227 1463 :
1261 1437 1337 1462 nec
1369 1430 1534 1461 tantum
1567 1435 1676 1462 moe-

204 1484 234 1504 ³·
247 1491 384 1518 rorem
407 1492 456 1518 ac
481 1477 642 1517 luctum
675 1479 840 1518 senatui
872 1493 984 1519 mors
1018 1478 1067 1519 P.
1092 1478 1232 1520 Clodii
1256 1477 1474 1529 afferebat,
1498 1488 1543 1519 ut
1566 1492 1678 1519 nova

244 1535 429 1589 quaestio
461 1535 808 1576 constitueretur.
873 1539 908 1568 ¹9
923 1536 1059 1591 Cujus
1091 1536 1204 1577 enim
1227 1536 1280 1576 de
1303 1536 1374 1576 illo
1398 1537 1560 1576 incesto
1587 1544 1676 1575 stu-

245 1606 339 1647 pro,
369 1592 628 1646 ‘20judicium
663 1592 916 1634 decernendi
949 1594 1113 1634 senatui
1146 1602 1334 1649 potestas
1365 1603 1475 1633 esset
1495 1600 1675 1648 erepta;

241 1649 294 1689 de
316 1649 407 1704 ejus
432 1649 620 1698 interitu,
643 1650 736 1704 quis
761 1660 903 1705 potest
924 1651 1107 1700 credere,
1132 1660 1324 1691 senatum
1351 1650 1564 1705 judicium
1595 1663 1675 1689 no—

241 1720 341 1747 vum
365 1706 710 1747 constituendum
746 1711 942 1762 putasse?
976 1708 1064 1748 Cur
1096 1708 1228 1764 igitur
1259 1707 1504 1747 incendium
1526 1706 1673 1756 curiae,

240 1763 611 1820 oppugnationem
655 1764 810 1805 aedium
856 1765 923 1805 M,
962 1765 1128 1820 Lepidi,
1166 1764 1329 1806 caedem
1371 1764 1481 1805 hanc
1523 1764 1675 1819 ipsam,

285 1892 321 1919 14
343 1889 477 1930 Quoties
499 1891 586 1920 enim
610 1893 654 1919 est
676 1890 735 1919 illa
759 1891 937 1920 causa—in

237 1932 368 1971 senata]
404 1932 476 1962 Hoc
504 1933 726 1971 interrogandi
756 1932 861 1962 forma
889 1933 936 1962 di-

238 1981 328 2003 ctum
352 1979 493 2013 putant:
519 1974 615 2004 male.
639 1984 714 2004 nani
738 1974 769 2003 111
784 1986 834 2011 eo,
851 1975 936 2013 qnod

240 2016 354 2046 Cicero
377 2027 460 2056 saepe
482 2017 520 2047 de
535 2017 595 2047 liae
611 2027 643 2046 re
658 2016 740 2046 dixit
756 2017 788 2046 in
804 2024 932 2053 senatu,

240 2068 305 2088 non
321 2064 370 2088 est
387 2065 632 2098 argumentum,
648 2058 704 2088 sed
718 2059 751 2088 in
767 2070 818 2095 eo,
834 2059 932 2098 quod,

237 2101 366 2139 ‘quoties
393 2108 517 2140 egerat,
545 2103 643 2131 toties
670 2101 698 2130 ci
725 2107 857 2132 senatus
884 2106 933 2131 est

239 2153 396 2172 assensus.
442 2144 595 2173 Ceterum
625 2145 658 2173 in
688 2143 752 2173 fine
786 2150 934 2184 repeten-

239 2185 316 2214 dum
361 2190 430 2215 erat
469 2191 545 2216 acta
581 2191 627 2215 est
642 2199 650 2215 :
686 2185 772 2224 quod
810 2192 933 2216 temere

239 2227 394 2256 omissum
418 2235 480 2263 est,
495 2234 664 2266 tamquam
681 2229 794 2258 vitiose
819 2230 934 2268 repeti-

238 2274 325 2305 tum,
341 2270 417 2307 quia
441 2271 579 2300 formam
597 2271 754 2300 orationis
773 2280 839 2300 non
854 2280 937 2301 asse-

240 2311 439 2350 quebantur.

285 2356 321 2383 15
344 2354 471 2392 quando
490 2353 591 2392 enim]
621 2353 722 2383 Enim
747 2354 799 2384 hic
823 2360 871 2384 est
893 2355 938 2384 vi-

239 2396 372 2426 tiosum.
388 2404 462 2425 nain
475 2395 527 2425 hic
544 2401 593 2425 cst
607 2396 747 2426 alterum
763 2406 936 2433 arg-unicn-

239 2447 326 2473 tum,
355 2439 387 2467 111
413 2447 476 2476 quo
510 2439 594 2467 enim
630 2438 730 2475 repeti
758 2448 823 2468 non
853 2438 936 2469 solet

240 2485 297 2509 ant
327 2480 432 2510 (lebet.
478 2480 591 2509 Cicero
620 2480 768 2519 scripsit:
796 2481 936 2519 quando,

238 2523 339 2552 etiam
354 2521 619 2562 Κ1’νεᾳηεηίίςείηιο
644 2526 772 2557 senatu,
798 2527 937 2562 quatum·

240 2566 299 2594 Re.
345 2565 476 2596 Centies
501 2564 570 2594 haee
586 2564 682 2594 verba
707 2569 937 2604 permutantur

240 2606 273 2636 in
289 2607 391 2637 libris.

286 2650 322 2678 16
344 2648 442 2688 lugius
455 2650 595 2679 titubasti
614 2648 704 2687 trib]
734 2648 774 2679 T.
792 2648 935 2679 Munatii

241 2690 351 2720 Planci
375 2692 498 2728 Bursae,
515 2691 568 2730 qui
591 2692 714 2720 curiam
731 2691 887 2727 incendit,
902 2696 935 2722 et

240 2743 315 2762 cnm
339 2733 422 2763 idem
439 2734 629 2763 concionem
646 2733 779 2762 baberet
794 2733 833 2763 de
849 2733 935 2763 caede

239 2774 345 2804 Clodii
385 2776 424 2805 ad
459 2776 649 2806 irritandam
687 2775 827 2815 plebem,
863 2786 935 2806 eam

239 2817 382 2857 abrupit,
399 2818 530 2857 fugatus
554 2817 702 2849 incendio
724 2818 834 2850 curiae.
851 2818 936 2849 unde

978 1900 1052 1920 eum
1066 1891 1250 1920 ambustum
1266 1893 1371 1919 vocat.
1392 1890 1546 1920 Ceterum
1559 1889 1678 1919 fortas-

978 1941 1010 1961 se
1034 1939 1066 1962 et
1090 1932 1207 1962 alludit
1232 1932 1271 1962 ad
1290 1931 1453 1970 judicium
1476 1931 1619 1970 aliquod,
1641 1932 1676 1962 in

979 1985 1043 2013 qno
1061 1974 1114 2004 ille
1138 1980 1307 2004 accusatus
1322 1974 1372 2003 vix
1388 1973 1556 2004 absolutus
1578 1979 1648 2004 erat
1663 1984 1673 2004 ε

976 2026 1172 2056 quamquam
1193 2017 1274 2046 1111111
1295 2016 1334 2046 de
1348 2026 1386 2045 eo
1403 2016 1567 2056 proditum
1586 2026 1676 2056 repe-

977 2069 1014 2089 ri.

1035 2103 1067 2134 17
1106 2105 1256 2130 senatum
1271 2117 1312 2123 —-
1328 2099 1510 2139 decernere]
1546 2099 1675 2140 Nempe

976 2142 1052 2172 liine
1067 2147 1170 2182 patet,
1186 2146 1336 2173 senatum
1351 2152 1478 2182 semper
1492 2152 1567 2172 cum
1583 2142 1676 2173 Cice-

977 2195 1055 2214 rone
1070 2186 1204 2215 sensisse
1220 2194 1277 2225 pro
1293 2183 1430 2214 Milone.
1448 2183 1530 2214 Edd.
1546 2188 1626 2214 vett.
1639 2194 1678 2214 re

979 2228 1157 2257 decernere.
1179 2233 1213 2257 et
1235 2231 1312 2257 ante
1333 2225 1383 2256 ed.
1408 2226 1447 2257 R.
1471 2226 1571 2256 habet
1592 2236 1677 2257 com.

980 2270 1131 2299 motiones
1147 2280 1205 2309 pro
1219 2270 1389 2299 conciones.

1026 2314 1062 2341 153
1075 2316 1208 2351 propter
1223 2313 1276 2341 hos
1292 2310 1442 2351 qffi'ciosos
1458 2310 1594 2350 labores]
1611 2310 1679 2341 Ad-

981 2352 1063 2383 didit
1077 2356 1130 2383 lms
1145 2353 1290 2383 Graevius
1304 2364 1321 2382 e
1337 2352 1400 2382 MS.
1417 2351 1484 2382 Erf.
1500 2353 1556 2383 sed
1569 2353 1602 2384 id
1622 2358 1674 2385 est

979 2400 1013 2425 ct
1030 2395 1062 2424 in
1077 2396 1146 2426 edd.
1162 2396 1202 2426 R.
1219 2395 1316 2425 Junt.

1034 2440 1069 2471 19
1105 2436 1198 2477 cujus
1233 2438 1319 2467 euim
1354 2436 1392 2466 de
1426 2437 1482 2466 illo
1494 2453 1536 2459 --
1547 2437 1678 2467 senatui

973 2479 1058 2518 prm]
1085 2479 1360 2519 Transposuimus
1385 2479 1519 2508 verbum
1547 2480 1679 2509 senatui

980 2522 1012 2551 in
1036 2521 1122 2551 hunc
1145 2522 1253 2551 locuni
1276 2532 1294 2551 e
1317 2521 1381 2551 Ms.
1405 2520 1474 2550 Erf.
1490 2521 1576 2559 quod
1597 2526 1675 2552 ante

978 2568 1048 2593 erat
1071 2568 1144 2603 post
1167 2563 1261 2605 cujus
1275 2564 1372 2594 enim.
1417 2563 1470 2592 Sic
1484 2566 1518 2592 et
1532 2563 1604 2594 edd.
1621 2563 1676 2595 W.

982 2608 1061 2636 1430
1078 2608 1134 2635 ὄις.

1019 2651 1060 2678 20
1072 2646 1240 2687 judicium
1263 2646 1466 2685 decernendi]
1494 2646 1585 2684 Non,
1612 2656 1679 2686 quo

978 2699 1043 2719 non
1065 2689 1278 2728 quaestionem
1301 2689 1500 2727 decreverit3
1525 2698 1601 2719 nam
1621 2689 1678 2719 de-

977 2732 1078 2762 crevit
1095 2732 1308 2770 quaestionem
1331 2730 1369 2761 de
1393 2730 1528 2771 pollutis
1549 2732 1674 2768 sacris;

978 2775 1033 2805 sed
1055 2773 1142 2813 quod
1164 2784 1201 2803 ea
1225 2772 1379 2812 impedita
1400 2777 1462 2809 est,
1479 2782 1543 2812 quo
1566 2773 1675 2805 minus

979 2817 1026 2849 ita
1037 2817 1144 2854 fieret,
1158 2821 1196 2847 ut
1211 2821 1342 2848 senatus
1355 2815 1522 2847 voluisset.
