1812 3147
298 144 376 179 ⁸22
894 143 1141 182 ORATIO

298 242 574 295 ratissimum,
598 243 649 285 P.
674 243 901 286 Lentulum
931 247 1130 303 proximo
1153 260 1264 287 anno
1286 247 1503 288 consulem
1525 245 1732 299 futurum,

299 300 373 355 qui
396 300 476 340 illis
507 301 608 356 ipsis
641 302 1279 366 τεὶριὼῇοω,11011011105155111115
1303 304 1567 367 temporibus
1599 305 1733 346 aedilis

299 356 473 408 eurulis,
497 371 564 398 me
587 358 774 408 consule,
797 361 987 401 omnium
1012 375 1203 401 meorum
1221 361 1496 401 consiliorum
1517 361 1731 416 particeps

299 413 670 477 periculorumque
694 415 832 456 socius
856 416 1029 458 fuisset:
1062 417 1316 468 dubitarem,
1340 417 1441 471 quin
1468 416 1500 456 is
1525 431 1605 467 me,
1629 431 1733 458 con-

300 470 461 511 fectum
484 472 778 512 consularibus
801 473 1073 523 muner-ibus,
1083 474 1292 515 consulari
1313 474 1524 514 medicina
1546 473 1597 513 ad
1622 473 1732 514 salu-

299 536 386 568 tem
417 528 664 570 1·.educeret>
705 528 804 569 Hoc
826 529 948 580 duee,
971 531 1092 571 colle
1083 546 1136 585 ra
1159 541 1301 570 autem
1323 531 1429 585 ejus,
1452 529 1731 570 clementissi-

297 598 370 624 mo
403 593 531 640 atque
562 586 726 640 optimo
757 586 867 649 viro,
897 588 1033 641 primo
1061 601 1145 627 non
1176 587 1438 636 adveisante,
1470 596 1567 641 post
1597 587 1727 627 etiam

298 641 544 696 adjuvante,
576 642 724 697 reliqui
756 643 1029 698 magistratus
1062 657 1183 699 paene
1206 658 1352 683 omnes
1380 643 1551 683 fuerunt
1580 642 1727 684 deten-

299 712 412 738 sores
445 698 590 738 salutis
614 713 736 739 meae.
767 714 820 739 ex
844 700 997 763 quibus
1019 700 1244 740 excellenti
1278 700 1435 749 mimo,
1459 700 1630 750 virtute,
1653 715 1728 740 au-

298 755 511 803 ctoritate,
548 770 614 810 pn
601 770 657 796 ‘es
664 756 764 806 idio,
795 756 946 811 copiis,
977 756 1028 797 T.
1051 757 1217 797 Annius
1248 767 1290 797 et
1326 757 1375 797 P.
1400 757 1586 807 Sextius,
1622 771 1728 812 plae-

298 813 425 852 stanti
460 813 501 852 in
536 826 603 852 me
640 812 927 853 benivolentia
947 822 990 853 et
1012 813 1158 854 divino
1190 814 1330 854 studio
1353 814 1627 854 exstiterunt.
1657 826 1730 854 eo-

296 869 479 922 demque
513 868 561 908 P.
588 868 768 909 Lentulo
790 880 977 920 auctore,
999 880 1041 910 et
1071 874 1110 903 21³
1126 871 1279 925 pariter
1311 871 1517 912 referente
1547 869 1727 925 collega,

298 925 664 979 frequentissimus
705 935 889 977 senatus,
932 941 1016 967 uno
1058 927 1181 967 (lissei
1175 928 1347 977 rtiente,
1390 926 1505 968 nullo
1548 928 1728 967 interce-

296 983 437 1033 dente,
459 982 714 1037 dignitatem
741 997 895 1034 meam,
917 984 1072 1038 quibus
1105 994 1207 1047 potu
1215 985 1261 1034 it,
1285 985 1423 1024 verbis
1454 983 1726 1039 amplissimis

296 1039 488 1081 ornavit:
528 1039 714 1079 salutem
754 1041 890 1091 vobis,
933 1041 1178 1096 munitipns
1224 1041 1486 1096 coloniisque
1525 1040 1724 1080 omnibus

237 1093 757 1136 16001nmendavit.1ta
786 1111 854 1137 me
883 1098 1043 1138 nudum
1076 1114 1100 1137 a
1131 1112 1397 1153 pxopmqum,
1430 1097 1542 1138 nulla
1565 1111 1726 1152 coonu-

254 1144 283 1173 b.
298 1153 413 1193 tione
445 1153 671 1203 munitum,
694 1153 902 1204 consules,
934 1163 1151 1209 praetores,
1176 1155 1335 1194 tribuni
1370 1155 1518 1209 plebis,
1540 1164 1727 1204 senatus,

297 1209 423 1250 Italia
443 1219 612 1260 cuneta,
643 1223 808 1265 semper
840 1226 864 1250 a
894 1212 992 1251 viob
1000 1226 1016 1251 5
1048 1211 1098 1250 d<
1088 1226 1216 1266 pree
1205 1221 1274 1251 tta
1297 1221 1385 1252 est:
1418 1211 1602 1266 denique
1634 1224 1727 1251 om-

294 1281 383 1317 nes,
414 1267 486 1322 qui
519 1266 668 1306 vestris
700 1267 898 1307 mammis
933 1267 1150 1308 beneficiis
1181 1268 1500 1322 honoribusque
1528 1276 1627 1308 sunt
1659 1281 1728 1308 or-

294 1324 399 1374 nati,
421 1323 618 1379 producti
651 1324 702 1364 ad
726 1338 800 1364 vos
832 1325 885 1364 ab
908 1325 1073 1374 eodem,
1096 1339 1181 1365 non
1213 1325 1349 1365 solum
1382 1325 1435 1365 ad
1465 1338 1533 1365 me
1555 1338 1726 1366 conser-

295 1381 479 1421 vandum
514 1395 590 1421 vos
619 1381 831 1421 cohortati
867 1390 978 1431 sunt,
1002 1381 1073 1422 sed
1095 1381 1223 1421 etiam
1258 1396 1395 1422 rerum
1430 1396 1617 1422 mearum
1652 1395 1727 1436 ge-

247 1435 278 1489 7
295 1447 453 1478 starum
476 1447 684 1488 auctores,
708 1446 851 1489 testes,
872 1437 1110 1479 laudatores
1134 1437 1319 1479 fuerunt.
1380 1439 1576 1484 Quorum
1609 1438 1725 1493 prin·

293 1509 392 1558 ceps
421 1495 474 1535 ad
504 1494 792 1535 cohortandos
826 1510 916 1547 vos,
949 1506 991 1536 et
1026 1495 1078 1536 ad
1111 1495 1322 1551 legandos
1360 1495 1443 1536 fuit
1475 1494 1557 1536 Cn.
1594 1494 1725 1535 Pom-

292 1566 427 1607 1161115,
451 1552 514 1592 vir
536 1552 742 1602 omnium,
764 1552 837 1606 qui
861 1562 972 1603 sunt,
996 1551 1181 1604 fuerunt,
1203 1562 1342 1604 erunt,
1361 1553 1533 1604 virtute,
1555 1551 1725 1608 sapien-

292 1609 352 1649 tia
373 1623 422 1649 ae
445 1608 580 1664 gloria
603 1609 824 1664 princeps:
857 1610 929 1664 qui
951 1610 1058 1650 mihi
1081 1625 1188 1651 unus
1211 1610 1283 1650 uni
1307 1609 1474 1665 privato
1497 1609 1634 1650 amico
1653 1622 1724 1649 ea-

289 1665 386 1706 dem
409 1665 553 1706 omnia
573 1666 704 1716 dedit,
727 1681 823 1720 quae
846 1667 1054 1708 universae
1076 1666 1338 1723 reipublicae,
1357 1666 1550 1717 salutem,
1569 1666 1722 1729 otium,

288 1722 559 1778 dignitatem.
620 1723 755 1778 Cujus
787 1725 923 1764 oratio
954 1724 1050 1774 fuit,
1072 1723 1431 1779 quemadmodum
1463 1723 1623 1778 accepi,
1647 1722 1723 1762 tri-

288 1780 460 1835 partita.
484 1780 669 1835 primum
690 1795 764 1822 vos
788 1781 950 1832 docuit,
970 1781 1075 1822 meis
1094 1780 1281 1822 consiliis
1304 1780 1609 1844 rempublicam
1631 1793 1723 1820 esse

289 1845 514 1888 servatam,
544 1852 800 1893 causamque
826 1853 904 1879 me
897 1853 965 1879 1111
996 1853 1094 1880 cum
1125 1852 1342 1879 communi
1377 1837 1510 1878 salute
1540 1836 1722 1892 conjun-

290 1894 382 1946 xit3
412 1894 691 1959 hortatusque
718 1903 795 1945 est,
818 1904 865 1936 ut
896 1896 1195 1936 auctoritatem
1228 1909 1298 1935 sen
1304 1904 1412 1945 atus,
1435 1903 1593 1934 statum
1614 1894 1722 1935 elvi-

289 1951 405 2000 tatis,
428 1950 619 1992 fortunas
643 1952 752 1993 civis
777 1953 884 1992 bene
914 1952 1054 1993 meriti
1077 1952 1384 1993 defenderetis:
1418 1960 1507 1991 tum
1533 1951 1574 1991 in
1598 1965 1722 2006 pero-

289 2008 421 2048 rando
444 2009 602 2064 posuit,
625 2024 699 2050 vos
723 2010 862 2064 rogari
895 2025 919 2049 a
948 2019 1110 2059 senatu,
1132 2010 1271 2065 rogari
1307 2010 1360 2049 ab
1382 2008 1597 2063 equitibus
1631 2007 1721 2048 Ro-

288 2079 330 2105 m
336 2065 440 2115 mis,
463 2079 540 2120 100
545 2081 602 2106 ·1r1
635 2067 688 2106 ab
713 2065 838 2106 Italia
858 2076 1037 2107 cuncta:
1070 2067 1253 2122 denique
1285 2067 1374 2121 ipse
1404 2066 1456 2105 ad
1479 2073 1720 2106 extremum

289 2136 367 2178 plo
389 2136 484 2162 mea
507 2137 578 2163 vos
611 2124 744 2164 salute
774 2138 858 2163 non
895 2123 1064 2179 rogavit
1095 2123 1246 2173 solum,
1269 2137 1413 2163 verum
1444 2122 1572 2162 etiam
1596 2122 1721 2162 obse-

230 2179 439 2220 17cravit.
501 2179 618 2220 Huic
648 2194 729 2235 ego
760 2180 940 2231 homini,
973 2180 1178 2230 Quirites,
1211 2189 1376 2220 tantum
1404 2178 1554 2229 debeo,
1585 2193 1720 2233 quan-

290 2244 380 2277 tum
414 2236 630 2277 hominem
662 2237 825 2277 homini
849 2237 1002 2278 debere
1030 2237 1102 2278 vix
1135 2237 1196 2277 fas
1218 2246 1296 2277 est.
1357 2235 1501 2290 Hujus
1525 2235 1719 2286 consilia,

288 2293 339 2334 P.
364 2293 533 2334 Lentuli
565 2295 834 2357 sententium,
857 2304 1025 2334 senatus
1059 2295 1356 2335 auctoritatem
1387 2307 1461 2332 vos
1493 2292 1642 2342 secuti,
1674 2292 1718 2333 in

286 2365 337 2391 eo
359 2365 427 2391 me
457 2350 567 2401 loco,
590 2351 632 2391 in
664 2365 748 2405 quo
774 2352 920 2391 vest1is
953 2351 1170 2391 benefieiis
1194 2351 1371 2400 fueram,
1394 2349 1544 2390 iisdem
1565 2358 1716 2390 centu-

285 2407 374 2459 riis,
396 2407 550 2462 quibus
572 2407 719 2448 colloe·
713 2422 756 2447 (11·
760 2408 853 2458 (1115,
878 2407 1140 2464 reposuistis.
1202 2407 1363 2448 Eodem
1384 2415 1575 2462 tempore
1597 2405 1718 2447 audi-

285 2465 361 2506 stis
392 2465 541 2506 eodem
571 2479 624 2505 ex
654 2465 749 2505 loeo
774 2480 962 2505 summos
995 2479 1121 2513 viros,
1143 2463 1435 2505 olnatissimos
1468 2471 1596 2519 atque
1627 2477 1718 2503 am-

284 2521 498 2578 plissimos
539 2521 747 2572 homines,
791 2522 1003 2577 principes
1035 2522 1237 2572 civitatis,
1271 2535 1417 2561 omnes
1458 2519 1716 2570 consulares,

284 2593 431 2619 omnes
464 2579 701 2634 praetorios,
724 2579 870 2619 eadem
902 2579 1055 2629 dicere,
1079 2588 1126 2618 ut
1147 2578 1339 2619 omnium
1370 2577 1616 2617 testimonio
1639 2590 1715 2632 per

282 2649 352 2676 me
384 2650 515 2676 unum
556 2635 862 2691 rempublicam
895 2646 1114 2676 conservu
1121 2651 1187 2676 1111
1219 2650 1309 2675 esse
1338 2642 1566 2675 constaimet
1628 2632 1715 2674 Ita-

281 2707 365 2746 que
395 2707 493 2734 eum
531 2692 580 2733 P.
605 2692 822 2743 Seuilius,
855 2708 920 2748 g³r
908 2707 1130 2733 111551111115
1163 2693 1238 2742 vir,
1261 2700 1303 2731 et
1325 2690 1619 2731 ornatissimus
1649 2690 1711 2730 ci-

280 2749 358 2801 vis,
379 2749 573 2801 dixisset,
595 2764 724 2806 opera
745 2764 840 2790 meu
860 2749 1168 2805 rempublicam
1199 2748 1455 2790 incolumem
1486 2747 1727 2807 magistra-

348 2873 388 2905 2³9
405 2874 537 2911 pariter
551 2873 723 2915 referente]
742 2873 913 2914 Quomodo
930 2873 1180 2913 intelligendum
1195 2873 1250 2912 sit,
1267 2876 1343 2904 ante
1357 2871 1481 2903 dictum
1496 2869 1535 2902 ad
1547 2879 1575 2901 c.
1591 2872 1624 2900 4.
1665 2862 1668 2866 ’
