1817 3169
282 109 381 144 1102
873 113 1120 150 ORATIO

280 210 503 262 libertatis,
527 214 589 254 sui
612 229 823 271 quemque
845 216 956 270 juris
986 227 1029 258 et
1054 218 1260 258 retinendi
1289 228 1332 258 et
1354 217 1600 258 dimittendi
1623 226 1722 258 esse·

279 268 518 310 dominum.
552 270 662 312 Illud
682 287 778 313 vero
801 273 890 313 sine
914 273 997 314 ulla
1017 275 1286 315 dubitatione
1309 275 1498 315 maxime
1521 283 1715 315 nostrum

281 324 478 366 fundavit
510 327 751 384 imperium,
780 339 822 370 et
852 330 996 386 populi
1026 331 1210 372 Romani
1242 346 1396 372 nomen
1434 332 1571 381 auxit,
1599 331 1715 386 quod

280 381 478 439 princeps
501 383 584 436 ille,
607 396 772 427 creator
795 386 922 441 hujus
953 388 1083 438 urbis,
1108 387 1333 439 Romulus,
1357 388 1521 429 foedere
1553 388 1715 429 Sabino

279 438 442 490 docuit,
476 442 605 482 etiam
644 442 838 484 hostibus
872 444 1126 499 recipiendis
1164 445 1310 500 augeri
1348 444 1458 486 hauc
1493 445 1717 486 civitatem

279 506 492 550 oportere.
524 499 646 553 cujus
679 500 936 540 auctoritate
969 511 1011 540 et
1043 501 1241 556 exemplo
1277 516 1510 556 numquam
1548 513 1614 542 est
1653 502 1718 541 in-

281 554 476 594 termissa
507 570 532 594 a
564 555 798 610 majoribus
828 556 984 596 nostris
1009 557 1180 612 largitio
1209 567 1253 597 et
1288 558 1625 599 communicatio
1656 558 1717 598 ci-

280 610 442 651 vitatis.
504 610 656 665 Itaque
687 622 731 653 et
759 626 812 653 ex
841 612 964 653 Latio
995 613 1131 664 multi,
1162 623 1206 654 et
1231 613 1479 663 Tusculani,
1501 625 1544 654 et
1576 615 1716 655 Lanu-

282 667 386 717 vini,
420 677 462 708 et
495 682 548 708 ex
587 670 739 709 ceteris
781 669 1007 724 generibus
1049 680 1197 726 gentes
1236 670 1444 711 universae
1481 671 1524 710 in
1565 672 1718 710 civita-

282 734 369 764 tem
413 734 511 765 sunt
552 736 761 781 receptae3
801 734 849 766 ut
889 726 1162 777 Sabinorum,
1195 726 1466 777 Volscorum,
1505 726 1718 767 Hernico-

283 795 402 822 rum:
435 782 591 836 quibus
613 797 666 823 ex
689 782 938 824 civitatibus
959 797 1038 824 nec
1059 784 1198 825 coacti
1220 793 1361 825 essent
1382 784 1600 824 civitatem
1626 798 1718 823 mu·

285 847 389 887 tare,
412 837 443 878 si
468 838 540 893 qui
573 839 822 890 noluissent,
843 853 937 890 nec,
959 840 991 880 si
1014 842 1087 895 qui
1118 850 1260 882 essent
1285 840 1506 882 civitatem
1529 852 1717 881 nostram

236 918 237 921 =
286 894 498 936 beneficio
522 896 668 952 populi
702 895 887 936 Romani
918 898 1153 949 consecuti,
1176 898 1383 939 violatum
1406 896 1550 938 foedus
1571 912 1717 938 eorum

290 951 518 992 videretur.

211 1003 278 1050 14·
346 1007 406 1048 At
443 1008 556 1049 enim
594 1009 845 1064 68quaedam
884 1010 1050 1052 foedera
1084 1019 1271 1062 exstant,
1306 1020 1352 1052 ut
1391 1011 1720 1061 Germanorum,

226 1074 276 1107 32
292 1064 551 1115 Insubrium,
587 1065 901 1119 Helvetiorum,
931 1067 1152 1123 Japidum,
1188 1069 1489 1109 nonnullorum
1527 1069 1631 1110 item
1665 1083 1719 1108 ex

292 1121 433 1163 Gallia
456 1123 748 1175 barbarorum,
771 1139 953 1179 quorum
982 1126 1027 1166 iu
1057 1124 1293 1166 foederibus
1315 1136 1546 1181 exceptum
1567 1134 1645 1176 est,
1669 1139 1721 1165 ne

290 1179 384 1234 quis
415 1194 562 1221 eorum
584 1195 609 1221 a
630 1181 754 1222 nobis
786 1181 891 1221 civis
923 1182 1168 1238 recipiatur.
1229 1182 1396 1229 Quodsi
1427 1183 1627 1238 exceptio
1660 1181 1721 1222 fa-

289 1236 363 1285 cit,
385 1251 439 1277 ne
470 1236 620 1278 liceat:
654 1238 712 1279 ibi
742 1252 913 1279 necesse
935 1248 999 1279 est
1019 1239 1159 1289 licere,
1182 1239 1256 1279 ubi
1281 1254 1365 1279 non
1389 1248 1453 1279 est
1474 1249 1719 1295 exceptum.

288 1293 329 1327 69
347 1292 430 1333 Ubi
453 1302 516 1334 est
547 1294 678 1349 igitur
708 1305 939 1351 exceptum
971 1295 1135 1337 foedere
1167 1295 1401 1346 Gaditano,
1422 1310 1476 1336 ne
1498 1310 1624 1351 quem
1648 1311 1724 1351 po-

244 1349 411 1404 b-pulus
436 1349 656 1392 Romanus
680 1351 944 1393 Gaditanum
975 1353 1156 1408 recipiat
1184 1353 1387 1394 civitate?
1417 1367 1642 1407 nusquam.
1672 1368 1722 1394 ac

288 1406 425 1448 sicubi
449 1419 584 1460 esset;
614 1408 683 1449 lex
707 1409 749 1451 id
782 1409 923 1451 Gellia
952 1419 995 1450 et
1027 1409 1240 1461 Cornelia,
1259 1413 1409 1464 7⁰quae
1440 1410 1617 1450 definite
1647 1424 1724 1465 po-

289 1472 486 1505 testatem
527 1464 737 1521 P'ompeio
772 1466 990 1507 civitatem
1023 1467 1211 1507 donandi
1249 1467 1438 1517 dederat,
1471 1467 1722 1508 sustulisset.

289 1523 325 1554 7ι
345 1520 590 1577 Exceptum
612 1532 691 1573 est,
713 1523 867 1577 inquit,
891 1524 923 1564 si
947 1524 1048 1578 quid
1073 1534 1390 1564 sacrosanctum
1413 1532 1537 1564 esset.
1592 1523 1725 1579 Igno-

291 1592 364 1619 sco
388 1579 482 1629 tibi,
505 1579 538 1619 si
563 1594 699 1634 neque
720 1583 759 1613 72
776 1580 1011 1622 Poeuorum
1037 1581 1138 1636 jura
1168 1580 1318 1622 calles:
1352 1580 1577 1635 reliqueras
1609 1581 1721 1621 enim

293 1635 512 1676 civitatem
556 1645 700 1678 tuam:
732 1651 869 1691 neque
911 1647 1076 1678 nostras
1119 1638 1295 1693 potuisti
1338 1637 1452 1692 leges
1489 1637 1721 1693 inspicere:

295 1692 399 1746 ipsae
422 1693 536 1733 enim
560 1702 601 1733 te
622 1696 697 1733 73a
717 1694 968 1749 cognitione
991 1709 1065 1735 sua
1079 1695 1248 1749 judicio
1273 1694 1444 1749 publico
1464 1694 1723 1750 repulerunt.

231 1753 281 1787 33
298 1749 413 1796 Quid
446 1749 528 1791 fuit
550 1750 593 1791 in
625 1751 848 1806 rogatione
878 1766 942 1802 ea,
965 1766 1062 1806 quae
1094 1752 1144 1793 de
1179 1751 1387 1807 Pompeio
1410 1767 1435 1791 a
1457 1751 1613 1802 Gellio,
1636 1762 1680 1792 et
1701 1768 1724 1792 a

334 1884 373 1916 68
407 1884 554 1926 quendam
576 1885 710 1926 foedera
743 1891 988 1927 arsiam-quo-

292 1937 369 1957 rum
384 1927 606 1966 infestioribus
619 1929 693 1967 &c.]
715 1929 772 1958 Est
788 1930 988 1960 ἀνακαλσυθιάε

293 1971 463 2005 orationis,
479 1972 570 2008 cnjus
584 1976 618 2000 et
633 1970 697 2000 alia
718 1973 869 2011 exempla
883 1973 916 2002 in
935 1973 989 2004 Ci-

293 2012 419 2041 ceronis
437 2012 527 2042 libris
551 2011 761 2044 notavimus:
786 2013 989 2053 debebatqne

294 2055 472 2084 secundum
507 2054 689 2093 legitimam
722 2055 861 2086 formam
897 2066 988 2086 esse:

294 2097 408 2135 quibus
423 2095 653 2135 infoerleribus.

337 2138 377 2171 69
406 2137 467 2168 Ubi
489 2143 535 2168 est
557 2139 664 2177 igitur
685 2139 901 2180 ercepezcms
932 2139 988 2179 G.]

296 2178 375 2209 Mss.
393 2180 459 2209 Erf.
470 2179 577 2210 Guelf.
593 2189 658 2210 non
674 2179 795 2211 habent
811 2187 989 2221 exceptum.-

296 2221 382 2258 quod
397 2222 475 2252 inihi
491 2232 600 2252 verum
611 2222 751 2253 videtur.
777 2224 808 2253 Si
823 2229 989 2262 emceptum

297 2263 350 2292 hic
377 2273 444 2293 esse
471 2269 602 2303 potest;
627 2274 644 2293 e
673 2265 819 2303 proximo
849 2266 988 2304 intelligi

298 2310 418 2344 potest,
449 2315 514 2335 non
544 2307 722 2335 necessario
753 2308 854 2346 repeti
882 2308 988 2338 debet.

297 2347 360 2377 Sed
382 2357 442 2385 ego
468 2348 576 2387 potius
605 2347 787 2387 intelligam
817 2350 864 2379 in.
911 2350 989 2379 Mox

297 2389 434 2428 recipiat
469 2390 611 2426 civitate,
646 2399 703 2428 pro
740 2390 774 2420 in
809 2391 989 2427 civitatem,

298 2431 405 2461 forma
436 2431 469 2461 in
502 2431 573 2461 aliis
608 2431 779 2471 generibus
814 2434 892 2463 satis
927 2434 991 2463 usi-

298 2478 380 2502 tata.

341 2518 383 2547 70
417 2523 487 2553 quoe
518 2514 647 2555 desinite
678 2517 987 2556 patah—dalmat]

300 2556 438 2586 Variant
463 2555 555 2586 valde
579 2566 641 2585 sor.
667 2561 699 2586 ct
727 2557 799 2587 edd.
825 2558 856 2587 in
886 2559 989 2588 altero

299 2599 408 2628 verbo.
453 2596 598 2638 Βςήηίΐε
624 2599 746 2638 primus
773 2599 872 2629 edidit
901 2601 990 2630 wal-

301 2640 458 2675 dar-ferus,
473 2640 527 2670 sed
550 2642 718 2679 expressit,
735 2646 772 2670 ut
795 2642 885 2678 alibi,
905 2642 988 2681 ''iffi'‘

301 2683 377 2711 nite.
400 2681 473 2711 alia*
495 2681 565 2712 edd.
589 2693 636 2721 pr.
654 2683 835 2722 definitam,
851 2689 887 2713 ut
915 2685 990 2714 Mss.

302 2724 444 2762 quidam.
471 2724 532 2753 Sed
550 2723 628 2753 illud
646 2725 765 2755 imitati
783 2730 861 2755 sunt
874 2726 991 2761 sunta,

302 2765 402 2795 Aldus
417 2770 449 2795 et
465 2766 563 2796 ceteri
578 2765 739 2805 deinceps.
784 2767 930 2805 Desinite
945 2776 993 2798 est

302 2807 432 2843 diserte,
455 2808 550 2838 claris
572 2808 685 2838 verbis.
701 2818 730 2837 v.
744 2814 777 2838 et
802 2810 891 2840 Clav.
906 2811 939 2839 in
961 2810 993 2840 b.

303 2858 334 2877 v.

1073 1890 1108 1920 71
1136 1887 1321 1928 E.rceptum
1343 1893 1401 1923 est,
1423 1888 1540 1926 inquit,
1553 1886 1679 1927 foedus,
1699 1888 1726 1916 si

1031 1930 1158 1968 quidem
1173 1940 1198 1960 s.
1214 1941 1239 1961 s.
1253 1930 1312 1969 est]
1332 1930 1405 1960 Hoc
1430 1930 1595 1965 vitiosum,
1618 1930 1727 1969 legen-

1032 1971 1192 2010 dumque:
1231 1972 1416 2011 Earn-epnun
1451 1977 1510 2008 est,
1545 1973 1663 2011 inquil,
1700 1975 1727 2002 si

1032 2014 1111 2052 quid
1142 2019 1385 2044 sacrosanctum
1416 2018 1504 2043 esset.
1550 2014 1659 2044 Primo
1694 2014 1726 2044 iti

1033 2056 1099 2086 Ms.
1117 2056 1179 2085 Gu.
1194 2062 1244 2086 est
1263 2056 1382 2096 siquid
1393 2068 1402 2084 .-
1422 2055 1537 2086 deinde
1560 2055 1618 2086 illa
1631 2056 1727 2086 verba

1033 2104 1111 2128 sunt
1139 2109 1177 2128 ex
1205 2098 1275 2137 lege
1301 2098 1419 2133 Gellia,
1446 2108 1484 2128 ex
1510 2108 1573 2136 qua
1601 2098 1633 2127 in
1663 2098 1727 2128 fine

1034 2149 1105 2179 cap.
1121 2140 1238 2171 diserte.
1261 2144 1496 2170 memorantur.
1542 2138 1657 2169 Foedus
1678 2145 1728 2169 est

1034 2181 1075 2211 ab
1090 2183 1201 2222 inepto
1224 2182 1412 2222 glossatore.
1457 2180 1570 2220 Itaque.
1594 2182 1638 2212 sic
1661 2182 1728 2212 edi-

1032 2224 1076 2254 di.

1074 2268 1114 2298 72
1137 2264 1428 2304 Poerzorumjum]
1455 2263 1579 2303 Quibus
1602 2274 1645 2296 sc.
1664 2265 1727 2296 Ga-

1032 2307 1136 2337 ditani
1170 2308 1362 2343 utebantur,
1390 2307 1444 2345 qui
1475 2317 1588 2338 eorum
1619 2307 1726 2338 coloni

1032 2353 1154 2379 essent.

1074 2394 1114 2424 73
1151 2401 1172 2420 a
1199 2391 1376 2428 cognitione
1403 2400 1464 2420 sua
1484 2390 1610 2428 judicio
1633 2392 1724 2431 pube.

1032 2432 1116 2472 rep.]
1143 2433 1215 2463 Hoc
1236 2441 1302 2462 non
1326 2433 1395 2462 κατ’
1409 2433 1554 2475 ἀκςίέειαν
1568 2434 1726 2474 accipien—

1033 2474 1124 2510 dum,
1153 2474 1209 2504 sed
1237 2475 1360 2504 dietum
1395 2476 1436 2506 ad
1466 2476 1725 2516 exprobrandum

1033 2516 1157 2546 homini
1178 2516 1386 2552 maleficium,
1403 2519 1494 2556 cujus
1509 2527 1621 2548 caussa
1636 2517 1727 2548 ‹larn-

1033 2563 1129 2587 natns
1152 2558 1274 2588 fuisset.
1318 2559 1404 2598 Quia
1425 2571 1463 2589 ex
1488 2559 1611 2598 legibus
1634 2560 1725 2590 dam-

1034 2606 1129 2629 natus
1164 2606 1247 2635 erat,
1283 2610 1336 2629 eas
1373 2611 1439 2631 non
1480 2611 1604 2631 amasse
1640 2602 1726 2632 vitle-

1033 2648 1099 2677 tur‚
1130 2651 1188 2671 nec
1221 2652 1418 2681 magnopere
1451 2653 1578 2673 curasse
1611 2653 1724 2675 earum

1034 2685 1267 2721 cognitionem,
1293 2685 1486 2722 prti‘sertim,
1510 2686 1563 2723 qui
1585 2685 1653 2725 jain
1678 2687 1727 2716 ni-

1037 2726 1080 2755 liil
1106 2725 1236 2755 honoris
1252 2737 1364 2765 capere
1379 2732 1435 2757 aut
1453 2727 1596 2757 muneris
1612 2728 1645 2756 in
1661 2738 1729 2767 rep.

1036 2773 1156 2806 possut.
1175 2769 1328 2798 Ceterum
1344 2772 1379 2797 ut
1392 2774 1467 2799 ante
1477 2773 1526 2799 est
1539 2769 1729 2808 reliqueras,

1038 2810 1083 2838 sic
1106 2809 1156 2838 liic
1171 2819 1238 2840 esse
1252 2809 1366 2840 debere
1385 2810 1511 2840 videtur
1525 2813 1729 2849 repulerant,

1040 2852 1217 2891 praesertim
1234 2862 1308 2882 cuin
1325 2853 1485 2892 praecedat
1494 2854 1640 2892 potumi.
