<?xml version="1.0" encoding="UTF-8"?>
<!DOCTYPE html PUBLIC "-//W3C//DTD XHTML 1.0 Transitional//EN"
    "http://www.w3.org/TR/xhtml1/DTD/xhtml1-transitional.dtd">
<html xmlns="http://www.w3.org/1999/xhtml" xml:lang="en" lang="en">
 <head>
  <title>
</title>
<meta http-equiv="Content-Type" content="text/html;charset=utf-8" />
  <meta name='ocr-system' content='tesseract 3.04.00' />
  <meta name='ocr-capabilities' content='ocr_page ocr_carea ocr_par ocr_line ocrx_word'/>
</head>
<body>
  <div class='ocr_page' id='page_1' title='image "./p2operaomnia02ciceuoft_0450.png"; bbox 0 0 1785 3185; ppageno 0'>
   <div class='ocr_carea' id='block_1_1' title="bbox 146 101 1704 529">
    <p class='ocr_par' dir='ltr' id='par_1_1' title="bbox 146 101 1704 529">
     <span class='ocr_line' id='line_1_1' title="bbox 279 101 1113 140; baseline 0.006 -5"><span class='ocrx_word' id='word_1_1' title='bbox 279 101 378 136; x_wconf 85' lang='lat'>1166</span> <span class='ocrx_word' id='word_1_2' title='bbox 866 101 1113 140; x_wconf 88' lang='lat' dir='ltr'><strong>ORATIO</strong></span> 
     </span>
     <span class='ocr_line' id='line_1_2' title="bbox 146 200 1701 262; baseline -0.003 -16"><span class='ocrx_word' id='word_1_3' title='bbox 146 200 383 246; x_wconf 77' lang='lat' dir='ltr'>P=106·luit:</span> <span class='ocrx_word' id='word_1_4' title='bbox 415 205 512 244; x_wconf 88' lang='lat' dir='ltr'>31et</span> <span class='ocrx_word' id='word_1_5' title='bbox 546 201 670 245; x_wconf 90' lang='lat' dir='ltr'>electi</span> <span class='ocrx_word' id='word_1_6' title='bbox 695 203 881 259; x_wconf 86' lang='lat' dir='ltr'>judices,</span> <span class='ocrx_word' id='word_1_7' title='bbox 912 206 1031 261; x_wconf 87' lang='lat' dir='ltr'>isque</span> <span class='ocrx_word' id='word_1_8' title='bbox 1070 205 1324 262; x_wconf 61' lang='lat' dir='ltr'>praepositus</span> <span class='ocrx_word' id='word_1_9' title='bbox 1355 203 1600 261; x_wconf 87' lang='lat' dir='ltr'>quaestioni,</span> <span class='ocrx_word' id='word_1_10' title='bbox 1625 200 1701 257; x_wconf 86' lang='lat' dir='ltr'>qui</span> 
     </span>
     <span class='ocr_line' id='line_1_3' title="bbox 233 257 1701 319; baseline -0.001 -19"><span class='ocrx_word' id='word_1_11' title='bbox 233 257 372 301; x_wconf 72' lang='lat' dir='ltr'>²·haec</span> <span class='ocrx_word' id='word_1_12' title='bbox 402 258 522 314; x_wconf 87' lang='lat' dir='ltr'>juste</span> <span class='ocrx_word' id='word_1_13' title='bbox 559 261 855 317; x_wconf 82' lang='lat' dir='ltr'>sapienterque</span> <span class='ocrx_word' id='word_1_14' title='bbox 891 264 1125 319; x_wconf 75' lang='lat' dir='ltr'>disceptet:</span> <span class='ocrx_word' id='word_1_15' title='bbox 1159 264 1368 318; x_wconf 87' lang='lat' dir='ltr'>reliquum</span> <span class='ocrx_word' id='word_1_16' title='bbox 1406 271 1485 312; x_wconf 89' lang='lat' dir='ltr'>est,</span> <span class='ocrx_word' id='word_1_17' title='bbox 1514 260 1701 316; x_wconf 81' lang='lat' dir='ltr'>judiceS‚</span> 
     </span>
     <span class='ocr_line' id='line_1_4' title="bbox 277 316 1701 373; baseline -0.001 -17"><span class='ocrx_word' id='word_1_18' title='bbox 277 325 326 356; x_wconf 89' lang='lat' dir='ltr'>ut</span> <span class='ocrx_word' id='word_1_19' title='bbox 355 316 461 358; x_wconf 88' lang='lat' dir='ltr'>nihil</span> <span class='ocrx_word' id='word_1_20' title='bbox 485 316 578 372; x_wconf 89' lang='lat' dir='ltr'>jam</span> <span class='ocrx_word' id='word_1_21' title='bbox 610 318 723 359; x_wconf 90' lang='lat' dir='ltr'>aliud</span> <span class='ocrx_word' id='word_1_22' title='bbox 746 333 935 373; x_wconf 83' lang='lat' dir='ltr'>quaerere</span> <span class='ocrx_word' id='word_1_23' title='bbox 958 320 1162 370; x_wconf 82' lang='lat' dir='ltr'>debeatis,</span> <span class='ocrx_word' id='word_1_24' title='bbox 1187 321 1280 370; x_wconf 86' lang='lat' dir='ltr'>nisi,</span> <span class='ocrx_word' id='word_1_25' title='bbox 1305 330 1395 361; x_wconf 88' lang='lat' dir='ltr'>nter</span> <span class='ocrx_word' id='word_1_26' title='bbox 1419 319 1501 359; x_wconf 87' lang='lat' dir='ltr'>utri</span> <span class='ocrx_word' id='word_1_27' title='bbox 1528 317 1701 358; x_wconf 80' lang='lat' dir='ltr'>insidias</span> 
     </span>
     <span class='ocr_line' id='line_1_5' title="bbox 276 372 1701 432; baseline -0.001 -19"><span class='ocrx_word' id='word_1_28' title='bbox 276 372 441 415; x_wconf 90' lang='lat' dir='ltr'>fecerit.</span> <span class='ocrx_word' id='word_1_29' title='bbox 474 375 589 429; x_wconf 88' lang='lat' dir='ltr'>quod</span> <span class='ocrx_word' id='word_1_30' title='bbox 621 389 706 430; x_wconf 92' lang='lat' dir='ltr'>quo</span> <span class='ocrx_word' id='word_1_31' title='bbox 743 376 909 417; x_wconf 80' lang='lat' dir='ltr'>facilius</span> <span class='ocrx_word' id='word_1_32' title='bbox 942 378 1204 432; x_wconf 78' lang='lat' dir='ltr'>argumentis</span> <span class='ocrx_word' id='word_1_33' title='bbox 1239 378 1475 432; x_wconf 82' lang='lat' dir='ltr'>perspicere</span> <span class='ocrx_word' id='word_1_34' title='bbox 1512 373 1701 430; x_wconf 90' lang='lat' dir='ltr'>possitis,</span> 
     </span>
     <span class='ocr_line' id='line_1_6' title="bbox 276 432 1704 489; baseline -0.002 -18"><span class='ocrx_word' id='word_1_35' title='bbox 276 444 365 471; x_wconf 90' lang='lat' dir='ltr'>rem</span> <span class='ocrx_word' id='word_1_36' title='bbox 396 440 560 487; x_wconf 86' lang='lat' dir='ltr'>gestam</span> <span class='ocrx_word' id='word_1_37' title='bbox 592 432 714 473; x_wconf 89' lang='lat' dir='ltr'>vobis</span> <span class='ocrx_word' id='word_1_38' title='bbox 745 432 846 474; x_wconf 89' lang='lat' dir='ltr'>dum</span> <span class='ocrx_word' id='word_1_39' title='bbox 881 434 1063 474; x_wconf 78' lang='lat' dir='ltr'>breviter</span> <span class='ocrx_word' id='word_1_40' title='bbox 1092 448 1279 489; x_wconf 86' lang='lat' dir='ltr'>expono,</span> <span class='ocrx_word' id='word_1_41' title='bbox 1301 448 1447 488; x_wconf 83' lang='lat' dir='ltr'>quaeso</span> <span class='ocrx_word' id='word_1_42' title='bbox 1477 432 1704 487; x_wconf 83' lang='lat' dir='ltr'>diligenter</span> 
     </span>
     <span class='ocr_line' id='line_1_7' title="bbox 277 489 501 529; baseline 0.004 -1"><span class='ocrx_word' id='word_1_43' title='bbox 277 489 501 529; x_wconf 87' lang='lat' dir='ltr'>attendite.</span> 
     </span>
    </p>
   </div>
   <div class='ocr_carea' id='block_1_2' title="bbox 219 544 1771 2310">
    <p class='ocr_par' dir='ltr' id='par_1_2' title="bbox 219 544 1711 1113">
     <span class='ocr_line' id='line_1_8' title="bbox 338 544 1704 600; baseline -0.004 -14"><span class='ocrx_word' id='word_1_44' title='bbox 338 544 388 586; x_wconf 89' lang='lat' dir='ltr'>P.</span> <span class='ocrx_word' id='word_1_45' title='bbox 407 544 582 586; x_wconf 87' lang='lat' dir='ltr'>Clodius</span> <span class='ocrx_word' id='word_1_46' title='bbox 605 559 702 586; x_wconf 91' lang='lat' dir='ltr'>cum</span> <span class='ocrx_word' id='word_1_47' title='bbox 726 544 944 585; x_wconf 84' lang='lat' dir='ltr'>statuisset</span> <span class='ocrx_word' id='word_1_48' title='bbox 965 545 1079 586; x_wconf 90' lang='lat' dir='ltr'>omni</span> <span class='ocrx_word' id='word_1_49' title='bbox 1105 545 1258 586; x_wconf 86' lang='lat' dir='ltr'>scelere</span> <span class='ocrx_word' id='word_1_50' title='bbox 1280 546 1322 585; x_wconf 91' lang='lat' dir='ltr'>in</span> <span class='ocrx_word' id='word_1_51' title='bbox 1346 554 1531 600; x_wconf 84' lang='lat' dir='ltr'>praetura</span> <span class='ocrx_word' id='word_1_52' title='bbox 1550 554 1704 583; x_wconf 82' lang='lat' dir='ltr'>vexare</span> 
     </span>
     <span class='ocr_line' id='line_1_9' title="bbox 277 602 1707 660; baseline -0.003 -18"><span class='ocrx_word' id='word_1_53' title='bbox 277 602 602 652; x_wconf 84' lang='lat' dir='ltr'>rempublicam,</span> <span class='ocrx_word' id='word_1_54' title='bbox 626 602 870 655; x_wconf 87' lang='lat' dir='ltr'>videretque</span> <span class='ocrx_word' id='word_1_55' title='bbox 902 602 961 641; x_wconf 89' lang='lat' dir='ltr'>ita</span> <span class='ocrx_word' id='word_1_56' title='bbox 983 612 1120 642; x_wconf 85' lang='lat' dir='ltr'>tracta</span> <span class='ocrx_word' id='word_1_57' title='bbox 1140 616 1230 642; x_wconf 85' lang='lat' dir='ltr'>esse</span> <span class='ocrx_word' id='word_1_58' title='bbox 1252 602 1428 642; x_wconf 88' lang='lat' dir='ltr'>comitia</span> <span class='ocrx_word' id='word_1_59' title='bbox 1448 615 1558 641; x_wconf 85' lang='lat' dir='ltr'>anno</span> <span class='ocrx_word' id='word_1_60' title='bbox 1582 611 1707 660; x_wconf 55' lang='lat' dir='ltr'>supef</span> 
     </span>
     <span class='ocr_line' id='line_1_10' title="bbox 277 653 1705 714; baseline -0.004 -14"><span class='ocrx_word' id='word_1_61' title='bbox 277 653 404 710; x_wconf 79' lang='lat' dir='ltr'>tiore,</span> <span class='ocrx_word' id='word_1_62' title='bbox 429 667 583 700; x_wconf 87' lang='lat' dir='ltr'>utnon</span> <span class='ocrx_word' id='word_1_63' title='bbox 605 658 760 698; x_wconf 89' lang='lat' dir='ltr'>multos</span> <span class='ocrx_word' id='word_1_64' title='bbox 793 671 956 699; x_wconf 86' lang='lat' dir='ltr'>menses</span> <span class='ocrx_word' id='word_1_65' title='bbox 992 667 1220 714; x_wconf 85' lang='lat' dir='ltr'>praeturain</span> <span class='ocrx_word' id='word_1_66' title='bbox 1254 672 1398 714; x_wconf 83' lang='lat' dir='ltr'>gerere</span> <span class='ocrx_word' id='word_1_67' title='bbox 1433 665 1601 713; x_wconf 88' lang='lat' dir='ltr'>posset:</span> <span class='ocrx_word' id='word_1_68' title='bbox 1631 668 1705 709; x_wconf 79' lang='lat' dir='ltr'>qui</span> 
     </span>
     <span class='ocr_line' id='line_1_11' title="bbox 277 711 1707 770; baseline -0.004 -14"><span class='ocrx_word' id='word_1_69' title='bbox 277 729 364 756; x_wconf 90' lang='lat' dir='ltr'>non</span> <span class='ocrx_word' id='word_1_70' title='bbox 388 715 561 756; x_wconf 81' lang='lat' dir='ltr'>lionoris</span> <span class='ocrx_word' id='word_1_71' title='bbox 583 715 762 770; x_wconf 86' lang='lat' dir='ltr'>gradum</span> <span class='ocrx_word' id='word_1_72' title='bbox 785 724 1010 769; x_wconf 81' lang='lat' dir='ltr'>spectaret,</span> <span class='ocrx_word' id='word_1_73' title='bbox 1035 726 1080 756; x_wconf 93' lang='lat' dir='ltr'>ut</span> <span class='ocrx_word' id='word_1_74' title='bbox 1101 715 1247 765; x_wconf 86' lang='lat' dir='ltr'>ceteri,</span> <span class='ocrx_word' id='word_1_75' title='bbox 1278 715 1348 756; x_wconf 85' lang='lat' dir='ltr'>sed</span> <span class='ocrx_word' id='word_1_76' title='bbox 1371 724 1414 755; x_wconf 89' lang='lat' dir='ltr'>et</span> <span class='ocrx_word' id='word_1_77' title='bbox 1438 714 1486 755; x_wconf 90' lang='lat' dir='ltr'>L.</span> <span class='ocrx_word' id='word_1_78' title='bbox 1511 711 1707 754; x_wconf 83' lang='lat' dir='ltr'>Paullum</span> 
     </span>
     <span class='ocr_line' id='line_1_12' title="bbox 277 770 1706 832; baseline -0.003 -19"><span class='ocrx_word' id='word_1_79' title='bbox 277 772 487 828; x_wconf 85' lang='lat' dir='ltr'>collegam</span> <span class='ocrx_word' id='word_1_80' title='bbox 509 771 698 827; x_wconf 86' lang='lat' dir='ltr'>effugere</span> <span class='ocrx_word' id='word_1_81' title='bbox 721 770 858 820; x_wconf 85' lang='lat' dir='ltr'>vellet,</span> <span class='ocrx_word' id='word_1_82' title='bbox 891 772 1093 827; x_wconf 81' lang='lat' dir='ltr'>singulari</span> <span class='ocrx_word' id='word_1_83' title='bbox 1121 773 1277 813; x_wconf 85' lang='lat' dir='ltr'>virtute</span> <span class='ocrx_word' id='word_1_84' title='bbox 1298 773 1451 822; x_wconf 85' lang='lat' dir='ltr'>civem,</span> <span class='ocrx_word' id='word_1_85' title='bbox 1473 780 1517 811; x_wconf 92' lang='lat' dir='ltr'>et</span> <span class='ocrx_word' id='word_1_86' title='bbox 1546 781 1706 832; x_wconf 79' lang='lat' dir='ltr'>annum</span> 
     </span>
     <span class='ocr_line' id='line_1_13' title="bbox 277 826 1706 885; baseline -0.003 -17"><span class='ocrx_word' id='word_1_87' title='bbox 277 829 494 885; x_wconf 87' lang='lat' dir='ltr'>integrum</span> <span class='ocrx_word' id='word_1_88' title='bbox 527 829 579 869; x_wconf 87' lang='lat' dir='ltr'>ad</span> <span class='ocrx_word' id='word_1_89' title='bbox 612 828 925 869; x_wconf 85' lang='lat' dir='ltr'>dilacerandam</span> <span class='ocrx_word' id='word_1_90' title='bbox 956 829 1263 884; x_wconf 82' lang='lat' dir='ltr'>rempublicam</span> <span class='ocrx_word' id='word_1_91' title='bbox 1296 838 1529 884; x_wconf 86' lang='lat' dir='ltr'>quaereret:</span> <span class='ocrx_word' id='word_1_92' title='bbox 1562 826 1706 867; x_wconf 84' lang='lat' dir='ltr'>subito</span> 
     </span>
     <span class='ocr_line' id='line_1_14' title="bbox 277 882 1707 942; baseline -0.003 -16"><span class='ocrx_word' id='word_1_93' title='bbox 277 885 450 941; x_wconf 87' lang='lat' dir='ltr'>reliquit</span> <span class='ocrx_word' id='word_1_94' title='bbox 471 900 630 927; x_wconf 87' lang='lat' dir='ltr'>annum</span> <span class='ocrx_word' id='word_1_95' title='bbox 653 899 791 934; x_wconf 88' lang='lat' dir='ltr'>suum,</span> <span class='ocrx_word' id='word_1_96' title='bbox 814 898 941 939; x_wconf 88' lang='lat' dir='ltr'>seque</span> <span class='ocrx_word' id='word_1_97' title='bbox 963 886 1006 926; x_wconf 93' lang='lat' dir='ltr'>in</span> <span class='ocrx_word' id='word_1_98' title='bbox 1029 901 1186 926; x_wconf 85' lang='lat' dir='ltr'>annum</span> <span class='ocrx_word' id='word_1_99' title='bbox 1210 887 1456 942; x_wconf 80' lang='lat' dir='ltr'>proximum</span> <span class='ocrx_word' id='word_1_100' title='bbox 1476 882 1707 931; x_wconf 84' lang='lat' dir='ltr'>transtulit,</span> 
     </span>
     <span class='ocr_line' id='line_1_15' title="bbox 277 939 1706 997; baseline -0.003 -14"><span class='ocrx_word' id='word_1_101' title='bbox 277 945 318 973; x_wconf 83' lang='lat'>32</span> <span class='ocrx_word' id='word_1_102' title='bbox 332 957 433 994; x_wconf 89' lang='lat' dir='ltr'>non,</span> <span class='ocrx_word' id='word_1_103' title='bbox 457 942 588 992; x_wconf 83' lang='lat' dir='ltr'>utfit,</span> <span class='ocrx_word' id='word_1_104' title='bbox 610 942 816 997; x_wconf 86' lang='lat' dir='ltr'>religione</span> <span class='ocrx_word' id='word_1_105' title='bbox 839 942 993 996; x_wconf 86' lang='lat' dir='ltr'>aliqua,</span> <span class='ocrx_word' id='word_1_106' title='bbox 1017 943 1089 983; x_wconf 90' lang='lat' dir='ltr'>sed</span> <span class='ocrx_word' id='word_1_107' title='bbox 1111 953 1158 983; x_wconf 91' lang='lat' dir='ltr'>ut</span> <span class='ocrx_word' id='word_1_108' title='bbox 1179 944 1368 993; x_wconf 87' lang='lat' dir='ltr'>haberet,</span> <span class='ocrx_word' id='word_1_109' title='bbox 1391 942 1506 997; x_wconf 89' lang='lat' dir='ltr'>quod</span> <span class='ocrx_word' id='word_1_110' title='bbox 1530 941 1621 996; x_wconf 85' lang='lat' dir='ltr'>ipse</span> <span class='ocrx_word' id='word_1_111' title='bbox 1642 939 1706 980; x_wconf 87' lang='lat' dir='ltr'>di-</span> 
     </span>
     <span class='ocr_line' id='line_1_16' title="bbox 280 999 1709 1054; baseline -0.003 -14"><span class='ocrx_word' id='word_1_112' title='bbox 280 1000 419 1050; x_wconf 87' lang='lat' dir='ltr'>cebat,</span> <span class='ocrx_word' id='word_1_113' title='bbox 441 1000 495 1040; x_wconf 86' lang='lat' dir='ltr'>ad</span> <span class='ocrx_word' id='word_1_114' title='bbox 516 1008 747 1054; x_wconf 87' lang='lat' dir='ltr'>praeturam</span> <span class='ocrx_word' id='word_1_115' title='bbox 771 1000 1015 1054; x_wconf 86' lang='lat' dir='ltr'>gerendam,</span> <span class='ocrx_word' id='word_1_116' title='bbox 1040 1000 1121 1040; x_wconf 86' lang='lat' dir='ltr'>hoc</span> <span class='ocrx_word' id='word_1_117' title='bbox 1137 1009 1214 1051; x_wconf 85' lang='lat' dir='ltr'>est,</span> <span class='ocrx_word' id='word_1_118' title='bbox 1237 1000 1289 1041; x_wconf 86' lang='lat' dir='ltr'>ad</span> <span class='ocrx_word' id='word_1_119' title='bbox 1308 999 1579 1041; x_wconf 80' lang='lat' dir='ltr'>evertendam</span> <span class='ocrx_word' id='word_1_120' title='bbox 1599 1010 1709 1038; x_wconf 83' lang='lat' dir='ltr'>rem·</span> 
     </span>
     <span class='ocr_line' id='line_1_17' title="bbox 219 1053 1711 1113; baseline -0.002 -16"><span class='ocrx_word' id='word_1_121' title='bbox 219 1062 268 1097; x_wconf 76' lang='lat'>25</span> <span class='ocrx_word' id='word_1_122' title='bbox 283 1056 514 1111; x_wconf 86' lang='lat' dir='ltr'>publicam,</span> <span class='ocrx_word' id='word_1_123' title='bbox 537 1055 709 1111; x_wconf 89' lang='lat' dir='ltr'>plenum</span> <span class='ocrx_word' id='word_1_124' title='bbox 736 1070 894 1097; x_wconf 87' lang='lat' dir='ltr'>annum</span> <span class='ocrx_word' id='word_1_125' title='bbox 918 1066 1045 1111; x_wconf 86' lang='lat' dir='ltr'>atque</span> <span class='ocrx_word' id='word_1_126' title='bbox 1076 1057 1304 1113; x_wconf 85' lang='lat' dir='ltr'>integrum.</span> <span class='ocrx_word' id='word_1_127' title='bbox 1366 1056 1633 1098; x_wconf 84' lang='lat' dir='ltr'>Occurrebat</span> <span class='ocrx_word' id='word_1_128' title='bbox 1654 1053 1711 1102; x_wconf 87' lang='lat' dir='ltr'>ei,</span> 
     </span>
    </p>

    <p class='ocr_par' dir='ltr' id='par_1_3' title="bbox 280 1109 1710 1168">
     <span class='ocr_line' id='line_1_18' title="bbox 280 1109 1710 1168; baseline -0.003 -14"><span class='ocrx_word' id='word_1_129' title='bbox 280 1127 479 1154; x_wconf 85' lang='lat' dir='ltr'>mancam</span> <span class='ocrx_word' id='word_1_130' title='bbox 501 1127 550 1154; x_wconf 90' lang='lat' dir='ltr'>ac</span> <span class='ocrx_word' id='word_1_131' title='bbox 572 1112 755 1153; x_wconf 86' lang='lat' dir='ltr'>debilem</span> <span class='ocrx_word' id='word_1_132' title='bbox 787 1122 1017 1168; x_wconf 83' lang='lat' dir='ltr'>praeturam</span> <span class='ocrx_word' id='word_1_133' title='bbox 1048 1128 1168 1154; x_wconf 87' lang='lat' dir='ltr'>suam</span> <span class='ocrx_word' id='word_1_134' title='bbox 1190 1114 1392 1164; x_wconf 88' lang='lat' dir='ltr'>futuram,</span> <span class='ocrx_word' id='word_1_135' title='bbox 1414 1113 1587 1154; x_wconf 88' lang='lat' dir='ltr'>consule</span> <span class='ocrx_word' id='word_1_136' title='bbox 1618 1109 1710 1152; x_wconf 83' lang='lat' dir='ltr'>Mi-</span> 
     </span>
    </p>

    <p class='ocr_par' dir='ltr' id='par_1_4' title="bbox 281 1169 1711 1226">
     <span class='ocr_line' id='line_1_19' title="bbox 281 1169 1711 1226; baseline -0.003 -15"><span class='ocrx_word' id='word_1_137' title='bbox 281 1169 403 1211; x_wconf 84' lang='lat' dir='ltr'>lone:</span> <span class='ocrx_word' id='word_1_138' title='bbox 436 1184 533 1210; x_wconf 87' lang='lat' dir='ltr'>eum</span> <span class='ocrx_word' id='word_1_139' title='bbox 567 1184 693 1225; x_wconf 88' lang='lat' dir='ltr'>porro</span> <span class='ocrx_word' id='word_1_140' title='bbox 725 1185 892 1210; x_wconf 88' lang='lat' dir='ltr'>summo</span> <span class='ocrx_word' id='word_1_141' title='bbox 914 1185 1122 1211; x_wconf 86' lang='lat' dir='ltr'>consensu</span> <span class='ocrx_word' id='word_1_142' title='bbox 1157 1171 1302 1226; x_wconf 87' lang='lat' dir='ltr'>populi</span> <span class='ocrx_word' id='word_1_143' title='bbox 1339 1171 1524 1211; x_wconf 86' lang='lat' dir='ltr'>Romani</span> <span class='ocrx_word' id='word_1_144' title='bbox 1555 1181 1711 1209; x_wconf 90' lang='lat' dir='ltr'>consu—</span> 
     </span>
    </p>

    <p class='ocr_par' dir='ltr' id='par_1_5' title="bbox 225 1223 1771 2310">
     <span class='ocr_line' id='line_1_20' title="bbox 281 1223 1710 1282; baseline -0.001 -16"><span class='ocrx_word' id='word_1_145' title='bbox 281 1225 366 1267; x_wconf 88' lang='lat' dir='ltr'>lem</span> <span class='ocrx_word' id='word_1_146' title='bbox 397 1226 487 1267; x_wconf 87' lang='lat' dir='ltr'>fieri</span> <span class='ocrx_word' id='word_1_147' title='bbox 519 1227 706 1268; x_wconf 87' lang='lat' dir='ltr'>videbat.</span> <span class='ocrx_word' id='word_1_148' title='bbox 767 1226 965 1268; x_wconf 89' lang='lat' dir='ltr'>Contulit</span> <span class='ocrx_word' id='word_1_149' title='bbox 997 1241 1041 1268; x_wconf 89' lang='lat' dir='ltr'>se</span> <span class='ocrx_word' id='word_1_150' title='bbox 1072 1227 1125 1269; x_wconf 88' lang='lat' dir='ltr'>ad</span> <span class='ocrx_word' id='word_1_151' title='bbox 1157 1228 1249 1282; x_wconf 86' lang='lat' dir='ltr'>ejus</span> <span class='ocrx_word' id='word_1_152' title='bbox 1285 1228 1601 1282; x_wconf 84' lang='lat' dir='ltr'>competitores,</span> <span class='ocrx_word' id='word_1_153' title='bbox 1637 1223 1710 1264; x_wconf 85' lang='lat' dir='ltr'>sed</span> 
     </span>
     <span class='ocr_line' id='line_1_21' title="bbox 284 1283 1711 1340; baseline -0.001 -17"><span class='ocrx_word' id='word_1_154' title='bbox 284 1283 358 1333; x_wconf 90' lang='lat' dir='ltr'>ita,</span> <span class='ocrx_word' id='word_1_155' title='bbox 383 1290 515 1324; x_wconf 87' lang='lat' dir='ltr'>totam</span> <span class='ocrx_word' id='word_1_156' title='bbox 541 1292 588 1324; x_wconf 89' lang='lat' dir='ltr'>ut</span> <span class='ocrx_word' id='word_1_157' title='bbox 618 1284 871 1339; x_wconf 85' lang='lat' dir='ltr'>petitionem</span> <span class='ocrx_word' id='word_1_158' title='bbox 905 1285 997 1340; x_wconf 90' lang='lat' dir='ltr'>ipse</span> <span class='ocrx_word' id='word_1_159' title='bbox 1029 1284 1156 1336; x_wconf 88' lang='lat' dir='ltr'>solus,</span> <span class='ocrx_word' id='word_1_160' title='bbox 1177 1286 1307 1325; x_wconf 87' lang='lat' dir='ltr'>etiam</span> <span class='ocrx_word' id='word_1_161' title='bbox 1339 1284 1484 1326; x_wconf 88' lang='lat' dir='ltr'>invitis</span> <span class='ocrx_word' id='word_1_162' title='bbox 1513 1283 1609 1333; x_wconf 87' lang='lat' dir='ltr'>illis,</span> <span class='ocrx_word' id='word_1_163' title='bbox 1632 1295 1711 1337; x_wconf 84' lang='lat' dir='ltr'>gu·</span> 
     </span>
     <span class='ocr_line' id='line_1_22' title="bbox 281 1338 1712 1392; baseline -0.003 -11"><span class='ocrx_word' id='word_1_164' title='bbox 281 1340 503 1382; x_wconf 89' lang='lat' dir='ltr'>bernaret:</span> <span class='ocrx_word' id='word_1_165' title='bbox 538 1350 629 1380; x_wconf 84' lang='lat' dir='ltr'>tota</span> <span class='ocrx_word' id='word_1_166' title='bbox 649 1350 698 1382; x_wconf 90' lang='lat' dir='ltr'>ut</span> <span class='ocrx_word' id='word_1_167' title='bbox 719 1342 896 1382; x_wconf 89' lang='lat' dir='ltr'>comitia</span> <span class='ocrx_word' id='word_1_168' title='bbox 916 1342 1017 1392; x_wconf 85' lang='lat' dir='ltr'>suis,</span> <span class='ocrx_word' id='word_1_169' title='bbox 1040 1351 1087 1382; x_wconf 92' lang='lat' dir='ltr'>ut</span> <span class='ocrx_word' id='word_1_170' title='bbox 1108 1342 1349 1392; x_wconf 86' lang='lat' dir='ltr'>dictitabat,</span> <span class='ocrx_word' id='word_1_171' title='bbox 1372 1340 1558 1382; x_wconf 87' lang='lat' dir='ltr'>humeris</span> <span class='ocrx_word' id='word_1_172' title='bbox 1585 1338 1712 1379; x_wconf 88' lang='lat' dir='ltr'>susti-</span> 
     </span>
     <span class='ocr_line' id='line_1_23' title="bbox 282 1396 1714 1455; baseline -0.001 -18"><span class='ocrx_word' id='word_1_173' title='bbox 282 1407 418 1438; x_wconf 86' lang='lat' dir='ltr'>neret.</span> <span class='ocrx_word' id='word_1_174' title='bbox 442 1399 481 1428; x_wconf 86' lang='lat'>33</span> <span class='ocrx_word' id='word_1_175' title='bbox 498 1396 781 1439; x_wconf 87' lang='lat' dir='ltr'>Convocabat</span> <span class='ocrx_word' id='word_1_176' title='bbox 801 1399 960 1440; x_wconf 90' lang='lat' dir='ltr'>tribus:</span> <span class='ocrx_word' id='word_1_177' title='bbox 985 1413 1029 1439; x_wconf 89' lang='lat' dir='ltr'>se</span> <span class='ocrx_word' id='word_1_178' title='bbox 1051 1399 1376 1455; x_wconf 84' lang='lat' dir='ltr'>interponebat:</span> <span class='ocrx_word' id='word_1_179' title='bbox 1401 1396 1614 1438; x_wconf 90' lang='lat' dir='ltr'>Collinam</span> <span class='ocrx_word' id='word_1_180' title='bbox 1636 1409 1714 1436; x_wconf 89' lang='lat' dir='ltr'>no-</span> 
     </span>
     <span class='ocr_line' id='line_1_24' title="bbox 282 1453 1771 1510; baseline -0.001 -16"><span class='ocrx_word' id='word_1_181' title='bbox 282 1468 396 1505; x_wconf 88' lang='lat' dir='ltr'>vam,</span> <span class='ocrx_word' id='word_1_182' title='bbox 415 1453 582 1495; x_wconf 87' lang='lat' dir='ltr'>delectu</span> <span class='ocrx_word' id='word_1_183' title='bbox 605 1455 991 1510; x_wconf 86' lang='lat' dir='ltr'>perditissimorum</span> <span class='ocrx_word' id='word_1_184' title='bbox 1009 1455 1168 1497; x_wconf 89' lang='lat' dir='ltr'>civium</span> <span class='ocrx_word' id='word_1_185' title='bbox 1190 1455 1504 1497; x_wconf 85' lang='lat' dir='ltr'>conscribebat.</span> <span class='ocrx_word' id='word_1_186' title='bbox 1537 1454 1713 1500; x_wconf 82' lang='lat' dir='ltr'>Quanto</span> <span class='ocrx_word' id='word_1_187' title='bbox 1768 1464 1771 1467; x_wconf 89' lang='lat'>·</span> 
     </span>
     <span class='ocr_line' id='line_1_25' title="bbox 284 1509 1713 1569; baseline -0.001 -19"><span class='ocrx_word' id='word_1_188' title='bbox 284 1509 352 1551; x_wconf 90' lang='lat' dir='ltr'>ille</span> <span class='ocrx_word' id='word_1_189' title='bbox 387 1510 509 1567; x_wconf 88' lang='lat' dir='ltr'>plura</span> <span class='ocrx_word' id='word_1_190' title='bbox 530 1511 753 1562; x_wconf 86' lang='lat' dir='ltr'>miscebat,</span> <span class='ocrx_word' id='word_1_191' title='bbox 775 1522 896 1554; x_wconf 88' lang='lat' dir='ltr'>tanto</span> <span class='ocrx_word' id='word_1_192' title='bbox 919 1512 988 1554; x_wconf 86' lang='lat' dir='ltr'>hic</span> <span class='ocrx_word' id='word_1_193' title='bbox 1019 1513 1156 1569; x_wconf 82' lang='lat' dir='ltr'>magis</span> <span class='ocrx_word' id='word_1_194' title='bbox 1187 1513 1231 1554; x_wconf 87' lang='lat' dir='ltr'>in</span> <span class='ocrx_word' id='word_1_195' title='bbox 1262 1513 1350 1555; x_wconf 84' lang='lat' dir='ltr'>dies</span> <span class='ocrx_word' id='word_1_196' title='bbox 1373 1510 1713 1553; x_wconf 84' lang='lat' dir='ltr'>convalescebat.</span> 
     </span>
     <span class='ocr_line' id='line_1_26' title="bbox 287 1566 1713 1626; baseline -0.001 -19"><span class='ocrx_word' id='word_1_197' title='bbox 287 1566 371 1608; x_wconf 89' lang='lat' dir='ltr'>Ubi</span> <span class='ocrx_word' id='word_1_198' title='bbox 414 1568 523 1608; x_wconf 81' lang='lat' dir='ltr'>vidit</span> <span class='ocrx_word' id='word_1_199' title='bbox 560 1567 690 1609; x_wconf 83' lang='lat' dir='ltr'>homo</span> <span class='ocrx_word' id='word_1_200' title='bbox 726 1569 778 1610; x_wconf 82' lang='lat' dir='ltr'>ad</span> <span class='ocrx_word' id='word_1_201' title='bbox 819 1584 946 1610; x_wconf 89' lang='lat' dir='ltr'>omne</span> <span class='ocrx_word' id='word_1_202' title='bbox 980 1569 1145 1611; x_wconf 83' lang='lat' dir='ltr'>facinus</span> <span class='ocrx_word' id='word_1_203' title='bbox 1184 1570 1491 1626; x_wconf 85' lang='lat' dir='ltr'>paratissimus,</span> <span class='ocrx_word' id='word_1_204' title='bbox 1532 1567 1713 1608; x_wconf 87' lang='lat' dir='ltr'>fortissi-</span> 
     </span>
     <span class='ocr_line' id='line_1_27' title="bbox 282 1624 1715 1678; baseline -0.001 -14"><span class='ocrx_word' id='word_1_205' title='bbox 282 1638 402 1665; x_wconf 88' lang='lat' dir='ltr'>mum</span> <span class='ocrx_word' id='word_1_206' title='bbox 435 1625 589 1676; x_wconf 81' lang='lat' dir='ltr'>virum,</span> <span class='ocrx_word' id='word_1_207' title='bbox 621 1625 966 1668; x_wconf 88' lang='lat' dir='ltr'>inimicissimum</span> <span class='ocrx_word' id='word_1_208' title='bbox 999 1642 1138 1678; x_wconf 89' lang='lat' dir='ltr'>suum,</span> <span class='ocrx_word' id='word_1_209' title='bbox 1166 1627 1450 1668; x_wconf 87' lang='lat' dir='ltr'>certissimum</span> <span class='ocrx_word' id='word_1_210' title='bbox 1481 1624 1715 1673; x_wconf 89' lang='lat' dir='ltr'>consulem,</span> 
     </span>
     <span class='ocr_line' id='line_1_28' title="bbox 286 1680 1716 1736; baseline -0.001 -15"><span class='ocrx_word' id='word_1_211' title='bbox 286 1681 415 1736; x_wconf 88' lang='lat' dir='ltr'>idque</span> <span class='ocrx_word' id='word_1_212' title='bbox 446 1681 658 1723; x_wconf 78' lang='lat' dir='ltr'>intellexit</span> <span class='ocrx_word' id='word_1_213' title='bbox 680 1696 765 1723; x_wconf 91' lang='lat' dir='ltr'>non</span> <span class='ocrx_word' id='word_1_214' title='bbox 798 1683 936 1726; x_wconf 89' lang='lat' dir='ltr'>solum</span> <span class='ocrx_word' id='word_1_215' title='bbox 967 1685 1247 1735; x_wconf 81' lang='lat' dir='ltr'>sermonibus,</span> <span class='ocrx_word' id='word_1_216' title='bbox 1267 1685 1339 1725; x_wconf 88' lang='lat' dir='ltr'>sed</span> <span class='ocrx_word' id='word_1_217' title='bbox 1361 1683 1491 1724; x_wconf 86' lang='lat' dir='ltr'>etiam</span> <span class='ocrx_word' id='word_1_218' title='bbox 1511 1685 1553 1713; x_wconf 72' lang='grc'>34</span> <span class='ocrx_word' id='word_1_219' title='bbox 1565 1680 1716 1722; x_wconf 89' lang='lat' dir='ltr'>suffra-</span> 
     </span>
     <span class='ocr_line' id='line_1_29' title="bbox 288 1738 1716 1797; baseline -0.001 -19"><span class='ocrx_word' id='word_1_220' title='bbox 288 1738 370 1793; x_wconf 88' lang='lat' dir='ltr'>giis</span> <span class='ocrx_word' id='word_1_221' title='bbox 403 1738 548 1794; x_wconf 85' lang='lat' dir='ltr'>populi</span> <span class='ocrx_word' id='word_1_222' title='bbox 594 1738 781 1780; x_wconf 86' lang='lat' dir='ltr'>Romani</span> <span class='ocrx_word' id='word_1_223' title='bbox 817 1755 930 1797; x_wconf 85' lang='lat' dir='ltr'>saepe</span> <span class='ocrx_word' id='word_1_224' title='bbox 967 1756 1058 1782; x_wconf 89' lang='lat' dir='ltr'>esse</span> <span class='ocrx_word' id='word_1_225' title='bbox 1094 1741 1378 1782; x_wconf 84' lang='lat' dir='ltr'>declaratum:</span> <span class='ocrx_word' id='word_1_226' title='bbox 1413 1739 1550 1795; x_wconf 86' lang='lat' dir='ltr'>palam</span> <span class='ocrx_word' id='word_1_227' title='bbox 1590 1752 1716 1794; x_wconf 85' lang='lat' dir='ltr'>agere</span> 
     </span>
     <span class='ocr_line' id='line_1_30' title="bbox 225 1795 1716 1851; baseline -0.004 -12"><span class='ocrx_word' id='word_1_228' title='bbox 225 1804 275 1839; x_wconf 70' lang='lat'>26</span> <span class='ocrx_word' id='word_1_229' title='bbox 288 1797 441 1851; x_wconf 86' lang='lat' dir='ltr'>coepit,</span> <span class='ocrx_word' id='word_1_230' title='bbox 483 1803 526 1836; x_wconf 86' lang='lat' dir='ltr'>et</span> <span class='ocrx_word' id='word_1_231' title='bbox 568 1805 713 1850; x_wconf 88' lang='lat' dir='ltr'>aperte</span> <span class='ocrx_word' id='word_1_232' title='bbox 753 1797 907 1849; x_wconf 88' lang='lat' dir='ltr'>dicere,</span> <span class='ocrx_word' id='word_1_233' title='bbox 949 1798 1232 1840; x_wconf 90' lang='lat' dir='ltr'>occidendum</span> <span class='ocrx_word' id='word_1_234' title='bbox 1274 1798 1502 1839; x_wconf 89' lang='lat' dir='ltr'>Milonem.</span> <span class='ocrx_word' id='word_1_235' title='bbox 1563 1795 1716 1836; x_wconf 82' lang='lat' dir='ltr'>Servos</span> 
     </span>
     <span class='ocr_line' id='line_1_31' title="bbox 289 1852 1716 1911; baseline 0 -19"><span class='ocrx_word' id='word_1_236' title='bbox 289 1862 476 1908; x_wconf 83' lang='lat' dir='ltr'>agrestes</span> <span class='ocrx_word' id='word_1_237' title='bbox 509 1861 552 1893; x_wconf 90' lang='lat' dir='ltr'>et</span> <span class='ocrx_word' id='word_1_238' title='bbox 594 1853 810 1905; x_wconf 87' lang='lat' dir='ltr'>barbaros,</span> <span class='ocrx_word' id='word_1_239' title='bbox 847 1855 1003 1910; x_wconf 88' lang='lat' dir='ltr'>quibus</span> <span class='ocrx_word' id='word_1_240' title='bbox 1042 1855 1167 1897; x_wconf 85' lang='lat' dir='ltr'>silvas</span> <span class='ocrx_word' id='word_1_241' title='bbox 1201 1856 1393 1911; x_wconf 89' lang='lat' dir='ltr'>publicas</span> <span class='ocrx_word' id='word_1_242' title='bbox 1431 1852 1716 1908; x_wconf 81' lang='lat' dir='ltr'>depopulatus</span> 
     </span>
     <span class='ocr_line' id='line_1_32' title="bbox 288 1908 1717 1968; baseline 0 -19"><span class='ocrx_word' id='word_1_243' title='bbox 288 1918 393 1959; x_wconf 86' lang='lat' dir='ltr'>erat,</span> <span class='ocrx_word' id='word_1_244' title='bbox 428 1908 728 1964; x_wconf 84' lang='lat' dir='ltr'>Etruriamque</span> <span class='ocrx_word' id='word_1_245' title='bbox 761 1923 950 1963; x_wconf 81' lang='lat' dir='ltr'>vexarat,</span> <span class='ocrx_word' id='word_1_246' title='bbox 984 1927 1037 1953; x_wconf 85' lang='lat' dir='ltr'>ex</span> <span class='ocrx_word' id='word_1_247' title='bbox 1068 1912 1299 1968; x_wconf 89' lang='lat' dir='ltr'>Apennino</span> <span class='ocrx_word' id='word_1_248' title='bbox 1329 1911 1579 1960; x_wconf 83' lang='lat' dir='ltr'>deduxerat,</span> <span class='ocrx_word' id='word_1_249' title='bbox 1610 1924 1717 1965; x_wconf 80' lang='lat' dir='ltr'>quos</span> 
     </span>
     <span class='ocr_line' id='line_1_33' title="bbox 251 1966 1719 2024; baseline 0 -17"><span class='ocrx_word' id='word_1_250' title='bbox 251 1972 254 1974; x_wconf 74' lang='grc'>’</span> <span class='ocrx_word' id='word_1_251' title='bbox 291 1966 518 2007; x_wconf 81' lang='lat' dir='ltr'>videbatis,</span> <span class='ocrx_word' id='word_1_252' title='bbox 553 1981 616 2007; x_wconf 87' lang='lat' dir='ltr'>res</span> <span class='ocrx_word' id='word_1_253' title='bbox 649 1976 740 2007; x_wconf 86' lang='lat' dir='ltr'>erat</span> <span class='ocrx_word' id='word_1_254' title='bbox 769 1968 945 2010; x_wconf 87' lang='lat' dir='ltr'>minime</span> <span class='ocrx_word' id='word_1_255' title='bbox 966 1970 1162 2011; x_wconf 86' lang='lat' dir='ltr'>obscura.</span> <span class='ocrx_word' id='word_1_256' title='bbox 1192 1970 1350 2011; x_wconf 84' lang='lat' dir='ltr'>etenim</span> <span class='ocrx_word' id='word_1_257' title='bbox 1385 1968 1525 2024; x_wconf 85' lang='lat' dir='ltr'>palam</span> <span class='ocrx_word' id='word_1_258' title='bbox 1546 1966 1719 2008; x_wconf 86' lang='lat' dir='ltr'>dictita-</span> 
     </span>
     <span class='ocr_line' id='line_1_34' title="bbox 249 2022 1720 2083; baseline 0.001 -21"><span class='ocrx_word' id='word_1_259' title='bbox 249 2022 384 2073; x_wconf 84' lang='lat' dir='ltr'>b·bat,</span> <span class='ocrx_word' id='word_1_260' title='bbox 405 2023 675 2064; x_wconf 82' lang='lat' dir='ltr'>consulatum</span> <span class='ocrx_word' id='word_1_261' title='bbox 709 2023 866 2066; x_wconf 90' lang='lat' dir='ltr'>Miloni</span> <span class='ocrx_word' id='word_1_262' title='bbox 897 2027 1003 2082; x_wconf 89' lang='lat' dir='ltr'>eripi</span> <span class='ocrx_word' id='word_1_263' title='bbox 1032 2042 1118 2067; x_wconf 92' lang='lat' dir='ltr'>non</span> <span class='ocrx_word' id='word_1_264' title='bbox 1150 2041 1297 2083; x_wconf 88' lang='lat' dir='ltr'>posse:</span> <span class='ocrx_word' id='word_1_265' title='bbox 1331 2026 1464 2067; x_wconf 87' lang='lat' dir='ltr'>vitam</span> <span class='ocrx_word' id='word_1_266' title='bbox 1495 2038 1634 2080; x_wconf 89' lang='lat' dir='ltr'>posse.</span> <span class='ocrx_word' id='word_1_267' title='bbox 1665 2023 1720 2063; x_wconf 89' lang='lat' dir='ltr'>si·</span> 
     </span>
     <span class='ocr_line' id='line_1_35' title="bbox 293 2080 1719 2137; baseline 0 -17"><span class='ocrx_word' id='word_1_268' title='bbox 293 2080 517 2134; x_wconf 84' lang='lat' dir='ltr'>gnificavit</span> <span class='ocrx_word' id='word_1_269' title='bbox 540 2080 623 2122; x_wconf 91' lang='lat' dir='ltr'>hoc</span> <span class='ocrx_word' id='word_1_270' title='bbox 645 2095 759 2136; x_wconf 83' lang='lat' dir='ltr'>saepe</span> <span class='ocrx_word' id='word_1_271' title='bbox 782 2082 824 2123; x_wconf 89' lang='lat' dir='ltr'>in</span> <span class='ocrx_word' id='word_1_272' title='bbox 847 2094 1018 2125; x_wconf 87' lang='lat' dir='ltr'>senatu:</span> <span class='ocrx_word' id='word_1_273' title='bbox 1042 2084 1155 2125; x_wconf 85' lang='lat' dir='ltr'>dixit</span> <span class='ocrx_word' id='word_1_274' title='bbox 1175 2085 1218 2124; x_wconf 91' lang='lat' dir='ltr'>in</span> <span class='ocrx_word' id='word_1_275' title='bbox 1239 2083 1460 2125; x_wconf 88' lang='lat' dir='ltr'>concione.</span> <span class='ocrx_word' id='word_1_276' title='bbox 1481 2080 1719 2137; x_wconf 88' lang='lat' dir='ltr'>quinetiam</span> 
     </span>
     <span class='ocr_line' id='line_1_36' title="bbox 292 2136 1720 2196; baseline 0.001 -20"><span class='ocrx_word' id='word_1_277' title='bbox 292 2136 501 2187; x_wconf 85' lang='lat' dir='ltr'>Favonio,</span> <span class='ocrx_word' id='word_1_278' title='bbox 527 2136 761 2178; x_wconf 85' lang='lat' dir='ltr'>fortissimo</span> <span class='ocrx_word' id='word_1_279' title='bbox 785 2140 891 2190; x_wconf 80' lang='lat' dir='ltr'>viro,</span> <span class='ocrx_word' id='word_1_280' title='bbox 913 2141 1122 2196; x_wconf 87' lang='lat' dir='ltr'>quaerenti</span> <span class='ocrx_word' id='word_1_281' title='bbox 1152 2155 1207 2182; x_wconf 82' lang='lat' dir='ltr'>ex</span> <span class='ocrx_word' id='word_1_282' title='bbox 1238 2156 1303 2192; x_wconf 92' lang='lat' dir='ltr'>eo,</span> <span class='ocrx_word' id='word_1_283' title='bbox 1326 2155 1410 2196; x_wconf 88' lang='lat' dir='ltr'>qua</span> <span class='ocrx_word' id='word_1_284' title='bbox 1439 2154 1513 2195; x_wconf 89' lang='lat' dir='ltr'>spe</span> <span class='ocrx_word' id='word_1_285' title='bbox 1546 2138 1720 2187; x_wconf 88' lang='lat' dir='ltr'>fureret,</span> 
     </span>
     <span class='ocr_line' id='line_1_37' title="bbox 293 2191 1722 2251; baseline 0.001 -19"><span class='ocrx_word' id='word_1_286' title='bbox 293 2191 462 2234; x_wconf 85' lang='lat' dir='ltr'>Milone</span> <span class='ocrx_word' id='word_1_287' title='bbox 494 2194 606 2245; x_wconf 81' lang='lat' dir='ltr'>vivo,</span> <span class='ocrx_word' id='word_1_288' title='bbox 637 2197 870 2251; x_wconf 82' lang='lat' dir='ltr'>respondit,</span> <span class='ocrx_word' id='word_1_289' title='bbox 895 2198 1036 2238; x_wconf 87' lang='lat' dir='ltr'>triduo</span> <span class='ocrx_word' id='word_1_290' title='bbox 1066 2197 1199 2249; x_wconf 88' lang='lat' dir='ltr'>illum,</span> <span class='ocrx_word' id='word_1_291' title='bbox 1231 2198 1282 2239; x_wconf 87' lang='lat' dir='ltr'>ad</span> <span class='ocrx_word' id='word_1_292' title='bbox 1316 2210 1527 2238; x_wconf 89' lang='lat' dir='ltr'>summum</span> <span class='ocrx_word' id='word_1_293' title='bbox 1560 2193 1722 2249; x_wconf 87' lang='lat' dir='ltr'>quatri-</span> 
     </span>
     <span class='ocr_line' id='line_1_38' title="bbox 293 2249 1721 2310; baseline 0 -19"><span class='ocrx_word' id='word_1_294' title='bbox 293 2249 393 2300; x_wconf 82' lang='lat' dir='ltr'>duo,</span> <span class='ocrx_word' id='word_1_295' title='bbox 425 2250 675 2305; x_wconf 88' lang='lat' dir='ltr'>periturum.</span> <span class='ocrx_word' id='word_1_296' title='bbox 707 2266 836 2307; x_wconf 86' lang='lat' dir='ltr'>quam</span> <span class='ocrx_word' id='word_1_297' title='bbox 870 2269 1016 2295; x_wconf 89' lang='lat' dir='ltr'>vocem</span> <span class='ocrx_word' id='word_1_298' title='bbox 1051 2255 1144 2310; x_wconf 88' lang='lat' dir='ltr'>ejus</span> <span class='ocrx_word' id='word_1_299' title='bbox 1179 2256 1232 2296; x_wconf 87' lang='lat' dir='ltr'>ad</span> <span class='ocrx_word' id='word_1_300' title='bbox 1270 2255 1384 2296; x_wconf 92' lang='lat' dir='ltr'>hunc</span> <span class='ocrx_word' id='word_1_301' title='bbox 1417 2253 1484 2294; x_wconf 90' lang='lat' dir='ltr'>M.</span> <span class='ocrx_word' id='word_1_302' title='bbox 1509 2252 1721 2293; x_wconf 87' lang='lat' dir='ltr'>Catonem</span> 
     </span>
    </p>
   </div>
   <div class='ocr_carea' id='block_1_3' title="bbox 215 551 266 584">
    <p class='ocr_par' dir='ltr' id='par_1_6' title="bbox 215 551 266 584">
     <span class='ocr_line' id='line_1_39' title="bbox 215 551 266 584; baseline 0 0"><span class='ocrx_word' id='word_1_303' title='bbox 215 551 266 584; x_wconf 84' lang='lat'>24</span> 
     </span>
    </p>
   </div>
   <div class='ocr_carea' id='block_1_4' title="bbox 293 2373 1719 2460">
    <p class='ocr_par' dir='ltr' id='par_1_7' title="bbox 293 2373 1719 2460">
     <span class='ocr_line' id='line_1_40' title="bbox 335 2373 1717 2417; baseline 0.003 -15"><span class='ocrx_word' id='word_1_304' title='bbox 335 2375 371 2403; x_wconf 71' lang='lat'>31</span> <span class='ocrx_word' id='word_1_305' title='bbox 405 2378 435 2403; x_wconf 83' lang='lat' dir='ltr'>et</span> <span class='ocrx_word' id='word_1_306' title='bbox 462 2375 553 2403; x_wconf 72' lang='lat' dir='ltr'>electi</span> <span class='ocrx_word' id='word_1_307' title='bbox 569 2373 711 2415; x_wconf 79' lang='lat' dir='ltr'>judices,</span> <span class='ocrx_word' id='word_1_308' title='bbox 737 2380 767 2405; x_wconf 81' lang='lat' dir='ltr'>et</span> <span class='ocrx_word' id='word_1_309' title='bbox 795 2377 848 2407; x_wconf 78' lang='lat' dir='ltr'>isti</span> <span class='ocrx_word' id='word_1_310' title='bbox 871 2387 907 2416; x_wconf 84' lang='lat' dir='ltr'>p.</span> <span class='ocrx_word' id='word_1_311' title='bbox 936 2377 983 2417; x_wconf 86' lang='lat' dir='ltr'>q.]</span> <span class='ocrx_word' id='word_1_312' title='bbox 1070 2380 1110 2409; x_wconf 83' lang='lat'>33</span> <span class='ocrx_word' id='word_1_313' title='bbox 1138 2378 1268 2410; x_wconf 73' lang='lat' dir='ltr'>Convoc.</span> <span class='ocrx_word' id='word_1_314' title='bbox 1290 2378 1405 2415; x_wconf 74' lang='lat' dir='ltr'>tribus,</span> <span class='ocrx_word' id='word_1_315' title='bbox 1428 2387 1460 2408; x_wconf 81' lang='lat' dir='ltr'>se</span> <span class='ocrx_word' id='word_1_316' title='bbox 1480 2375 1717 2416; x_wconf 79' lang='lat' dir='ltr'>interponebat]</span> 
     </span>
     <span class='ocr_line' id='line_1_41' title="bbox 293 2415 1719 2460; baseline 0.004 -16"><span class='ocrx_word' id='word_1_317' title='bbox 293 2415 464 2445; x_wconf 78' lang='lat' dir='ltr'>Sententia</span> <span class='ocrx_word' id='word_1_318' title='bbox 487 2416 566 2446; x_wconf 78' lang='lat' dir='ltr'>milii</span> <span class='ocrx_word' id='word_1_319' title='bbox 589 2416 641 2446; x_wconf 83' lang='lat' dir='ltr'>hic</span> <span class='ocrx_word' id='word_1_320' title='bbox 655 2417 806 2448; x_wconf 84' lang='lat' dir='ltr'>absoluta</span> <span class='ocrx_word' id='word_1_321' title='bbox 821 2428 887 2448; x_wconf 87' lang='lat' dir='ltr'>non</span> <span class='ocrx_word' id='word_1_322' title='bbox 903 2419 988 2449; x_wconf 77' lang='lat' dir='ltr'>vide·</span> <span class='ocrx_word' id='word_1_323' title='bbox 1029 2420 1091 2450; x_wconf 77' lang='lat' dir='ltr'>int.</span> <span class='ocrx_word' id='word_1_324' title='bbox 1115 2421 1154 2450; x_wconf 87' lang='lat' dir='ltr'>ad</span> <span class='ocrx_word' id='word_1_325' title='bbox 1177 2420 1431 2460; x_wconf 83' lang='lat' dir='ltr'>promittendam</span> <span class='ocrx_word' id='word_1_326' title='bbox 1456 2420 1640 2460; x_wconf 81' lang='lat' dir='ltr'>pecuniam,</span> <span class='ocrx_word' id='word_1_327' title='bbox 1663 2428 1719 2449; x_wconf 91' lang='lat' dir='ltr'>cu-</span> 
     </span>
    </p>
   </div>
   <div class='ocr_carea' id='block_1_5' title="bbox 288 2456 992 2790">
    <p class='ocr_par' dir='ltr' id='par_1_8' title="bbox 288 2456 989 2698">
     <span class='ocr_line' id='line_1_42' title="bbox 292 2456 988 2499; baseline 0.009 -13"><span class='ocrx_word' id='word_1_328' title='bbox 292 2462 359 2486; x_wconf 84' lang='lat' dir='ltr'>tur.</span> <span class='ocrx_word' id='word_1_329' title='bbox 375 2459 465 2487; x_wconf 69' lang='lat' dir='ltr'>electi</span> <span class='ocrx_word' id='word_1_330' title='bbox 475 2456 605 2497; x_wconf 69' lang='lat' dir='ltr'>¹jndices</span> <span class='ocrx_word' id='word_1_331' title='bbox 627 2463 661 2488; x_wconf 89' lang='lat' dir='ltr'>et</span> <span class='ocrx_word' id='word_1_332' title='bbox 682 2460 786 2489; x_wconf 84' lang='lat' dir='ltr'>bonus</span> <span class='ocrx_word' id='word_1_333' title='bbox 799 2462 988 2499; x_wconf 64' lang='lat' dir='ltr'>quaestionis</span> 
     </span>
     <span class='ocr_line' id='line_1_43' title="bbox 288 2498 989 2540; baseline 0.009 -13"><span class='ocrx_word' id='word_1_334' title='bbox 288 2498 390 2538; x_wconf 83' lang='lat' dir='ltr'>judex</span> <span class='ocrx_word' id='word_1_335' title='bbox 416 2508 481 2529; x_wconf 84' lang='lat' dir='ltr'>non</span> <span class='ocrx_word' id='word_1_336' title='bbox 504 2499 626 2530; x_wconf 85' lang='lat' dir='ltr'>habent</span> <span class='ocrx_word' id='word_1_337' title='bbox 651 2501 862 2540; x_wconf 70' lang='lat' dir='ltr'>praedicatum</span> <span class='ocrx_word' id='word_1_338' title='bbox 884 2504 989 2534; x_wconf 82' lang='lat' dir='ltr'>simile</span> 
     </span>
     <span class='ocr_line' id='line_1_44' title="bbox 294 2541 989 2581; baseline 0.007 -11"><span class='ocrx_word' id='word_1_339' title='bbox 294 2541 345 2576; x_wconf 83' lang='lat' dir='ltr'>iis,</span> <span class='ocrx_word' id='word_1_340' title='bbox 361 2551 434 2580; x_wconf 81' lang='lat' dir='ltr'>quae</span> <span class='ocrx_word' id='word_1_341' title='bbox 448 2541 486 2571; x_wconf 89' lang='lat' dir='ltr'>de</span> <span class='ocrx_word' id='word_1_342' title='bbox 501 2548 616 2572; x_wconf 84' lang='lat' dir='ltr'>senatu</span> <span class='ocrx_word' id='word_1_343' title='bbox 631 2550 663 2573; x_wconf 89' lang='lat' dir='ltr'>et</span> <span class='ocrx_word' id='word_1_344' title='bbox 679 2542 863 2581; x_wconf 78' lang='lat' dir='ltr'>legislatore</span> <span class='ocrx_word' id='word_1_345' title='bbox 877 2545 989 2575; x_wconf 88' lang='lat' dir='ltr'>dicun-</span> 
     </span>
     <span class='ocr_line' id='line_1_45' title="bbox 294 2583 989 2622; baseline 0.007 -10"><span class='ocrx_word' id='word_1_346' title='bbox 294 2587 361 2614; x_wconf 86' lang='lat' dir='ltr'>tur.</span> <span class='ocrx_word' id='word_1_347' title='bbox 406 2583 520 2622; x_wconf 86' lang='lat' dir='ltr'>Itaque</span> <span class='ocrx_word' id='word_1_348' title='bbox 544 2583 596 2614; x_wconf 91' lang='lat' dir='ltr'>hic</span> <span class='ocrx_word' id='word_1_349' title='bbox 619 2584 737 2615; x_wconf 84' lang='lat' dir='ltr'>lacuna</span> <span class='ocrx_word' id='word_1_350' title='bbox 762 2595 828 2615; x_wconf 71' lang='lat' dir='ltr'>esse</span> <span class='ocrx_word' id='word_1_351' title='bbox 853 2587 989 2617; x_wconf 72' lang='lat' dir='ltr'>videtur.</span> 
     </span>
     <span class='ocr_line' id='line_1_46' title="bbox 298 2624 989 2668; baseline 0.007 -14"><span class='ocrx_word' id='word_1_352' title='bbox 298 2624 391 2665; x_wconf 77' lang='lat' dir='ltr'>Isque</span> <span class='ocrx_word' id='word_1_353' title='bbox 407 2635 463 2664; x_wconf 78' lang='lat' dir='ltr'>pr.</span> <span class='ocrx_word' id='word_1_354' title='bbox 477 2636 516 2655; x_wconf 77' lang='lat' dir='ltr'>ex</span> <span class='ocrx_word' id='word_1_355' title='bbox 535 2627 667 2665; x_wconf 84' lang='lat' dir='ltr'>optimis</span> <span class='ocrx_word' id='word_1_356' title='bbox 690 2627 772 2657; x_wconf 87' lang='lat' dir='ltr'>Mss.</span> <span class='ocrx_word' id='word_1_357' title='bbox 788 2629 892 2668; x_wconf 84' lang='lat' dir='ltr'>recepi</span> <span class='ocrx_word' id='word_1_358' title='bbox 914 2639 989 2659; x_wconf 86' lang='lat' dir='ltr'>cum</span> 
     </span>
     <span class='ocr_line' id='line_1_47' title="bbox 297 2665 614 2698; baseline 0.006 -2"><span class='ocrx_word' id='word_1_359' title='bbox 297 2665 411 2697; x_wconf 85' lang='lat' dir='ltr'>Lamb.</span> <span class='ocrx_word' id='word_1_360' title='bbox 427 2672 460 2697; x_wconf 85' lang='lat' dir='ltr'>et</span> <span class='ocrx_word' id='word_1_361' title='bbox 475 2667 614 2698; x_wconf 76' lang='lat' dir='ltr'>Graevio.</span> 
     </span>
    </p>

    <p class='ocr_par' dir='ltr' id='par_1_9' title="bbox 288 2711 992 2790">
     <span class='ocr_line' id='line_1_48' title="bbox 339 2711 992 2751; baseline 0.005 -12"><span class='ocrx_word' id='word_1_362' title='bbox 339 2711 379 2740; x_wconf 80' lang='lat'>32</span> <span class='ocrx_word' id='word_1_363' title='bbox 401 2719 476 2745; x_wconf 84' lang='lat' dir='ltr'>non,</span> <span class='ocrx_word' id='word_1_364' title='bbox 500 2714 536 2739; x_wconf 85' lang='lat' dir='ltr'>ut</span> <span class='ocrx_word' id='word_1_365' title='bbox 549 2711 611 2750; x_wconf 82' lang='lat' dir='ltr'>fit,</span> <span class='ocrx_word' id='word_1_366' title='bbox 635 2711 789 2749; x_wconf 78' lang='lat' dir='ltr'>religione</span> <span class='ocrx_word' id='word_1_367' title='bbox 803 2712 928 2751; x_wconf 80' lang='lat' dir='ltr'>aliqua]</span> <span class='ocrx_word' id='word_1_368' title='bbox 955 2717 992 2742; x_wconf 83' lang='lat' dir='ltr'>ut</span> 
     </span>
     <span class='ocr_line' id='line_1_49' title="bbox 288 2750 991 2790; baseline 0.007 -11"><span class='ocrx_word' id='word_1_369' title='bbox 288 2750 348 2790; x_wconf 72' lang='lat' dir='ltr'>fit,</span> <span class='ocrx_word' id='word_1_370' title='bbox 374 2750 521 2781; x_wconf 84' lang='lat' dir='ltr'>additum</span> <span class='ocrx_word' id='word_1_371' title='bbox 544 2761 593 2782; x_wconf 80' lang='lat' dir='ltr'>est</span> <span class='ocrx_word' id='word_1_372' title='bbox 618 2762 638 2782; x_wconf 89' lang='lat' dir='ltr'>a</span> <span class='ocrx_word' id='word_1_373' title='bbox 664 2753 779 2783; x_wconf 88' lang='lat' dir='ltr'>Lamb.</span> <span class='ocrx_word' id='word_1_374' title='bbox 807 2761 840 2783; x_wconf 80' lang='lat' dir='ltr'>et</span> <span class='ocrx_word' id='word_1_375' title='bbox 863 2755 991 2784; x_wconf 79' lang='lat' dir='ltr'>Graevio</span> 
     </span>
    </p>
   </div>
   <div class='ocr_carea' id='block_1_6' title="bbox 298 2792 992 2867">
    <p class='ocr_par' dir='ltr' id='par_1_10' title="bbox 298 2792 992 2867">
     <span class='ocr_line' id='line_1_50' title="bbox 298 2792 992 2837; baseline 0.009 -16"><span class='ocrx_word' id='word_1_376' title='bbox 298 2802 316 2821; x_wconf 82' lang='lat' dir='ltr'>e</span> <span class='ocrx_word' id='word_1_377' title='bbox 332 2792 409 2823; x_wconf 86' lang='lat' dir='ltr'>Mss.</span> <span class='ocrx_word' id='word_1_378' title='bbox 427 2792 549 2826; x_wconf 86' lang='lat' dir='ltr'>Fabric.</span> <span class='ocrx_word' id='word_1_379' title='bbox 564 2798 600 2825; x_wconf 79' lang='lat' dir='ltr'>et</span> <span class='ocrx_word' id='word_1_380' title='bbox 614 2794 682 2826; x_wconf 84' lang='lat' dir='ltr'>Erf.</span> <span class='ocrx_word' id='word_1_381' title='bbox 728 2795 807 2827; x_wconf 77' lang='lat' dir='ltr'>Mox</span> <span class='ocrx_word' id='word_1_382' title='bbox 828 2802 862 2827; x_wconf 83' lang='lat' dir='ltr'>et</span> <span class='ocrx_word' id='word_1_383' title='bbox 877 2798 903 2827; x_wconf 75' lang='lat' dir='ltr'>ei</span> <span class='ocrx_word' id='word_1_384' title='bbox 918 2802 992 2837; x_wconf 78' lang='lat' dir='ltr'>post</span> 
     </span>
     <span class='ocr_line' id='line_1_51' title="bbox 299 2835 496 2867; baseline 0.015 -5"><span class='ocrx_word' id='word_1_385' title='bbox 299 2835 496 2867; x_wconf 63' lang='lat' dir='ltr'>occurrebat.</span> 
     </span>
    </p>
   </div>
   <div class='ocr_carea' id='block_1_7' title="bbox 1024 2462 1723 2797">
    <p class='ocr_par' dir='ltr' id='par_1_11' title="bbox 1024 2462 1721 2659">
     <span class='ocr_line' id='line_1_52' title="bbox 1024 2462 1719 2502; baseline 0 -11"><span class='ocrx_word' id='word_1_386' title='bbox 1024 2462 1079 2501; x_wconf 86' lang='lat' dir='ltr'>jus</span> <span class='ocrx_word' id='word_1_387' title='bbox 1100 2471 1133 2492; x_wconf 88' lang='lat' dir='ltr'>se</span> <span class='ocrx_word' id='word_1_388' title='bbox 1156 2470 1352 2501; x_wconf 74' lang='lat' dir='ltr'>sequestrem</span> <span class='ocrx_word' id='word_1_389' title='bbox 1376 2462 1601 2502; x_wconf 80' lang='lat' dir='ltr'>profitebatur.</span> <span class='ocrx_word' id='word_1_390' title='bbox 1617 2462 1719 2491; x_wconf 74' lang='lat' dir='ltr'>tribus</span> 
     </span>
     <span class='ocr_line' id='line_1_53' title="bbox 1031 2503 1721 2541; baseline 0 -8"><span class='ocrx_word' id='word_1_391' title='bbox 1031 2504 1192 2541; x_wconf 85' lang='lat' dir='ltr'>quomodo</span> <span class='ocrx_word' id='word_1_392' title='bbox 1216 2505 1279 2541; x_wconf 77' lang='lat' dir='ltr'>hic,</span> <span class='ocrx_word' id='word_1_393' title='bbox 1303 2505 1341 2534; x_wconf 86' lang='lat' dir='ltr'>dc</span> <span class='ocrx_word' id='word_1_394' title='bbox 1364 2505 1505 2534; x_wconf 83' lang='lat' dir='ltr'>comitiis</span> <span class='ocrx_word' id='word_1_395' title='bbox 1529 2503 1721 2534; x_wconf 81' lang='lat' dir='ltr'>centuriatis</span> 
     </span>
     <span class='ocr_line' id='line_1_54' title="bbox 1031 2546 1721 2586; baseline 0.003 -13"><span class='ocrx_word' id='word_1_396' title='bbox 1031 2555 1104 2574; x_wconf 78' lang='lat' dir='ltr'>cnm</span> <span class='ocrx_word' id='word_1_397' title='bbox 1125 2555 1230 2576; x_wconf 84' lang='lat' dir='ltr'>sermo</span> <span class='ocrx_word' id='word_1_398' title='bbox 1245 2547 1300 2583; x_wconf 74' lang='lat' dir='ltr'>sit,</span> <span class='ocrx_word' id='word_1_399' title='bbox 1323 2547 1417 2577; x_wconf 86' lang='lat' dir='ltr'>hodie</span> <span class='ocrx_word' id='word_1_400' title='bbox 1440 2546 1573 2586; x_wconf 86' lang='lat' dir='ltr'>planum</span> <span class='ocrx_word' id='word_1_401' title='bbox 1597 2546 1721 2576; x_wconf 87' lang='lat' dir='ltr'>factum</span> 
     </span>
     <span class='ocr_line' id='line_1_55' title="bbox 1032 2588 1721 2626; baseline 0.001 -10"><span class='ocrx_word' id='word_1_402' title='bbox 1032 2597 1089 2626; x_wconf 85' lang='lat' dir='ltr'>per</span> <span class='ocrx_word' id='word_1_403' title='bbox 1109 2588 1141 2618; x_wconf 75' lang='lat' dir='ltr'>J.</span> <span class='ocrx_word' id='word_1_404' title='bbox 1160 2588 1210 2618; x_wconf 88' lang='lat' dir='ltr'>Fr.</span> <span class='ocrx_word' id='word_1_405' title='bbox 1227 2590 1438 2619; x_wconf 81' lang='lat' dir='ltr'>Gronovium.</span> <span class='ocrx_word' id='word_1_406' title='bbox 1455 2599 1484 2619; x_wconf 84' lang='lat' dir='ltr'>v.</span> <span class='ocrx_word' id='word_1_407' title='bbox 1500 2588 1590 2620; x_wconf 85' lang='lat' dir='ltr'>Clav.</span> <span class='ocrx_word' id='word_1_408' title='bbox 1612 2589 1645 2618; x_wconf 86' lang='lat' dir='ltr'>iu</span> <span class='ocrx_word' id='word_1_409' title='bbox 1662 2588 1721 2618; x_wconf 75' lang='lat' dir='ltr'>tri-</span> 
     </span>
     <span class='ocr_line' id='line_1_56' title="bbox 1034 2629 1100 2659; baseline 0 0"><span class='ocrx_word' id='word_1_410' title='bbox 1034 2629 1100 2659; x_wconf 78' lang='lat' dir='ltr'>bus.</span> 
     </span>
    </p>

    <p class='ocr_par' dir='ltr' id='par_1_12' title="bbox 1033 2669 1723 2797">
     <span class='ocr_line' id='line_1_57' title="bbox 1075 2669 1720 2711; baseline 0.002 -10"><span class='ocrx_word' id='word_1_411' title='bbox 1075 2674 1115 2701; x_wconf 76' lang='lat'>34</span> <span class='ocrx_word' id='word_1_412' title='bbox 1136 2669 1310 2711; x_wconf 52' lang='lat' dir='ltr'>suffragiis</span> <span class='ocrx_word' id='word_1_413' title='bbox 1330 2681 1410 2711; x_wconf 82' lang='lat' dir='ltr'>soepe</span> <span class='ocrx_word' id='word_1_414' title='bbox 1423 2682 1488 2702; x_wconf 83' lang='lat' dir='ltr'>esse</span> <span class='ocrx_word' id='word_1_415' title='bbox 1501 2671 1720 2711; x_wconf 77' lang='lat' dir='ltr'>declaratum]</span> 
     </span>
     <span class='ocr_line' id='line_1_58' title="bbox 1034 2712 1722 2753; baseline 0.001 -11"><span class='ocrx_word' id='word_1_416' title='bbox 1034 2712 1161 2753; x_wconf 73' lang='lat' dir='ltr'>Nempe</span> <span class='ocrx_word' id='word_1_417' title='bbox 1185 2724 1257 2744; x_wconf 85' lang='lat' dir='ltr'>cnm</span> <span class='ocrx_word' id='word_1_418' title='bbox 1281 2724 1364 2753; x_wconf 67' lang='lat' dir='ltr'>saepe</span> <span class='ocrx_word' id='word_1_419' title='bbox 1387 2714 1520 2745; x_wconf 78' lang='lat' dir='ltr'>comitia</span> <span class='ocrx_word' id='word_1_420' title='bbox 1541 2720 1648 2744; x_wconf 84' lang='lat' dir='ltr'>essent</span> <span class='ocrx_word' id='word_1_421' title='bbox 1673 2714 1722 2743; x_wconf 90' lang='lat' dir='ltr'>in-</span> 
     </span>
     <span class='ocr_line' id='line_1_59' title="bbox 1033 2756 1723 2797; baseline 0.001 -13"><span class='ocrx_word' id='word_1_422' title='bbox 1033 2756 1163 2791; x_wconf 76' lang='lat' dir='ltr'>stituta,</span> <span class='ocrx_word' id='word_1_423' title='bbox 1192 2757 1246 2786; x_wconf 76' lang='lat' dir='ltr'>sed</span> <span class='ocrx_word' id='word_1_424' title='bbox 1273 2757 1412 2796; x_wconf 85' lang='lat' dir='ltr'>abrupta</span> <span class='ocrx_word' id='word_1_425' title='bbox 1437 2766 1495 2797; x_wconf 85' lang='lat' dir='ltr'>per</span> <span class='ocrx_word' id='word_1_426' title='bbox 1519 2756 1723 2786; x_wconf 75' lang='lat' dir='ltr'>intercessio-</span> 
     </span>
    </p>
   </div>
   <div class='ocr_carea' id='block_1_8' title="bbox 1035 2798 1781 2838">
    <p class='ocr_par' dir='ltr' id='par_1_13' title="bbox 1035 2798 1781 2838">
     <span class='ocr_line' id='line_1_60' title="bbox 1035 2798 1781 2838; baseline 0.001 -12"><span class='ocrx_word' id='word_1_427' title='bbox 1035 2806 1128 2826; x_wconf 82' lang='lat' dir='ltr'>nem:</span> <span class='ocrx_word' id='word_1_428' title='bbox 1160 2798 1193 2827; x_wconf 84' lang='lat' dir='ltr'>in</span> <span class='ocrx_word' id='word_1_429' title='bbox 1221 2798 1334 2837; x_wconf 87' lang='lat' dir='ltr'>quibus</span> <span class='ocrx_word' id='word_1_430' title='bbox 1356 2800 1427 2838; x_wconf 81' lang='lat' dir='ltr'>jani</span> <span class='ocrx_word' id='word_1_431' title='bbox 1454 2798 1624 2834; x_wconf 78' lang='lat' dir='ltr'>centuriae,</span> <span class='ocrx_word' id='word_1_432' title='bbox 1650 2807 1724 2837; x_wconf 74' lang='lat' dir='ltr'>quae</span> <span class='ocrx_word' id='word_1_433' title='bbox 1780 2819 1781 2822; x_wconf 23' lang='grc' dir='ltr'>η</span> 
     </span>
    </p>
   </div>
   <div class='ocr_carea' id='block_1_9' title="bbox 1032 2839 1722 2879">
    <p class='ocr_par' dir='ltr' id='par_1_14' title="bbox 1032 2839 1722 2879">
     <span class='ocr_line' id='line_1_61' title="bbox 1032 2839 1722 2879; baseline -0.001 -9"><span class='ocrx_word' id='word_1_434' title='bbox 1032 2839 1186 2879; x_wconf 76' lang='lat' dir='ltr'>suffragia</span> <span class='ocrx_word' id='word_1_435' title='bbox 1199 2840 1363 2879; x_wconf 79' lang='lat' dir='ltr'>tulissent,</span> <span class='ocrx_word' id='word_1_436' title='bbox 1387 2840 1547 2872; x_wconf 85' lang='lat' dir='ltr'>Milonem</span> <span class='ocrx_word' id='word_1_437' title='bbox 1562 2844 1722 2872; x_wconf 69' lang='lat' dir='ltr'>creat-ant.</span> 
     </span>
    </p>
   </div>
  </div>
 </body>
</html>
