1769 3174
426 111 500 150 DE
525 110 827 149 PROVINCIIS
853 109 1271 149 CONSULARIBUS.
1469 113 1570 153 1077

135 222 354 254 nei-assent
386 229 411 255 a
438 217 477 245 35
491 215 703 271 gravitate
729 214 948 270 paterna!)
981 221 1142 254 tantam
1175 213 1342 254 laudem
1375 223 1439 254 est
1471 214 1570 256 ade·

134 278 248 325 ptus,
270 271 383 325 quod
409 272 604 313 tribunus
628 271 762 327 plebis
784 271 897 312 solus
920 285 973 311 ex
1001 280 1092 310 toto
1116 269 1187 310 illo
1210 270 1390 325 collegio
1414 271 1460 311 L.
1476 271 1569 313 Sci-

134 326 252 380 pioni
284 328 445 369 auxilio
477 329 573 380 fuit,
608 329 928 370 inimicissimus
960 336 1003 368 et
1037 327 1184 383 ipsius,
1215 337 1255 366 et
1286 326 1426 367 fratris
1459 328 1567 382 ejus,

134 381 343 435 Africani,
359 385 609 441 juravitque
633 387 674 426 in
694 386 917 436 concione,
934 399 978 425 se
1000 385 1040 425 in
1063 384 1244 440 gratiam
1266 398 1350 424 non
1369 384 1566 437 rediisse;

134 439 205 480 sed
237 440 421 483 alienum
455 443 534 483 sibi
559 443 689 484 videri
717 443 928 499 dignitate
962 441 1144 497 imperii,
1167 455 1254 496 quo
1276 441 1404 481 duces
1427 452 1566 482 essent
1580 458 1610 487 p.
1625 452 1675 482 73.

132 494 337 549 hostium,
371 499 574 555 Scipione
604 501 909 556 triumphante,
941 499 1074 548 ducti,
1097 498 1246 539 eodem
1280 498 1418 553 ipsum
1451 498 1607 549 duci‚³·

131 554 204 608 qui
229 555 561 612 triumphasset?
594 557 702 605 Quis
725 557 888 614 plenior
915 556 1185 597 inimicorum
1210 554 1292 595 fuit
1316 554 1368 595 C.
1393 554 1536 595 Mario
1553 558 1565 596 ?
1582 564 1627 599 19

134 610 183 651 L.
208 611 401 664 Crassus,
435 613 501 655 M.
532 614 730 655 Scaurus.
761 614 942 655 36aliine
972 612 1166 656 inimici?
1197 626 1344 653 omnes
1379 611 1565 653 Metelli.

130 666 192 708 At
212 668 255 709 hi
280 685 365 711 non
390 672 517 712 modo
539 671 657 712 illum
687 671 908 712 inimicum
930 672 969 704 37
983 685 1036 712 ex
1062 669 1204 711 Gallia
1225 669 1447 709 sententiis
1479 669 1565 710 suis

130 739 217 766 non
239 727 536 778 detrahebant,
560 728 631 769 sed
654 738 697 769 et
719 738 892 784 propter
916 728 1124 769 rationem
1149 726 1306 767 Gallici
1331 726 1443 776 belli,
1467 741 1566 782 pro·

130 783 316 825 vinciam
339 796 462 826 extra
483 785 675 826 ordinem
698 785 998 826 decernebant.
1061 783 1228 824 Bellum
1252 784 1293 824 in
1314 782 1456 824 Gallia
1476 798 1564 825 ma-

130 840 297 882 ximum
320 852 488 898 gestum
511 854 595 884 est:
627 842 803 883 domitae
827 852 924 883 sunt
946 857 970 883 a
993 840 1163 882 Caesare
1190 840 1393 881 maximae
1427 841 1566 882 natio-

129 911 218 948 neS,
250 901 289 929 38
304 899 375 940 sed
408 899 596 940 nondum
636 899 815 955 legibus,
851 899 1040 940 nondum
1073 898 1172 953 jure
1206 907 1338 949 certo,
1373 898 1566 940 nondum

130 955 232 995 satis
249 955 371 996 firma
389 971 495 1012 pace
515 956 743 997 devinctae.
767 956 923 997 bellum
948 955 1147 997 affectum
1165 955 1371 1005 videmus,
1391 965 1447 1006 et,
1469 969 1565 997 vere.

129 1020 178 1051 ut
208 1010 364 1063 dicam,
403 1028 525 1068 paene
557 1013 829 1055 confectum:
863 1014 933 1055 sed
966 1014 1040 1064 ita,
1072 1021 1132 1063 ut,
1165 1013 1196 1053 si
1229 1012 1341 1054 idem
1369 1022 1564 1054 extrema

126 1070 168 1102 39
181 1070 462 1125 persequitur,
485 1071 557 1126 qui
581 1070 925 1126 inchoavit,jam
949 1070 1094 1111 omnia
1118 1069 1307 1125 perfecta
1328 1070 1563 1112 videamus.

127 1125 161 1166 si
194 1127 460 1169 succeditur:
496 1128 729 1184 periculum
766 1129 835 1179 sit,
873 1142 924 1169 ne
958 1128 1213 1168 instauratas
1244 1127 1423 1168 maximi
1466 1127 1563 1168 belli

129 1182 326 1239 reliquias
349 1200 397 1226 ac
421 1195 643 1226 renovatas
674 1185 910 1226 audiamus.
971 1184 1088 1240 Ergo
1110 1198 1192 1240 ego
1215 1194 1398 1235 senator,
1421 1184 1565 1225 inimi-

128 1255 218 1291 cus,
241 1242 272 1281 si
299 1241 359 1282 ita
380 1241 522 1294 vultis,
548 1243 726 1294 homini,
749 1243 910 1284 amicus
933 1256 1038 1292 esse,
1061 1242 1171 1282 sicut
1193 1255 1359 1297 semper
1380 1241 1458 1292 fui,
1481 1242 1563 1282 rei-

128 1297 313 1353 publicae
336 1299 487 1340 debeo.
548 1301 681 1350 Quid,
705 1300 737 1340 si
761 1300 873 1356 ipsas
896 1299 1143 1340 inimicitias
1166 1298 1335 1354 depono
1358 1298 1561 1354 reipubli-
1573 1309 1625 1343 20

128 1369 190 1396 cae
224 1359 380 1398 causa?
411 1357 505 1411 quis
538 1371 607 1398 me
647 1357 817 1398 tandem
847 1357 946 1412 jure
983 1355 1291 1412 reprehendat?
1323 1356 1561 1411 praesertim

128 1427 226 1454 cum
249 1427 331 1469 ego
354 1414 547 1455 omnium
578 1429 770 1455 meorum
793 1414 1068 1455 consiliorum
1092 1423 1220 1468 atque
1250 1412 1463 1454 factorum
1486 1428 1563 1455 ex-

128 1469 269 1525 empla
290 1484 456 1527 semper
476 1486 530 1512 ex
553 1485 815 1512 summorum
848 1471 1072 1511 hominum
1102 1470 1226 1511 factis
1256 1469 1363 1510 mihi
1386 1485 1562 1512 censue-

127 1527 206 1567 rim
233 1528 429 1582 petenda.
487 1528 556 1569 An
580 1543 677 1569 vero
700 1543 784 1569 non
810 1527 876 1569 M.
900 1527 969 1569 ille
993 1527 1194 1583 Lepidus,
1216 1528 1288 1582 qui
1314 1528 1377 1568 bis
1397 1527 1609 1583 consul,9

126 1593 169 1624 et
192 1584 389 1641 pontifex
413 1586 626 1626 maximus
649 1585 746 1636 fuit,
770 1601 855 1626 non
887 1585 1024 1626 solum
1056 1585 1273 1625 memoriae
1298 1585 1560 1638 testimonio,

127 1642 199 1682 sed
221 1642 351 1682 etiam
381 1642 596 1683 annalium
629 1642 780 1684 litteris
802 1652 845 1683 et
869 1642 1023 1683 summi
1056 1643 1197 1698 po'etae
1229 1656 1333 1682 voce
1368 1643 1563 1684 laudatus

125 1708 205 1749 est,
227 1699 342 1754 quod
364 1714 460 1740 cum
488 1699 553 1741 Μ.
579 1699 731 1741 Fulvio
755 1699 933 1756 collega,
956 1715 1041 1755 quo
1063 1700 1132 1740 die
1154 1714 1303 1740 censor
1321 1710 1385 1740 est
1408 1699 1562 1751 factus,

124 1755 300 1796 homine
322 1756 634 1807 inimicissimo,
655 1758 753 1798 40in
777 1772 930 1813 campo
955 1757 1097 1797 statim
1131 1757 1257 1797 rediit
1288 1757 1329 1797 in
1363 1758 1562 1812 gratiam,

125 1823 173 1853 ut
195 1827 424 1854 commune
446 1814 636 1855 officium
661 1829 852 1855 censurae
872 1815 1090 1855 communi
1109 1814 1253 1855 animo
1272 1829 1321 1854 ac
1342 1814 1562 1856 voluntate

125 1868 430 1912 defenderent?
473 1871 630 1927 Atque,
669 1880 717 1912 ut
756 1882 912 1923 vetera,
945 1887 1041 1927 quae
1081 1880 1179 1912 sunt
1217 1872 1620 1924 innumerabilia‚⁴21

125 1926 322 1979 mittam;
352 1937 450 1968 tuus
471 1938 607 1983 pater,
632 1928 847 1985 Philippe,
869 1943 1012 1970 nonne
1033 1943 1118 1970 uno
1144 1938 1335 1984 tempore
1353 1943 1449 1969 cum
1475 1930 1560 1970 suis

125 1983 433 2025 inimicissimis
455 1985 497 2025 in
521 1987 702 2041 gratiam
726 1987 880 2028 rediit?
902 1986 1057 2041 quibus
1077 2000 1172 2027 eum
1193 1986 1393 2026 omnibus
1411 1987 1558 2027 eadem

124 2041 366 2097 respublica
399 2043 707 2095 reconciliavit,
740 2058 837 2099 quae
875 2043 1095 2085 alienarat.
1158 2042 1303 2084 Multa
1335 2054 1622 2099 praetereo‚22

864 2183 1006 2222 gendum
1021 2187 1071 2214 est
1090 2183 1252 2214 ,Mat-ium.

165 2183 205 2213 35
231 2183 401 2220 gravitate
429 2183 589 2222 paterna]
627 2184 680 2213 Sic
707 2193 821 2214 omnes

907 2228 945 2259 37
972 2235 1011 2255 ea:
1035 2226 1161 2265 Gallia]
1191 2226 1273 2265 Quae
1292 2226 1320 2256 ei
1345 2226 1480 2257 Consuli
1505 2226 1561 2258 IV.

123 2223 195 2254 edd.
221 2229 304 2255 vett.
330 2234 432 2264 usque
459 2225 499 2255 ad
526 2225 740 2263 Lambinum,
768 2226 821 2265 qui

122 2265 211 2297 dedit
225 2268 394 2304 gravitate
408 2269 534 2306 patria.
581 2267 651 2298 Etsi
669 2267 729 2298 hoc
744 2278 822 2306 quo-

123 2318 185 2347 que
201 2314 287 2339 recte
303 2309 423 2339 dicitur
445 2320 503 2350 pro
518 2316 667 2350 paterna,
683 2321 713 2340 v.
731 2309 822 2341 Clav.

121 2349 157 2380 in
176 2352 321 2390 patrius.
367 2351 414 2382 Ut
439 2361 506 2383 non
527 2352 665 2382 difficilis
689 2361 761 2382 sum
788 2353 822 2382 in

123 2392 328 2424 admittendo
350 2394 476 2433 patrius
500 2405 558 2435 pro
585 2400 752 2434 paternuS‚
777 2394 824 2425 ita

121 2443 182 2465 nec
209 2436 383 2476 receperim
405 2437 474 2467 sine
499 2436 697 2467 auctoritate
721 2436 820 2466 libro-

122 2485 208 2508 rum.

163 2519 205 2549 36
218 2521 318 2550 aliine
331 2521 455 2550 inimici
467 2520 498 2559 ἒ]
515 2521 568 2550 Sic
582 2520 688 2560 prima
701 2520 753 2551 ed.
766 2521 819 2551 W.

122 2559 235 2598 habet,
251 2567 323 2602 post
343 2564 431 2593 1480.
447 2562 519 2592 Ald.
536 2563 594 2593 &c.
616 2562 661 2592 At
674 2563 714 2593 R.
730 2563 818 2594 Med.

120 2602 217 2633 Junt.
246 2605 344 2634 aliive
377 2605 502 2634 inimici
528 2614 636 2634 omnes
662 2604 711 2635 M.
756 2605 818 2635 Sed

121 2644 261 2683 quidest
275 2647 377 2676 aliine
396 2647 547 2676 inimici?
569 2647 685 2677 saltem
708 2647 818 2686 legen·

121 2686 199 2716 dum
229 2689 362 2728 aliique,
389 2694 446 2718 aut
475 2689 547 2723 alii,
584 2689 728 2719 inimici:
763 2689 819 2720 sed

122 2730 224 2759 aliine
239 2730 333 2768 plane
348 2730 521 2761 delendum
537 2735 618 2771 puto
631 2742 640 2761 ι
665 2730 709 2761 L.
724 2731 819 2762 Cras-

121 2781 188 2808 sus,
217 2771 267 2802 M.
298 2772 444 2802 Scaurus
478 2773 602 2802 inimici
636 2782 681 2803 sc.
713 2773 816 2810 fuere,

120 2823 229 2844 ommes
254 2813 392 2845 Metelli.
439 2814 590 2854 hang-net
614 2814 716 2845 etiam
741 2825 817 2846 mox

122 2856 305 2895 inimicum,
328 2856 507 2897 meliusque
533 2856 668 2888 abesset.
696 2857 818 2889 inteni-

865 2267 996 2298 decreta
1011 2273 1080 2297 erat
1103 2269 1270 2307 provincia
1292 2268 1332 2298 ad
1347 2268 1469 2298 bellum
1487 2278 1563 2300 cum

868 2310 1010 2340 Cimbris
1026 2310 1067 2339 ibi
1084 2310 1274 2348 gerendum,
1291 2311 1347 2350 qui
1370 2314 1403 2340 in
1420 2311 1562 2342 Galliam

867 2358 1043 2382 venerant:
1068 2351 1153 2382 unde
1168 2356 1202 2382 et
1219 2352 1339 2382 bellum
1355 2353 1461 2393 ipsum
1483 2354 1562 2384 Gal·

867 2394 965 2424 licum
983 2405 1057 2424 mox
1072 2394 1204 2425 dicitur.

904 2438 944 2467 38
971 2437 1028 2466 sed
1057 2437 1200 2466 nondum
1230 2436 1352 2474 legibus
1382 2436 1454 2476 ἐξα]
1485 2438 1506 2467 i.
1533 2447 1561 2468 e.

863 2478 1007 2508 nondum
1037 2479 1070 2508 in
1099 2479 1273 2518 provinciae
1302 2478 1478 2510 formulam
1512 2489 1560 2508 re-

862 2520 958 2550 dacta
984 2521 1103 2557 Gallia,
1134 2531 1197 2560 qua
1226 2522 1305 2561 jura
1334 2521 1427 2550 victis
1456 2521 1560 2550 Gallis

863 2564 1046 2593 constituta
1059 2563 1137 2593 sint.

903 2607 943 2639 39
973 2604 1442 2645 persequitur—suceeditmfl
1474 2604 1562 2635 Meae

861 2656 954 2677 aures
982 2646 1165 2678 desiderant
1196 2651 1560 2686 persequatur—suece-

861 2689 973 2719 datur.

901 2733 944 2761 40
970 2731 1006 2760 in
1033 2739 1146 2770 eampo
1173 2730 1301 2769 statim]
1335 2729 1383 2760 Ut
1416 2731 1559 2770 primum

860 2773 961 2804 creati
997 2781 1144 2803 censores
1180 2778 1287 2808 erant,
1329 2777 1505 2812 antequam
1541 2783 1560 2804 e

861 2824 977 2856 campo
992 2814 1127 2845 domum
1142 2813 1295 2845 abissent.
