1785 3185
538 105 885 145 PHILIPPICA
916 106 1153 146 TERTIA.
1462 112 1560 149 1315

127 209 367 252 testabilius
388 208 612 259 dedecore,
633 208 743 249 nihil
764 208 923 250 foedius
953 210 1172 251 servitute.
1215 211 1267 253 ad
1289 211 1418 254 decus
1439 221 1483 254 et
1512 212 1562 254 li-

124 269 333 309 bertatern
357 266 445 306 nati
468 279 638 306 sumus:
670 275 745 306 aut
764 265 858 307 haec
880 277 1115 317 teneamus,
1134 276 1209 307 aut
1226 283 1325 309 cum
1347 270 1561 325 dignitate

118 324 366 366 moriamur.
429 321 624 363 Nimium
655 322 729 363 diu
763 324 965 373 teximus,
987 323 1090 377 quid
1118 327 1400 368 sentiremus:
1445 342 1559 370 nunc

110 383 205 437 jam
224 389 418 438 apertum
438 389 526 421 est:
550 379 801 434 omnesjam
826 381 1134 436 patefecerunt,
1155 381 1197 421 in
1217 390 1443 437 utramque
1464 400 1560 441 par-

122 449 206 479 tem
230 438 333 493 quid
357 437 558 488 sentiant,
579 436 684 491 quid
709 438 854 478 velint.
917 437 1027 478 Sunt
1050 437 1170 493 impii
1195 438 1327 490 cives,
1351 454 1428 494 pro
1449 442 1558 482 cari-

120 504 207 537 tate
231 494 496 551 reipublicae,
519 493 699 534 nimium
723 494 874 537 multi:
918 509 995 550 pro
1018 494 1293 537 multitudine
1326 497 1433 537 bene
1464 513 1558 539 sen-

118 552 334 604 tientium,
354 551 584 593 admodum
610 551 732 606 pauci
750 569 759 593 :
792 566 974 607 quorum
994 551 1375 608 opprimendorum
1394 553 1455 595 dii
1477 555 1557 596 iin-

115 609 316 651 mortales
354 608 648 650 incredibilem
686 609 935 664 reipublicae
974 618 1232 665 potestatem
1260 620 1305 651 et
1337 610 1555 653 fortunam

116 667 339 708 dederunt.
382 665 450 708 Ad
469 680 519 706 ea
539 665 653 706 enim
678 667 891 721 praesidia,
910 681 1006 722 quae
1028 666 1249 718 habemus,
1271 666 1412 722 6³1jam
1434 683 1555 710 acce—

112 724 218 765 dent
249 724 443 765 consules
468 736 635 763 summa
668 723 908 778 prudentia,
933 723 1104 774 virtute,
1127 724 1373 775 concordia,
1395 725 1554 767 multos

109 795 277 822 menses
299 781 351 823 de
373 780 520 837 populi
543 779 729 820 Romani
751 780 949 821 libertate
966 781 1247 822 commentati
1270 790 1399 837 atque
1419 783 1552 824 medi-

113 839 207 879 tati.
271 838 353 879 His
376 837 622 879 auctoribus
645 845 686 877 et
709 837 905 888 ducibus,
927 838 1010 879 diis
1034 837 1307 892 juvantibus,
1339 840 1466 880 nobis
1489 841 1552 881 vi-

113 895 362 953 gilantibus,
395 904 440 935 et
470 893 654 935 multum
690 894 735 934 in
770 904 987 950 posterum
1024 895 1365 951 providentibus,
1387 897 1549 953 populo

112 953 312 994 Romano
330 952 641 1001 consentiente,
664 951 820 992 erimus
839 952 1033 1008 profecto
1055 952 1178 993 liberi
1198 952 1318 994 brevi
1338 964 1548 1011 tempore.

97 1009 406 1066 jucundiorem
427 1019 571 1050 autem
593 1007 723 1049 faciet
743 1008 986 1050 libertatem
1009 1010 1226 1051 servitutis
1249 1011 1504 1054 recordatio,

169 1067 287 1114 Quas
310 1067 366 1107 ob
389 1081 468 1117 res,
491 1065 607 1120 quod
630 1066 790 1106 tribuni
817 1066 952 1122 plebis
973 1067 1102 1108 verba
1123 1067 1332 1118 fecerunt,
1356 1079 1405 1109 ut
1426 1083 1547 1111 sena·
1566 1074 1630 1124 15

111 1132 178 1165 tus
206 1123 410 1165 Kalendis
430 1124 610 1166 Januar.
643 1132 738 1164 tuto
769 1124 930 1175 haberi,
955 1125 1267 1180 sententiaeque
1297 1126 1351 1166 de
1381 1141 1610 1187 summag7

107 1181 328 1238 republica
349 1181 389 1212 65
404 1180 534 1222 libere
555 1180 641 1222 dici
664 1193 866 1237 possent:
899 1181 951 1222 de
973 1196 1022 1222 ea
1050 1197 1093 1222 re
1123 1182 1186 1222 ita
1212 1197 1381 1234 censeo,
1404 1184 1467 1225 uti
1492 1184 1545 1226 C.

110 1238 264 1290 Pansa,
287 1238 341 1279 A.
368 1237 553 1288 Hirtius,
574 1238 770 1279 consules
792 1239 1021 1294 designati,
1044 1239 1147 1280 dent
1168 1254 1360 1295 operam,
1387 1242 1450 1282 uti
1480 1257 1546 1283 se-

106 1305 233 1337 natus
265 1295 468 1337 Kalendis
499 1295 677 1337 Januar.
711 1305 803 1337 tuto
836 1296 984 1337 haberi
1017 1296 1177 1352 possit:
1221 1297 1422 1353 quodque
1454 1299 1545 1340 edi-

105 1363 224 1395 ctum
259 1353 316 1395 D.
349 1353 488 1403 Bruti,
523 1353 808 1408 imperatoris,
840 1352 1027 1394 consulis
1049 1354 1278 1410 designati,
1304 1356 1468 1410 optime
1489 1357 1543 1398 de

105 1410 326 1467 republica
357 1410 512 1460 meriti,
550 1411 818 1465 propositum
853 1411 922 1461 sit,
955 1421 1151 1452 senatum
1183 1412 1446 1462 existimare,
1481 1413 1673 1459 D.p-19l.

107 1467 305 1517 Brutum,
330 1467 646 1523 imperatorem,
668 1467 887 1508 consulem
911 1468 1199 1523 designatum,
1221 1470 1387 1524 optime
1405 1470 1457 1511 de
1476 1470 1586 1512 re-a·

105 1525 281 1581 publica
298 1525 338 1555 66
351 1524 518 1576 mereri,
540 1539 640 1566 cum
662 1535 832 1566 senatus
854 1526 1172 1578 auctoritatem,
1190 1526 1427 1582 populique
1450 1527 1540 1569 Ro-

102 1583 219 1623 mani
259 1582 515 1632 libertatem,
554 1582 868 1637 imperiumque
906 1582 1123 1625 defendat.
1186 1583 1403 1639 Quodque
1441 1599 1540 1640 pro·
1551 1595 1603 1629 33

102 1639 291 1680 vinciam
327 1639 513 1680 Galliam
545 1639 803 1690 citeriorem,
834 1640 1099 1696 optimorum
1130 1649 1174 1681 et
1205 1640 1539 1684 fortissimorum

100 1696 304 1748 virorum,
337 1696 692 1737 amicissimorum
729 1697 890 1753 populo
925 1697 1124 1739 Romano
1159 1698 1340 1750 civium,
1373 1700 1540 1740 exerci-

99 1764 277 1810 tumque
298 1754 341 1795 in
366 1762 536 1794 senatus
561 1764 773 1809 potestate
791 1754 986 1805 retineat,
1011 1755 1052 1795 id
1076 1769 1188 1806 eum,
1211 1755 1539 1812 exercitumque

92 1811 204 1866 ejus,
227 1811 477 1867 municipia,
500 1811 690 1852 colonias
715 1812 950 1867 provinciae
975 1811 1146 1864 Galliae,
1168 1823 1284 1853 recte
1314 1822 1443 1868 atque
1469 1829 1538 1854 or-

96 1869 212 1919 dine,
232 1882 374 1924 exque
403 1867 624 1924 republica
654 1868 804 1909 fecisse
833 1880 877 1909 et
908 1868 1073 1911 facere:
1107 1880 1302 1910 senatum
1335 1871 1388 1911 ad
1421 1885 1536 1912 sum-

96 1940 209 1967 mam
235 1925 545 1981 rempublicam
565 1926 778 1982 pertinere
799 1927 1012 1977 arbitrari,
1035 1942 1060 1967 a
1084 1926 1141 1968 D.
1165 1926 1317 1978 Bruto,
1339 1937 1383 1968 et
1403 1929 1460 1968 ab
1483 1928 1534 1970 L.

97 1983 274 2034 Planco,
298 1983 643 2038 imperatoribus,
666 1984 914 2025 consulibus
931 1984 1183 2040 designatis,
1208 1985 1397 2040 itemque
1419 2000 1444 2025 a
1464 2000 1535 2027 ce-

95 2041 211 2092 teris,
252 2041 325 2096 qui
367 2040 610 2095 provincias
651 2041 865 2092 obtinent,
900 2042 940 2075 67
957 2042 1144 2083 obtineri
1179 2056 1234 2082 ex
1271 2041 1366 2098 lege
1400 2041 1533 2095 Julia,

93 2098 235 2154 quoad
257 2112 310 2138 ex
335 2098 704 2139 senatusconsulto
723 2098 878 2153 cuique
901 2112 1048 2139 eorum
1071 2112 1315 2139 successum
1338 2099 1415 2142 sit:
1439 2113 1535 2141 eos-

91 2170 176 2210 que
198 2156 298 2196 dare
320 2169 509 2211 operam,
541 2165 588 2196 ut
610 2171 671 2196 eae
697 2156 932 2211 provinciae
960 2156 1263 2211 exercitusque
1286 2156 1331 2196 in
1361 2166 1534 2198 senatus

93 2212 328 2269 populique
353 2211 539 2253 Romani
571 2223 800 2268 potestate,
831 2212 1120 2269 praesidioque
1147 2213 1398 2269 reipublicae
1421 2215 1533 2257 sint:

92 2285 278 2326 cumque
295 2283 440 2325 opera,
471 2269 644 2322 virtute,
661 2270 844 2312 consilio
865 2270 916 2311 C.
939 2269 1138 2323 Caesaris,
1157 2285 1412 2326 summoque
1430 2287 1536 2313 con-

92 2342 217 2369 sensu
254 2327 442 2368 militum
476 2336 791 2380 veteranorum,
820 2327 893 2383 qui
922 2327 1015 2384 ejus
1046 2328 1350 2370 auctoritatem
1382 2329 1535 2381 secuti,

133 2474 175 2505 64
188 2473 268 2515 jam
282 2475 446 2516 accedent]
471 2476 610 2506 Secutus
629 2485 702 2507 sum
717 2485 788 2506 cor·
873 2474 914 2505 66
931 2474 1131 2514 promereri]
1156 2473 1247 2506 Libri
1274 2474 1385 2516 plures
1409 2479 1444 2505 et
1465 2484 1534 2505 me-

95 2517 275 2547 rectionem
306 2517 423 2548 faerni
454 2527 513 2558 pro
545 2518 704 2548 accedunt
717 2530 727 2547 :
755 2523 789 2548 et
832 2516 929 2547 liores
952 2517 1052 2548 etiam
1069 2517 1132 2548 Gu.
1157 2517 1251 2548 Leid.
1274 2519 1416 2548 mereri.-
1441 2516 1528 2557 quod

88 2559 134 2588 sic
156 2558 256 2589 habet
278 2569 406 2599 quoque
434 2559 525 2590 Leid.
549 2560 791 2600 Intelliguntur
836 2560 954 2599 recepi.

89 2602 239 2632 consules
265 2601 438 2642 designati,
462 2602 507 2633 D.
531 2603 656 2633 Brutus
683 2608 718 2633 et
746 2603 786 2633 L.
871 2602 908 2634 67
933 2601 1070 2632 obtineri
1095 2611 1135 2632 ex
1159 2603 1230 2641 lege
1254 2601 1368 2642 dulia]
1391 2602 1469 2633 Non
1486 2611 1524 2632 ex

88 2643 240 2674 Plancus.
830 2643 887 2674 illa
914 2645 1032 2684 prima,
1059 2653 1124 2683 qua
1149 2645 1321 2684 praetorias
1345 2643 1530 2684 provincias

129 2687 170 2716 65
193 2687 291 2716 libere
311 2686 374 2716 diez·
386 2686 523 2726 possint]
549 2687 618 2718 Ser.
638 2691 788 2727 possent:
831 2695 969 2724 annuas,
1002 2685 1190 2717 consulares
1226 2687 1361 2717 biennes
1394 2686 1529 2722 fecerat,

87 2727 227 2759 refertur
245 2728 335 2758 enim
359 2729 399 2759 ad
413 2730 510 2760 verba
515 2728 685 2768 fecer-unt.
728 2730 786 2760 Se·
829 2728 885 2759 sed
901 2739 940 2758 ex
965 2728 1084 2764 altera,
1104 2738 1169 2767 qua
1185 2729 1383 2759 nominatim
1399 2727 1532 2767 quibus-

83 2778 143 2799 cus
168 2776 219 2800 est
244 2780 334 2807 mox,
362 2772 417 2801 ubi
441 2772 542 2811 possit
571 2781 686 2802 verum
724 2777 785 2802 est.
828 2771 902 2801 dam
920 2771 1103 2810 provincias
1120 2769 1254 2802 dederat
1279 2770 1314 2800 in
1337 2779 1441 2801 annos
1462 2779 1532 2806 cet.-

87 2811 168 2843 Mss.
184 2812 248 2843 Gu.
265 2812 467 2851 apossunt.
511 2813 592 2844 Mox
608 2815 658 2845 uti
678 2824 696 2845 e
719 2815 783 2844 Ms.
826 2819 892 2850 tos,
910 2817 947 2843 ut
962 2814 1006 2844 D.
1023 2812 1143 2850 Bruto,
1159 2812 1282 2844 Planco
1299 2813 1359 2844 ecc.

86 2853 166 2887 vat.
180 2854 266 2893 dedi,
281 2859 322 2886 ut
334 2855 494 2887 Graevius.

750 2906 778 2939 4
801 2911 829 2949 Q
856 2904 880 2939 4
