1769 3174
269 112 347 146 9⁴24
845 109 1102 148 ORATIO

1753 195 1759 208 .

271 208 540 266 Charybdim
593 212 734 269 po‘e'tae
777 213 980 269 fingendo
1031 214 1271 270 exprimere
1322 219 1569 267 potuerunt,
1609 226 1706 267 quae
1743 212 1763 254 'l

272 277 415 308 tantos
437 269 664 311 exhaurire
685 271 877 327 gurgites
907 281 1066 327 posset,
1088 280 1267 326 quantas
1291 269 1370 309 iste
1398 268 1708 323 Byzantiorum

274 323 685 383 Brogitatorumque
718 329 884 383 praedas
916 329 1173 370 exsorbuit?
1204 336 1279 368 aut
1309 335 1398 366 tam
1420 326 1709 366 eminentibus
1756 358 1769 382 ,Α

272 383 451 423 canibus
475 383 676 439 Scyllam,
700 385 1066 440 taniqiiejejunis,
1088 399 1232 440 quam,
1256 384 1412 438 quibus
1440 383 1568 422 istum
1592 380 1710 423 ¹vide-
1753 414 1756 419 .

275 438 345 489 tis,
368 439 534 491 Gelliis,
556 440 735 491 Clodiis,
756 440 898 493 Titiis,
921 445 960 473 523
977 442 1135 482 Rostra
1156 441 1249 496 ipsa
1271 439 1573 480 mandentem?
1750 442 1760 490 f

213 500 265 538 60
334 497 492 546 Quare,
516 497 556 537 id
590 498 704 552 quod
733 509 975 540 extremum
999 508 1062 539 est
1096 499 1139 538 in
1173 496 1447 552 haruspicum
1480 494 1711 550 responsis,

280 565 580 603 PROVIDETE,
608 568 672 595 NE
704 568 1019 595 Rssirussmczss
1047 568 1227 595 sTA‘rus
1263 565 1625 594 COMMUTETUR.
1647 560 1711 591 et-
1766 566 1769 573 ‘

274 610 389 650 enim
424 612 495 651 vix
534 611 641 661 haec,
672 611 705 651 si
741 612 928 666 undique
965 610 1206 661 fulciamus,
1233 610 1327 665 jam
1360 610 1585 659 labefacta,
1619 608 1709 657 vix,

275 666 465 721 inquam,
488 668 639 708 innixa
662 668 702 708 in
737 669 931 709 omnium
965 668 1160 709 nostrum
1193 666 1380 708 humeris
1412 665 1708 706 cohaerebunt.

192 723 262 772 28
278 722 376 764 Fuit
398 725 615 778 quondam
637 725 699 765 ita
721 725 843 765 firma
865 725 958 766 haec
981 726 1148 776 civitas,
1171 734 1213 765 et
1238 724 1395 773 valens,
1418 734 1466 764 ut
1488 723 1709 778 negligen-

276 781 379 821 tiam
402 790 587 832 senatus,
611 781 676 821 vel
708 782 838 822 etiam
862 782 1038 837 injurias
1063 783 1223 823 civium
1254 781 1362 821 ferre
1392 791 1549 836 posset.
1608 779 1709 821 Jam

271 851 357 877 non
383 847 538 893 potest.
568 838 765 879 aerarium
786 838 949 879 nullum
972 849 1063 880 est:
1095 841 1136 870 24
1148 837 1430 894 vectigalibus
1453 851 1538 877 non
1562 835 1710 876 fruun-

271 902 355 945 tur,
372 896 442 948 qui
469 895 761 936 redemerunt:
795 896 1026 937 auctoritas
1050 896 1290 952 principum
1315 894 1499 935 cecidit:
1531 907 1711 934 consen-

273 965 342 991 sus
376 952 575 992 ordinum
611 961 676 992 est
712 952 928 995 divulsus:
964 953 1134 1008 judicia
1170 953 1410 1008 perierunt:
1452 953 1492 982 <25
1507 949 1713 1006 suffragia

272 1008 487 1064 descripta
520 1017 718 1050 tenentur
747 1025 772 1050 a
795 1010 965 1066 paucis:
1011 1011 1222 1051 bonorum
1255 1010 1438 1058 animus,
1469 1008 1522 1048 ad
1555 1018 1709 1048 nutum

272 1066 407 1106 nostri
442 1066 603 1106 ordinis
635 1067 864 1122 expeditus
893 1067 986 1122 jam
1018 1082 1101 1108 non
1133 1068 1240 1108 erit:
1272 1067 1426 1115 civem,
1448 1065 1522 1120 qui
1555 1079 1598 1105 sc
1632 1078 1708 1120 pro

276 1123 426 1177 patriae
449 1123 584 1164 salute
616 1134 809 1179 opponat
841 1124 1031 1175 invidiae,
1065 1124 1223 1165 frustra
1255 1123 1434 1179 posthac
1470 1121 1708 1177 requiretis.

212 1185 259 1218 61
277 1179 422 1225 Quare
459 1179 574 1221 hunc
606 1190 780 1230 statum,
802 1182 875 1236 qui
904 1196 1017 1221 nunc
1050 1192 1129 1232 est,
1161 1181 1484 1236 qualiscumque
1515 1188 1594 1229 est,
1617 1177 1711 1218 nul-

274 1235 315 1276 la
345 1237 429 1277 alia
450 1251 507 1287 re,
542 1237 620 1277 nisi
656 1239 902 1289 concordia,
936 1238 1116 1279 retinere
1146 1252 1386 1294 possumus.
1419 1251 1530 1287 nam,
1552 1246 1600 1275 ut
1621 1248 1710 1275 me-

270 1292 376 1334 liore
408 1294 539 1335 simus
573 1294 682 1345 Ιοοο,
704 1296 813 1336 ffine
846 1296 1082 1351 optandum
1110 1296 1283 1350 quidem
1304 1303 1383 1343 est,
1416 1293 1488 1334 illo
1522 1292 1711 1348 impuni-
1752 1327 1754 1330 ,

272 1359 341 1390 to:
391 1351 601 1392 deteriore
648 1361 791 1392 autem
847 1362 958 1392 statu
1015 1364 1061 1393 ut
1110 1353 1256 1402 simus,
1296 1365 1402 1392 unus
1443 1359 1507 1391 cst
1560 1349 1706 1390 inferi-

270 1421 320 1447 or
352 1409 524 1463 gradus,
557 1418 630 1449 ant
664 1410 876 1458 interitus,
909 1418 983 1450 aut
1024 1410 1255 1450 servitutis.
1286 1424 1371 1463 quo
1395 1422 1447 1449 nc
1469 1407 1706 1457 trudamur,

269 1464 330 1505 dii
354 1466 614 1506 immortales
639 1480 714 1506 nos
748 1467 995 1517 admonent,
1018 1467 1222 1522 quoniam
1237 1465 1498 1521 jampridem
1521 1464 1710 1505 humana

270 1522 452 1562 consilia
485 1523 749 1563 ceciderunt.
809 1523 954 1578 Atque
986 1538 1068 1580 ego
1092 1527 1128 1557 '27
1151 1524 1261 1564 hanc
1293 1523 1549 1572 orationem,
1569 1531 1710 1577 patres

271 1579 522 1634 conscripti,
547 1589 632 1621 tam
658 1582 838 1630 tristem,
862 1591 948 1622 tam
982 1595 1155 1637 gravem
1180 1595 1264 1621 non
1289 1580 1585 1635 suscepissem,
1608 1593 1710 1628 non,

273 1636 464 1690 inquam,
487 1637 567 1677 nisi
587 1636 698 1678 lianc
721 1652 961 1692 personam,
981 1651 1023 1678 et
1045 1638 1121 1678 lias
1145 1649 1298 1693 partes,
1321 1639 1360 1668 23
1379 1636 1612 1677 honoribus
1636 1650 1712 1691 po-

268 1693 357 1747 puli
389 1693 592 1744 Romani,
617 1697 766 1734 vestris
792 1695 984 1750 plurimis
1020 1695 1282 1736 ornamentis
1305 1694 1410 1735 milii
1442 1693 1614 1734 tributis
1637 1693 1710 1733 de-

270 1752 428 1802 berem,
454 1760 497 1792 et
520 1764 689 1807 possem
713 1753 945 1794 sustinere:
980 1757 1019 1788 29
1035 1752 1108 1793 sed
1134 1763 1276 1793 tanicn
1305 1751 1445 1802 facile,
1468 1750 1710 1791 tacentibus

306 1909 345 1937 23
368 1907 491 1938 Rostra
509 1909 582 1947 ipsa
595 1907 817 1947 mandentem]
843 1907 966 1938 Graevi-

265 1959 301 1978 ns
322 1950 464 1989 conjecit
481 1950 806 1980 lmnbentemeVerr.
831 1949 894 1987 111,
918 1953 965 1980 ll.

263 1991 318 2021 sed
323 1990 453 2032 jejunis
465 1992 485 2022 i.
502 2003 530 2022 e.
544 1991 701 2023 famelicis
711 1991 857 2032 postulat
872 2002 966 2023 mun—

262 2035 402 2064 dantem.
447 2035 617 2070 Ceterum,
642 2034 719 2073 quid
742 2035 786 2064 sit
812 2035 966 2064 mandere

262 2080 372 2106 rostra
385 2074 515 2117 jejunis
537 2077 728 2114 hominibus,
746 2086 842 2106 nemo
864 2077 968 2117 expli-

263 2118 360 2148 cavit.
406 2118 500 2148 Dixit
523 2124 634 2149 autem
662 2128 720 2158 pro
742 2128 840 2148 naves
868 2120 966 2159 ipsas,

261 2159 426 2199 quomodo
442 2160 493 2190 hic
506 2160 596 2191 locus
613 2160 778 2201 profertur
790 2172 808 2191 a
822 2160 967 2199 Nizolio,

262 2213 302 2233 ex
333 2201 477 2232 editione
511 2204 619 2233 nescio
653 2213 727 2242 qna.
772 2203 835 2233 Sed
863 2203 967 2243 lepide

262 2253 322 2285 pro
349 2253 388 2274 eo
412 2244 493 2274 dixit
515 2248 624 2275 rostra,
644 2245 726 2284 ipsa.
771 2245 824 2275 Illi
849 2245 967 2286 Scyllae

262 2296 359 2316 canes
382 2286 582 2317 mandebant
608 2292 741 2317 tantum
771 2287 921 2317 homines
948 2299 965 2318 e

264 2329 401 2358 navibus
425 2329 538 2358 fractis
566 2333 624 2359 aut
649 2329 821 2358 demersis:
860 2330 967 2361 Clodii

262 2380 373 2407 canes,
398 2370 482 2410 ipsas
507 2380 617 2408 naves,
645 2381 711 2412 prae
738 2372 965 2409 magnitudine

262 2412 358 2443 famis
372 2412 590 2443 mandebant:
617 2415 680 2443 i.e.
708 2413 810 2453 ipsam
836 2423 965 2453 rempu-

261 2454 379 2485 blicam
397 2464 454 2494 per
480 2454 566 2494 leges
588 2465 666 2494 quas
689 2455 722 2485 in
749 2455 874 2485 Rostris
900 2458 966 2496 ipsc

261 2497 400 2528 ferebat.
425 2496 507 2527 Edd.
531 2497 583 2527 w.
611 2500 700 2528 1430.
722 2497 846 2528 habent
872 2508 966 2529 man—

262 2540 410 2569 dantem.

304 2584 346 2611 24
368 2591 398 2611 v.
413 2579 655 2620 nonfruzmtzcr
670 2580 742 2619 δια]
774 2581 835 2610 Per
850 2581 966 2619 injuri-

262 2632 296 2653 as
319 2622 387 2653 scil.
414 2623 669 2661 magistratuum
694 2623 964 2662 provincialium:

261 2665 406 2705 pertinet
429 2666 577 2705 inprimis
593 2665 632 2696 ad
655 2665 805 2695 Pisonem
820 2670 854 2694 et
870 2665 967 2695 Gabi-

261 2708 365 2738 nium.

303 2752 343 2780 25
365 2749 534 2790 suffragia
557 2750 719 2789 descripta
741 2749 820 2788 iem]
847 2749 965 2779 Sensus

260 2795 331 2821 est:
369 2793 463 2832 pauci
495 2792 541 2822 ita
570 2793 656 2821 inter
683 2800 715 2821 se
746 2792 858 2831 partiti
887 2796 965 2821 sunt

260 2833 416 2874 suffragia
452 2833 613 2872 tribuum,
643 2838 681 2865 ut
709 2844 748 2864 ea
785 2834 897 2865 omnia
932 2834 966 2864 in

1009 1912 1171 1948 potestate
1207 1907 1363 1944 habeant,
1396 1910 1431 1937 ct
1473 1907 1624 1946 quicquid
1661 1917 1713 1939 ve-

1008 1951 1085 1985 lint,
1110 1951 1193 1981 cives
1207 1950 1358 1990 jubeant,
1373 1955 1486 1980 creent
1506 1952 1564 1980 ἂρ.
1581 1960 1610 1980 v.
1622 1949 1713 1980 Clav-

1010 1993 1044 2022 in
1057 1993 1232 2023 describere
1245 1992 1319 2022 init.

1051 2036 1091 2065 26
1114 2045 1153 2064 ne
1174 2034 1353 2074 optandum
1374 2033 1503 2073 quidem
1524 2033 1585 2073 est]
1621 2033 1714 2069 Non.

1009 2086 1074 2116 quo
1089 2087 1157 2107 non
1172 2078 1215 2106 sit
1229 2076 1387 2116 optabile,
1402 2081 1435 2106 et
1451 2076 1551 2115 digna
1567 2086 1627 2114 rea,
1640 2085 1712 2116 quae

1009 2124 1157 2158 optetur,
1194 2119 1278 2149 votis
1315 2123 1509 2158 expetatur-3
1547 2118 1602 2148 sed
1637 2119 1740 2161 quia·

1011 2161 1104 2192 nulla
1125 2172 1198 2202 spes
1215 2161 1378 2201 potiundi,
1393 2160 1480 2199 quod
1495 2165 1641 2201 optetur,
1657 2171 1714 2200 ap-

1010 2211 1116 2244 paret,
1143 2203 1347 2241 stultumque
1375 2208 1426 2232 cst
1461 2210 1588 2243 optare,
1619 2204 1713 2244 cujus

1009 2248 1117 2276 omnis
1129 2256 1200 2287 spes
1215 2246 1350 2285 praecisa.
1363 2244 1418 2274 sit.

1052 2292 1090 2321 2¹7
1116 2290 1200 2318 Ιιαησ
1228 2288 1537 2318 mationem—non
1562 2286 1714 2326 suscepis-

1009 2330 1090 2368 sem]
1119 2331 1258 2361 Ursinus
1286 2331 1321 2359 in
1346 2334 1454 2359 vetere
1480 2329 1564 2358 libro
1592 2328 1713 2368 reperit

1007 2373 1178 2407 actionem,
1206 2372 1291 2411 qnod
1314 2377 1363 2401 est
1379 2380 1456 2401 sane
1480 2372 1588 2411 aptius
1616 2370 1714 2400 verbo

1009 2415 1179 2454 suscipere,
1196 2415 1338 2453 itemque
1353 2414 1480 2443 ceteris.
1526 2413 1563 2443 In
1578 2421 1714 2452 sequen-

1009 2456 1095 2486 tibus
1110 2462 1160 2486 ‹Jst
1179 2457 1293 2489 oracio,
1310 2456 1394 2485 unde
1415 2459 1523 2496 potest
1538 2455 1590 2485 hic
1607 2464 1711 2484 ‹eorre-

1010 2504 1063 2528 cta
1084 2508 1152 2527 esse
1175 2509 1235 2528 vox
1261 2499 1406 2527 actionis.
1452 2497 1514 2527 Sed
1536 2502 1570 2526 ct
1583 2497 1640 2527 Or.
1658 2499 1709 2530 71.

1011 2540 1091 2569 Sull.
1117 2544 1168 2574 71.
1193 2551 1251 2580 pro
1276 2541 1323 2570 ιιίὶ
1346 2540 1466 2569 dicitur
1488 2540 1658 2579 suscipere.
1683 2549 1711 2567 v.

1011 2582 1103 2612 clav.

1053 2625 1092 2655 98
1132 2624 1302 2653 honoribus
1332 2624 1445 2662 populi
1483 2622 1591 2662 Rom]
1633 2622 1714 2652 Ha‘e

1010 2665 1138 2695 Craevio
1161 2666 1300 2705 glossarii
1325 2669 1591 2696 ornamentorum
1610 2664 1712 2693 olent.

1011 2717 1077 2737 non
1100 2709 1196 2738 male.
1242 2708 1286 2737 Et
1309 2708 1398 2737 abest
1423 2707 1463 2736 ab
1484 2707 1535 2737 ed.
1551 2707 1603 2737 W.
1621 2708 1714 2736 liona-

1009 2751 1109 2780 ribus.
1155 2750 1276 2780 Verum
1296 2759 1363 2779 csse
1381 2749 1525 2779 videtur:
1559 2750 1590 2779 Ῐι.
1601 2753 1714 2788 partes

1003 2793 1118 2832 populi
1134 2792 1289 2829 Romani,
1301 2793 1414 2821 vestris
1423 2792 1472 2830 pl.
1489 2801 1558 2821 orn.

1051 2837 1092 2867 33)
1113 2835 1169 2865 sed
1190 2832 1556 2873 tamen—reticuissent]
1584 2833 1656 2864 Hoc
1679 2831 1713 2861 in
