1817 3169
552 99 622 137 IN
648 97 695 137 L.
722 98 1030 137 PISONEM.
1411 103 1510 140 1149

70 214 168 242 cum
194 207 332 242 tantas
364 215 428 242 res
459 202 676 258 gessisset,
707 211 959 258 gereretque
990 202 1199 256 quotidie,
1230 217 1320 245 non
1347 204 1512 246 amicus

69 270 162 298 esse
194 272 279 299 non
315 273 498 314 possein.
521 260 561 289 36
574 258 697 313 cujus
728 273 810 314 ego
834 259 1015 314 imperio
1040 273 1124 299 non
1148 259 1325 315 Alpium
1349 261 1510 302 vallum

68 324 220 355 contra
238 315 488 357 adscensum
510 316 977 372 transgressionemque
997 315 1236 367 Gallorum,
1257 332 1340 357 non
1365 317 1506 359 Rheni

68 369 243 422 fossam,
266 373 513 428 gurgitibus
541 373 621 414 illis
654 373 978 424 redundantem,
1005 373 1322 414 Germanorum
1355 375 1506 416 imma-

65 426 253 469 n'issimis
285 430 486 485 gentibus
517 430 680 485 objicio
707 440 751 470 et
781 445 973 486 oppono.
1036 429 1225 471 Perfecit
1255 430 1338 482 ille,
1373 441 1434 482 ut,
1470 433 1566 479 εἰεί

64 494 233 527 montes
265 487 534 538 resedissent,
556 502 702 528 amnes
725 488 1008 538 exaruissent,
1039 502 1125 528 non
1158 497 1322 528 naturae
1357 489 1505 543 praesi-

63 540 152 593 dio,
175 543 248 584 sed
272 544 454 585 victoria
475 560 564 596 sua,
588 546 798 600 rebusque
821 546 968 601 gestis,
994 544 1163 586 [taliam
1188 544 1397 585 inunitam
1430 545 1506 586 ha-

64 597 275 641 beremus.
338 602 436 652 Sed,
474 617 572 643 eum
606 618 676 643 me
706 613 915 658 expetat„
937 602 1105 658 diligat,
1133 602 1249 643 omni
1288 601 1412 643 laude
1441 603 1507 643 di-

64 669 199 711 gnum
223 668 372 714 putet:
405 662 441 693 37
459 669 504 700 tu
528 675 595 701 me
617 676 643 701 a
664 660 747 701 tuis
771 660 1009 700 inimicitiis
1031 660 1083 700 ad
1103 659 1364 701 simultatem
1386 673 1506 701 revo-

61 714 214 756 cabis?
246 716 306 757 sic
339 717 422 757 tuis
445 716 674 758 sceleribus
706 716 956 772 reipublicae
983 718 1200 772 praeterita
1221 716 1311 757 fata
1331 716 1506 758 refrica-

66 769 159 812 bis?
180 773 295 827 quod
319 773 490 828 quidem
515 784 575 826 tu,
592 775 664 829 qui
692 775 799 814 bene
823 789 967 815 nosses
989 774 1343 830 conjunctionem
1366 788 1503 815 meam

61 836 106 868 et
128 828 327 881 Caesaris,
349 831 565 882 eludebas‚
587 846 685 872 eum
709 847 734 872 a
761 846 828 872 me
853 832 1134 873 trementibus
1156 831 1335 873 omnino
1360 831 1504 882 labris,

62 885 136 926 sed
176 894 333 938 tamen,
370 890 408 918 38
423 903 498 928 cur
538 890 616 929 tibi
656 903 814 929 nomen
850 903 937 930 non
979 888 1204 941 deferrem,
1243 888 1503 944 requirebas.

62 942 353 999 Quamquam,
375 945 489 1000 quod
514 946 566 986 ad
588 961 657 987 me
680 948 850 997 attinet,

161 1022 186 1039 “
202 1018 412 1066 Numquam
438 1021 547 1056 istam
565 1022 779 1057 imminuam
799 1032 922 1056 curam
941 1021 1133 1070 infitiando
1154 1020 1220 1056 tibi

60 1091 204 1125 tamen
232 1095 297 1127 est
328 1087 435 1128 mihi
459 1088 833 1138 considerandum,
864 1091 904 1123 39
918 1098 1128 1143 quantum
1159 1087 1235 1138 illi,
1258 1087 1389 1128 tantis
1420 1089 1502 1129 rei-

58 1141 246 1197 publicae
277 1145 481 1200 negotiis,
504 1156 711 1201 tantoque
744 1145 854 1186 bello
879 1145 1103 1202 impedito,
1127 1160 1209 1201 ego
1233 1145 1363 1186 homo
1394 1146 1501 1186 ami-

56 1198 269 1251 cissimus,
293 1202 592 1244 sollicitudinis
619 1214 748 1259 atque
769 1203 910 1244 oneris
945 1204 1180 1259 imponam.
1210 1217 1289 1243 nee
1319 1203 1500 1258 despero

56 1264 216 1308 tamen,
238 1273 498 1315 quamquam
531 1261 706 1316 languet
732 1261 956 1316 juventus,
976 1264 1018 1292 40
1037 1275 1114 1301 nee
1146 1260 1337 1316 perinde,
1370 1270 1501 1316 atque

54 1312 256 1367 debebat,
280 1316 322 1356 in
345 1316 481 1358 laudis
503 1327 546 1359 et
568 1318 717 1374 gloriae
741 1317 980 1374 cupiditate
1002 1328 1208 1369 versatur,
1232 1317 1399 1358 futuros
1423 1318 1498 1358 ali-

54 1384 178 1425 quos,
201 1373 274 1427 qui
298 1374 516 1429 abjectum
542 1376 623 1417 hoc
644 1376 840 1426 cadaver,
863 1378 900 1406 41
916 1376 1213 1416 consularibus
1245 1374 1393 1430 spoliis
1419 1389 1498 1415 nu-

55 1428 157 1469 dare
189 1444 274 1472 non
305 1432 458 1483 nolint,
492 1434 728 1488 praesertim
754 1443 840 1473 tam
875 1433 1054 1484 afflicto,
1076 1442 1165 1473 tam
1200 1432 1386 1483 infirmo,
1410 1441 1498 1473 tam

53 1497 256 1528 enervato
279 1502 376 1530 reo:
408 1489 481 1545 qui
513 1500 554 1531 te
586 1491 646 1531 ita
677 1490 872 1546 gesseris,
903 1499 952 1531 ut
986 1492 1174 1541 timeres,
1208 1504 1260 1530 ne
1293 1490 1496 1545 indignus

53 1542 266 1607 beneficio
290 1547 506 1599 videreris,
541 1548 621 1589 nisi
653 1549 761 1603 eju5‚
784 1563 809 1588 a
829 1562 914 1602 quo
937 1548 1092 1588 missus
1114 1562 1220 1599 eras,
1252 1547 1494 1587 simillimus

51 1610 312 1643 exstitisses,
1367 1628 1375 1633 -

105 1656 174 1698 An
202 1674 300 1700 vero
324 1669 367 1701 tu
401 1675 550 1716 parum
583 1669 708 1718 putas
742 1662 1023 1719 investigatas
1041 1677 1134 1704 esse
1165 1677 1189 1702 a
1219 1661 1344 1702 nobis
1376 1660 1492 1702 labes
1505 1671 1577 1721 34

51 1714 220 1771 imperii
254 1718 331 1769 tui,
364 1727 613 1775 stragesque
646 1720 912 1776 provinciae?
943 1735 1048 1775 quas
1079 1720 1252 1775 quidem
1290 1733 1367 1759 nos
1406 1732 1491 1760 non
1505 1743 1554 1777 33

25 1774 91 1803 ‘42
107 1774 298 1830 vestigiis
331 1775 559 1817 odorantes
591 1777 807 1833 ingressus
831 1786 943 1828 tuos,
974 1778 1045 1818 sed
1080 1778 1182 1818 totis
1214 1776 1537 1824 volutationi-b,

24 1840 33 1845 ’
49 1828 129 1870 bus
153 1832 344 1887 corporis
367 1842 410 1873 et
432 1833 647 1875 cubilibus
674 1835 886 1891 persecuti
911 1850 1071 1876 sumus·
1133 1835 1299 1876 Notata
1320 1849 1345 1874 a
1366 1834 1492 1874 nobis

25 1899 29 1901 ·
48 1896 163 1939 sunt,
185 1898 228 1929 et
251 1889 391 1945 prima
412 1890 483 1931 illa
505 1891 664 1933 scelera
686 1892 730 1933 in
752 1893 955 1944 adventu,
976 1906 1091 1944 cum,
1111 1901 1290 1948 accepta
1312 1891 1495 1947 pecunia

23 2072 28 2075 ,
47 2043 119 2076 bilis
140 2050 258 2076 contra
282 2050 333 2077 est
355 2047 507 2085 difficilis,
530 2049 585 2088 qui
607 2050 747 2087 exorari,

46 2087 168 2127 placari
185 2098 252 2118 non
268 2095 386 2130 potest.
432 2090 546 2130 ltaque
568 2091 595 2121 si
609 2092 683 2122 libri
692 2093 747 2132 ju—

45 2130 174 2167 varent,
198 2130 260 2161 hoc
283 2132 481 2171 praeferrem.
527 2133 590 2163 Sed
610 2133 747 2164 fortasse

45 2181 113 2202 non
148 2173 228 2204 adeo
264 2174 305 2204 ad
331 2174 442 2205 vivum
468 2176 643 2206 resecanda
669 2181 748 2207 sunt

44 2214 134 2245 talia.

88 2257 128 2287 36
142 2256 238 2298 cujus
259 2267 316 2297 ego
339 2259 487 2299 imperio]
514 2260 537 2290 i.
553 2269 580 2290 e.
596 2259 651 2299 qui
666 2258 744 2289 dum

46 2297 219 2338 imperium
245 2300 358 2338 habet,
386 2311 454 2331 nou
476 2312 557 2342 opus
579 2307 631 2333 est
653 2302 746 2332 nobis

47 2341 261 2373 munimentis
282 2343 417 2383 Alpium
441 2349 476 2374 et
502 2345 610 2375 Rheni
634 2344 746 2375 adver-

44 2391 97 2412 sus
112 2383 223 2415 Gallos
237 2390 270 2415 et
285 2386 476 2417 Germanos.

87 2427 126 2459 37
142 2430 180 2456 tu
193 2437 244 2457 me
258 2438 280 2458 a
295 2429 360 2459 tuis
374 2430 468 2460 inim.
485 2428 560 2469 δία]
578 2429 607 2470 Ω

45 2465 183 2505 dixerat,
201 2479 267 2500 non
281 2475 351 2501 tam
374 2471 434 2501 sibi
449 2471 543 2502 irasci
558 2472 673 2502 debere
689 2472 743 2503 Ci-

43 2518 207 2556 ceronem,
216 2505 314 2551 quam
324 2513 462 2552 Caesari;
478 2514 648 2544 videbatur
660 2514 743 2544 velle

42 2560 77 2581 ιη
92 2552 255 2584 Caesarem
269 2564 346 2585 eum
368 2556 518 2592 incitare,
534 2562 568 2586 et
591 2557 651 2587 sibi
673 2557 743 2596 pla-

44 2602 130 2631 care,
144 2600 179 2625 et
200 2597 367 2636 superiora
381 2599 468 2629 mala
493 2599 631 2639 reipubl.
648 2609 742 2629 reno·

44 2644 119 2665 vare
133 2646 192 2676 per
205 2639 408 2671 occasionem
420 2641 579 2671 scelerum
595 2651 742 2672 suorum.

47 2686 123 2707 mox
137 2679 183 2708 sic
198 2680 277 2710 mihi
292 2688 480 2722 suspectum
495 2689 545 2714 est
557 2695 567 2714 ι
585 2693 627 2714 an
642 2683 741 2714 corri-

45 2719 189 2758 gendum
204 2725 241 2751 tu
255 2723 320 2754 tuis
332 2733 377 2754 sc.

86 2763 126 2792 38
157 2772 217 2793 cur
243 2765 301 2794 tibi
328 2775 445 2797 nomen
471 2777 535 2797 non
561 2767 736 2808 deferrem]

43 2802 107 2833 Pro
130 2814 191 2834 cur
215 2809 309 2837 tuum
335 2817 452 2839 nomen
476 2819 541 2840 non
565 2809 739 2849 deferrem,

45 2853 162 2885 nempe
184 2846 223 2877 de
246 2850 447 2888 repetundis,
469 2852 496 2882 si
518 2854 582 2884 ista
602 2862 679 2883 vera.
691 2861 741 2883 es-

106 2902 213 2931 voL.
238 2903 293 2932 11.
318 2904 360 2934 P.
386 2906 442 2935 11.

609 2429 743 2460 uoniam

796 2053 883 2086 sent,
900 2059 972 2088 quae
986 2049 1171 2089 objicerem.

833 2094 873 2124 39
886 2096 1047 2131 quantum
1061 2092 1260 2122 illi—oneris
1274 2091 1454 2132 imponam]
1472 2092 1494 2122 i.

791 2133 925 2171 Caesari,
939 2144 1060 2173 genero
1075 2134 1215 2171 Pisonis,
1231 2134 1298 2173 qui,
1314 2135 1340 2164 si
1363 2144 1494 2164 accusa-

790 2181 883 2206 retur
898 2185 1001 2212 socer,
1017 2186 1074 2215 pro
1089 2186 1128 2206 eo
1144 2176 1291 2207 laborare
1305 2176 1449 2207 deberet.

829 2220 871 2248 40
892 2228 950 2248 nec
965 2219 1115 2258 perinde,
1131 2223 1229 2258 atque
1243 2219 1388 2258 debebat]
1408 2219 1494 2249 Scri-

787 2259 931 2290 bendum
960 2261 1060 2298 debet,
1090 2261 1117 2291 si
1154 2262 1308 2301 praesenti
1341 2266 1491 2301 tempore

788 2312 865 2333 usus
877 2306 927 2332 est
942 2303 1068 2334 Cicero.
1110 2303 1168 2340 At,
1191 2304 1267 2343 quia
1290 2304 1354 2334 Ms.
1371 2304 1441 2334 Erf.
1458 2309 1492 2334 et

788 2345 877 2376 Pith.
901 2344 1025 2376 habent
1046 2346 1190 2383 debebat,
1210 2345 1243 2376 id
1264 2356 1341 2376 cum
1361 2346 1490 2377 Graevio

787 2387 931 2428 praetuli.

827 2432 865 2460 41
881 2429 1105 2460 consularibus
1117 2430 1238 2470 spoliis]
1257 2430 1421 2470 Intelligit
1431 2440 1491 2470 pe.

787 2473 913 2509 eunias,
928 2481 1007 2512 quas
1023 2472 1057 2502 in
1073 2472 1237 2503 consulari
1260 2473 1398 2512 irnperio
1413 2482 1491 2502 eon-

785 2518 839 2545 tra
861 2514 949 2554 leges
973 2513 1095 2545 fecerat
1120 2515 1154 2545 in
1177 2515 1357 2555 provincia,
1382 2515 1490 2545 detra-

785 2556 908 2587 hendas
938 2556 1061 2594 Pisoni,
1091 2567 1149 2597 per
1180 2557 1423 2588 accusationem
1450 2557 1487 2587 de

785 2599 984 2639 repetundis.

826 2643 868 2671 42
891 2653 922 2672 v.
946 2641 995 2671 od.
1011 2642 1178 2679 ingressus
1193 2640 1277 2680 tuos]
1304 2641 1325 2671 i.
1348 2650 1418 2670 non
1441 2640 1489 2671 la.

784 2684 892 2714 tentia
912 2684 1059 2714 facinora
1079 2688 1139 2714 tua
1161 2689 1196 2714 et
1215 2683 1325 2722 aliqua
1346 2689 1417 2713 arte
1438 2687 1488 2713 te·

784 2730 851 2763 cta,
867 2730 907 2756 ut
921 2736 960 2756 ea
976 2735 1171 2764 cognoscere
1186 2730 1221 2755 et
1235 2725 1426 2755 convincere
1445 2727 1487 2755 sit

783 2768 907 2807 ingenii
923 2772 957 2798 et
979 2768 1111 2798 artificii
1134 2767 1291 2798 oratorii:
1316 2775 1394 2806 ergo
1414 2768 1488 2798 totis

782 2811 883 2840 volut.
899 2819 986 2850 corp.
1001 2815 1032 2840 et
1047 2811 1204 2840 eubilibus
1226 2808 1333 2839 intell.
1356 2809 1395 2840 de
1418 2820 1487 2841 ma-

784 2852 912 2884 nifestis
927 2852 1060 2892 flagitiis
1076 2856 1110 2883 et
1124 2851 1334 2883 facinoribus.

715 2900 792 2936 41
