1812 3147
583 102 702 142 PRO
728 103 775 142 L·
801 103 1043 143 FLACCO.
1457 111 1535 151 757

61 255 63 258 ,
106 209 184 251 suli
207 218 352 266 portas
376 215 467 250 tota
498 206 603 248 Asia
624 207 876 250 claudebat:
926 214 967 245 99
983 207 1289 265 Cappadocem
1319 217 1462 251 autem
1487 210 1536 252 il-

100 266 189 308 lum
214 282 298 308 non
330 266 458 306 modo
490 265 726 321 recipiebat
758 265 844 306 suis
866 266 1060 316 urbibus,
1084 279 1230 305 verum
1261 266 1389 307 etiam
1424 267 1536 309 ultro

102 326 301 366 vocabat.
361 323 509 364 Liceat
532 323 626 363 haec
658 323 798 373 nobis,
820 322 854 363 si
886 322 1084 364 oblivisci
1108 336 1196 362 non
1230 337 1470 378 possumus,
1493 335 1538 366 at

103 391 267 423 tacere:
313 381 439 422 liceat
478 379 584 420 mihi
628 380 771 436 potius
809 379 861 420 de
898 380 1072 420 levitate
1107 379 1363 421 Graecorum
1402 382 1538 436 queri,

105 453 233 494 quam
255 439 307 479 de
330 438 595 478 crudelitate.
655 436 974 477 Auctoritatem
1006 438 1075 478 isti
1100 437 1288 478 habeant
1312 441 1425 494 apud
1450 453 1537 489 COS,

102 510 209 551 quos
231 510 321 537 esse
343 495 518 536 omnino
542 493 797 535 noluerunt?
827 509 943 545 nam,
965 509 1260 549 quoscumque
1289 506 1536 551 potuerunt,

103 561 274 609 togatos
305 553 637 593 interemerunt:
675 565 831 592 nomen
863 551 1023 592 civium
1057 551 1369 603 Romanorum,
1400 567 1535 608 quan-

104 619 194 651 tum
218 610 261 651 in
282 610 383 667 ipsis
406 609 502 660 fuit,
523 608 798 663 sustulerunt.
844 607 894 649 In
915 608 995 650 hac
1016 609 1149 665 igitur
1168 610 1271 650 urbe
1291 625 1333 651 se
1349 610 1532 665 jactent,
1547 614 1616 668 {26

103 682 232 722 quam
263 669 475 708 oderunt?
506 666 618 721 apud
650 681 738 717 eos,
768 681 873 721 quos
906 667 1030 706 inviti
1066 666 1236 708 vident?
1269 668 1309 708 in
1337 682 1386 708 ea
1410 682 1534 724 repu-

105 723 231 775 blica,
254 725 303 766 ad
325 740 452 780 quam
478 724 803 780 opprimendam
828 739 912 764 non
945 724 1111 764 animus
1133 724 1208 773 eis,
1232 725 1303 765 sed
1331 725 1438 765 vires
1463 726 1536 766 de-

105 781 302 824 fuerunt?
343 781 598 838 Adspiciaut
616 782 733 822 hunc
753 781 903 822 florem
919 781 1159 836 legatorum
1181 781 1538 838 laudatorumque

108 838 264 890 Flacci,
286 853 338 880 ex
373 854 471 880 vera
493 851 621 894 atque
653 839 821 894 integra
849 838 1036 879 Graecia.
1069 849 1160 879 tum
1189 854 1233 879 se
1265 839 1343 894 ipsi
1376 854 1539 895 expen-

104 896 223 947 dant,
246 906 334 938 tum
361 911 459 938 cum
492 896 557 936 liis
583 911 626 937 se
656 906 921 951 comparent,
945 906 1051 947 tum,
1074 896 1106 936 si
1139 896 1373 948 audebunt,
1396 897 1538 954 digni-

104 953 182 994 tati
206 954 357 995 horum
387 958 443 984 ¹⁰0
455 964 719 1009 componant
741 968 876 994 suam.

161 1009 331 1052 Adsunt
362 1011 661 1062 Athenienses,
697 1010 807 1052 unde
839 1010 1098 1061 humanitas,
1128 1010 1339 1061 doctrina,
1370 1012 1597 1067 religio,62

103 1066 262 1124 frugeS,
286 1069 401 1125 jura,
423 1068 537 1125 leges
558 1079 680 1120 ortae,
711 1078 840 1123 atque
875 1068 918 1108 in
950 1082 1098 1109 omnes
1130 1077 1260 1109 terras
1293 1070 1536 1111 distributae

103 1135 335 1182 putantur:
367 1127 419 1167 de
439 1141 622 1181 quorum
651 1126 768 1166 urbis
792 1126 1073 1181 possessione,
1096 1135 1272 1182 propter
1302 1126 1541 1183 pulchritu-

103 1183 263 1234 dinem,
285 1184 414 1225 etiam
438 1184 547 1224 inter
569 1184 669 1224 deos
691 1194 907 1224 certamen
930 1182 1060 1223 fuisse
1082 1184 1301 1238 proditum
1322 1195 1410 1226 est:
1443 1200 1540 1239 quae

104 1249 387 1283 vetustateea
407 1251 486 1292 est,
509 1250 554 1281 ut
578 1241 668 1297 ipsa
687 1255 741 1282 ex
765 1254 855 1281 sese
875 1255 973 1282 suos
991 1240 1106 1282 cives
1130 1241 1327 1296 genuisse
1347 1242 1538 1284 dicatur:

102 1306 147 1337 et
177 1312 324 1339 eorum
356 1299 502 1340 eadem
538 1307 648 1338 terra
678 1313 845 1354 parens,
878 1298 1021 1347 altrix,
1048 1298 1216 1354 lpatria
1245 1300 1433 1341 dicatur:
1465 1315 1539 1340 au-

99 1355 302 1397 ctoritate
323 1366 467 1397 autem
491 1366 610 1396 tanta
629 1366 708 1406 est,
732 1366 777 1396 ut
793 1356 887 1411 jam
911 1356 1094 1396 fractum
1115 1371 1248 1412 prope
1270 1371 1319 1398 ac
1341 1357 1538 1398 debilita-

101 1421 197 1453 tum
230 1413 414 1455 Graeciae
448 1428 619 1464 nomen,
655 1413 783 1469 hujus
820 1413 936 1454 urbis
971 1413 1094 1454 laude
1131 1414 1307 1455 nitatur.
1366 1412 1596 1462 Adsunt63

108 1469 447 1523 Lacedaemonii3
479 1471 602 1526 cujus
625 1471 813 1511 civitatis
845 1480 1036 1526 spectata
1057 1486 1106 1512 ac
1137 1472 1365 1513 nobilitata
1389 1472 1536 1521 virtus,

99 1540 187 1568 non
220 1527 356 1569 solum
389 1539 540 1570 natura
560 1529 850 1578 corroborata,
876 1542 1019 1568 verum
1041 1529 1168 1569 etiam
1202 1529 1429 1586 disciplina
1460 1545 1538 1586 pu-

99 1593 239 1627 tatur:
271 1586 343 1641 qui
368 1586 442 1627 soli
469 1596 560 1628 toto
581 1587 685 1627 orbe
708 1595 913 1626 terrarum
937 1587 1374 1643 2septingentosjam
1402 1602 1536 1639 annos

100 1642 284 1698 amplius
307 1643 402 1684 unis
425 1643 629 1694 moribus,
651 1652 694 1684 et
723 1658 956 1698 numquam
979 1646 1155 1684 mutatis
1180 1645 1346 1700 legibus
1370 1645 1581 1691 vivunt.1‚.

101 1697 273 1741 Adsunt
300 1714 353 1741 ex
377 1700 544 1742 Achaia
569 1710 726 1742 cuncta
755 1701 879 1742 multi
910 1701 1054 1757 legati,
1080 1702 1270 1753 Boeotia,
1292 1702 1534 1746 Thessalia:

102 1757 258 1812 quibus
282 1757 386 1799 locis
408 1773 543 1815 nuper
566 1759 730 1815 legatus
764 1758 812 1799 L.
837 1758 1029 1810 Flaccus,
1053 1760 1309 1815 imperatore
1340 1759 1537 1812 Metello,

103 1815 292 1869 praefuit.
354 1816 506 1872 Neque
528 1831 628 1857 vero
652 1826 706 1866 te,
731 1815 942 1867 Massilia,
965 1827 1189 1872 praetereo,
1211 1832 1308 1873 quae
1343 1818 1392 1858 L.
1417 1818 1538 1860 Flac-

101 1886 200 1912 cum
224 1873 435 1914 3militem
465 1884 809 1929 quaestoremque
840 1875 1064 1930 cognosti:
1096 1875 1219 1930 cujus
1246 1890 1328 1931 ego
1350 1876 1541 1917 civitatis

102 1927 372 1986 disciplinam
395 1941 524 1987 atque
546 1932 802 1988 gravitatem
826 1947 914 1973 non
946 1932 1082 1973 solum
1107 1932 1307 1985 Graeciae,
1330 1933 1403 1974 sed
1426 1934 1540 1975 haud

139 2080 184 2123 *99
217 2087 451 2128 Cappadocem]
489 2089 552 2119 Per
588 2093 796 2119 contemtum

839 2094 961 2121 cuntur
987 2100 1155 2130 nunquam
1183 2095 1322 2123 mutata²
1346 2091 1414 2122 illae
1440 2092 1539 2133 leges,

100 2129 147 2160 sie
169 2131 323 2171 appellari
346 2138 440 2171 pum,
458 2140 523 2161 non
547 2132 701 2162 historice
723 2136 798 2162 tan-

839 2144 914 2163 cum
931 2133 1070 2163 sublatae
1085 2133 1207 2164 dudum
1220 2141 1328 2166 essent
1341 2136 1381 2165 ab
1393 2135 1538 2173 Achaeis;

101 2179 187 2204 tum.
231 2173 284 2203 Sic
303 2178 337 2204 et
351 2173 428 2204 alibi
452 2185 471 2204 a
487 2174 644 2205 Cicerone
672 2174 797 2214 Cappa-

102 2215 165 2245 ‹on
177 2225 235 2255 pro
251 2216 368 2252 stulto,
380 2216 511 2256 stupido
529 2217 659 2247 dicitur.

146 2259 203 2288 100
224 2258 428 2298 componant]
455 2259 532 2289 Mss.
561 2258 669 2298 plures
691 2260 793 2289 etiam

102 2298 209 2330 Guelf.
232 2301 310 2330 item
337 2301 410 2331 edd.
435 2301 474 2332 R.
508 2305 598 2333 1480.
625 2302 680 2332 ΒΥ.
704 2302 793 2332 Med.

101 2340 196 2371 Junt.
224 2342 298 2373 Ald.
327 2342 450 2374 habeut
472 2349 684 2384 anteponant,
709 2344 794 2383 quod

101 2385 261 2415 revocavit
276 2385 434 2416 Graevius.
484 2387 682 2426 Componant
692 2397 731 2417 ex
743 2387 793 2416 ed.

101 2425 154 2456 W.
170 2428 330 2457 revocavit
347 2427 522 2466 Victorius,
541 2435 580 2459 ut
592 2430 698 2469 aptius
713 2439 797 2470 pra·-

101 2468 228 2499 cedenti
242 2475 440 2508 comparent.

146 2512 157 2540 l
176 2513 308 2552 patria]
335 2512 411 2542 Non
430 2513 506 2543 alibi
529 2514 633 2554 reperi
654 2513 716 2544 hoc
730 2514 799 2544 elo-

99 2551 209 2591 glum:
234 2554 382 2594 intelligo
406 2555 514 2585 sedem
542 2556 706 2596 propriam
732 2557 798 2587 for-

99 2600 257 2666 {innatum
273 2606 406 2627 suarum
421 2607 441 2627 a
457 2599 633 2638 maioribus
655 2599 716 2628 sibi
730 2604 798 2630 tra-

121 2636 214 2668 itam.

143 2681 162 2708 2
183 2680 397 2718 septingentos
413 2679 492 2721 jam
521 2692 552 2712 a.
579 2682 654 2722 &c.]
685 2683 798 2713 Haese-

101 2727 181 2750 runt
203 2721 237 2751 in
263 2721 324 2752 hoc
350 2732 486 2754 numero
513 2724 572 2754 viri
594 2725 700 2755 docti:
724 2726 800 2765 quia

102 2767 175 2791 tum
193 2764 262 2800 jam
279 2767 340 2797 700
359 2774 462 2795 annos
484 2767 531 2796 usi
552 2773 647 2797 erant
668 2768 729 2798 hnc
752 2768 800 2798 di-

101 2804 250 2844 sciplina,
265 2816 340 2836 cum
359 2808 400 2838 ab
413 2808 540 2839 Achaeis
554 2810 755 2840 mutabatur.
770 2821 798 2841 v.

100 2845 233 2878 Livium
258 2850 311 2887 38,
335 2852 387 2880 34.
411 2856 496 2882 extr.
521 2852 615 2890 item,
638 2851 725 2892 quod
751 2852 798 2883 di·

840 2182 975 2216 propter
989 2176 1075 2214 quod
1092 2176 1156 2206 hoc
1170 2178 1312 2207 oratorie
1334 2177 1459 2208 dictum
1481 2189 1540 2218 pu-

839 2224 890 2248 tat
906 2218 1064 2249 Graevius.
1109 2218 1257 2249 Primum
1275 2221 1389 2251 Cicero
1405 2220 1461 2250 illo
1478 2230 1539 2251 uu-

837 2269 929 2290 mero
945 2271 1020 2291 usus
1037 2261 1176 2298 videtur,
1191 2262 1265 2300 quia
1280 2262 1334 2292 ille
1349 2273 1388 2292 ex
1403 2262 1541 2294 historia

838 2310 954 2333 notus:
980 2303 1035 2333 sed
1049 2303 1140 2333 addit
1162 2304 1313 2344 amplius.
1358 2304 1540 2345 Nunquam

838 2351 977 2376 mutata-²
999 2345 1065 2375 illae
1087 2346 1186 2385 lega,
1210 2347 1370 2386 intellige,
1386 2348 1426 2377 ab
1441 2348 1516 2388 ipsis
1528 2360 1538 2379 ι

837 2392 871 2417 et
893 2393 970 2418 sunt
985 2388 1084 2418 etiam
1107 2389 1283 2426 restitutae,
1300 2395 1338 2419 ut
1358 2390 1396 2420 iis
1411 2390 1541 2421 Cicero-

839 2431 889 2460 nis
904 2437 1053 2470 tempore
1069 2430 1174 2461 adhuc
1189 2437 1371 2462 uterentur.

881 2476 900 2504 3
932 2473 1070 2504 militem
1104 2475 1366 2514 quoestoremque]
1405 2475 1541 2506 Guiliel-

839 2516 924 2545 mius
960 2515 1155 2554 conjiciebat
1182 2517 1351 2547 tribunum
1383 2518 1540 2555 militum,

840 2562 879 2587 ut
896 2562 946 2588 est
961 2568 990 2588 c,
1006 2561 1059 2588 40.
1102 2558 1181 2588 Non
1201 2560 1280 2589 satis
1304 2559 1469 2590 intellexit
1491 2570 1542 2590 ra-

838 2600 965 2630 tionem
1002 2601 1059 2630 rei.
1105 2600 1274 2640 Equestris
1310 2602 1430 2632 militia
1464 2607 1542 2632 ante

840 2648 1040 2680 quaesturam
1056 2642 1148 2673 nulla
1162 2643 1226 2674 alia
1239 2648 1301 2680 est,
1318 2644 1379 2673 nisi
1394 2644 1543 2674 tribuna-

839 2690 893 2714 tus
908 2690 966 2715 aut
981 2684 1186 2724 praefectura.
1225 2687 1341 2726 Itaque
1356 2686 1469 2716 militis
1484 2696 1543 2716 no-

842 2727 931 2757 mine
958 2736 1018 2757 sua
1045 2733 1162 2767 sponte
1186 2728 1375 2758 tribunatus
1400 2727 1542 2768 intellig-i

839 2774 963 2809 potest,
986 2773 1083 2808 atque
1105 2774 1138 2799 et
1163 2770 1239 2800 alibi
1262 2771 1380 2800 milites
1390 2769 1474 2810 fieri
1496 2771 1544 2800 di-

842 2816 964 2841 cuntur
985 2811 1110 2841 nobiles
1133 2812 1294 2851 homines,
1318 2822 1394 2844 cum
1418 2813 1545 2843 tribuni

842 2859 901 2884 aut
914 2853 1061 2893 praefecti
1075 2854 1173 2885 fiunt.
