1785 3185
345 103 460 141 PRO
488 104 532 139 C.
561 101 818 139 RABIRIO
845 101 1145 139 POSTUMO.
1370 102 1466 137 1193

325 307 396 356 M.
435 305 708 355 TULLII
754 305 1184 354 CICERONIS

708 412 801 440 PRO

119 489 193 554 C.
266 487 748 553 RABIRIO
830 487 1382 554 POSTUMO

262 613 514 667 ORATIO,
542 612 1243 661 UNDEQUADRAGESIMA.

552 809 957 848 ARGUMENTUM.

38 893 86 928 A.
109 891 281 927 Gabinius
300 901 378 926 cum
396 889 435 925 in
454 888 563 936 Syria
578 888 830 937 proconsulari
849 889 999 936 imperio
1016 893 1117 931 esset,
1137 902 1159 925 α
1178 889 1374 927 Ptolemceo
1393 904 1475 940 rege

90 944 252 991 AEgypti
269 944 386 978 decem
405 941 563 977 millibus
582 939 760 976 talentiim
779 942 947 988 acceptis,
966 953 1072 976 ausus
1091 946 1142 977 est
1160 954 1239 978 eum
1263 944 1300 978 in
1326 956 1474 991 regnum

91 998 294 1036 restituere,
315 1005 386 1029 non
403 994 508 1029 modo
525 995 602 1029 sine
619 994 694 1028 ullo
715 997 779 1028 aut
805 994 932 1041 populi
949 991 1055 1038 jussu
1073 998 1138 1029 aut
1156 994 1266 1036 SCto,
1284 997 1346 1031 sed
1364 998 1475 1033 etiam

92 1052 219 1083 contra
238 1046 276 1082 S.
299 1045 338 1082 C.
393 1045 525 1093 Itaque
543 1058 622 1081 cum
639 1057 680 1080 ex
697 1046 885 1093 provincia
901 1046 1050 1081 redisset
1068 1045 1234 1088 Romam,
1254 1059 1335 1083 reus
1345 1048 1476 1097 factus

90 1103 157 1141 est,
178 1099 254 1146 lege
270 1097 390 1140 Julia,
410 1099 453 1134 de
469 1098 690 1145 repetundis,
710 1110 733 1133 a
754 1096 790 1133 C.
811 1096 996 1137 Memmio,
1017 1102 1064 1140 et,
1086 1101 1247 1145 quamvis
1266 1100 1477 1148 defendente

93 1151 274 1193 Cicerone,
295 1151 549 1186 condemnatus
567 1153 630 1186 est.
684 1149 749 1185 Lis
768 1151 948 1185 aestiniata
966 1154 1019 1185 est
1046 1151 1195 1186 totidem
1215 1152 1372 1192 talentis,
1389 1158 1477 1200 quot

94 1207 296 1251 acceperat.
354 1202 440 1243 Quoe
457 1214 597 1237 summa
613 1203 771 1249 pecuniae
788 1212 868 1236 cum
886 1213 927 1236 εκ
946 1202 1045 1237 bonis
1068 1202 1214 1238 Gabinii
1237 1205 1386 1240 redacta
1406 1217 1478 1241 non

88 1259 193 1295 esset,
215 1256 339 1291 eadem
367 1255 443 1302 lege
460 1254 566 1290 Julia
584 1258 771 1290 accusatus
799 1257 849 1288 est
869 1252 1040 1290 Rabirius
1058 1254 1264 1298 Postumus,
1283 1269 1387 1304 eques
1403 1257 1478 1293 Ro-

92 1319 231 1346 manus,
248 1307 344 1354 quod
358 1308 407 1342 ad
425 1318 503 1342 eum
516 1318 605 1354 pars
622 1306 722 1342 illius
736 1306 896 1353 pecunia:
913 1308 1140 1353 pervenisset,
1154 1312 1195 1343 ut
1209 1310 1252 1350 is,
1268 1310 1365 1356 quod
1381 1322 1476 1345 sum-

93 1371 162 1395 mae
180 1361 298 1395 decem
315 1359 471 1394 millium
490 1356 668 1394 talentzim
696 1359 839 1398 deesset,
859 1358 1022 1394 solveret.
1079 1359 1147 1395 Est
1171 1372 1255 1408 ergo
1275 1373 1382 1397 causa
1402 1361 1478 1398 Ra-

94 1412 179 1448 birii
196 1411 437 1459 appendicula
456 1422 570 1446 causae
593 1410 816 1452 Gabinianae,
837 1411 958 1445 eodem
977 1416 1196 1453 accusatore,
1216 1414 1338 1448 eodem
1357 1413 1478 1462 defen-

93 1475 174 1499 sore
191 1468 286 1500 acta.
341 1462 576 1512 Defensionis
595 1463 668 1498 hoec
685 1464 779 1498 inita
797 1466 848 1498 est
865 1464 962 1498 ratio
978 1475 1000 1498 a
1021 1463 1201 1506 Cicerone,
1222 1469 1262 1500 ut
1280 1468 1479 1502 ostenderet

93 1517 226 1564 primo,
249 1516 325 1562 lege
343 1516 386 1550 de
403 1515 611 1563 repetundis
629 1519 828 1562 equestrem
845 1515 1006 1550 ordinem
1023 1528 1095 1551 non
1115 1518 1240 1558 teneri,
1265 1529 1343 1564 quae
1360 1521 1481 1555 avari-

94 1569 156 1603 tice
181 1569 463 1615 magistratuum
485 1567 763 1614 provincialium
792 1568 992 1602 coercenda>
1019 1580 1128 1603 causa
1147 1569 1224 1604 lata
1251 1571 1324 1606 sit:
1355 1572 1483 1607 deinde

94 1620 145 1656 ad
162 1619 354 1655 Rabirium
370 1620 510 1654 nullam
526 1623 670 1666 partem
685 1620 846 1666 pecunia?
860 1620 1073 1666 pervenisse,
1089 1621 1152 1656 sed
1169 1633 1248 1656 eum
1263 1623 1385 1669 potius
1401 1628 1480 1659 tan-

94 1675 172 1708 tum
196 1672 356 1719 pecuniae
374 1669 572 1706 Ptolemaeo
590 1672 793 1713 credidisse,
812 1675 866 1713 ut,
886 1683 966 1707 cum
993 1684 1035 1707 ea
1058 1674 1213 1720 pecunia
1240 1675 1384 1710 reddita
1411 1688 1483 1711 uon

94 1727 196 1763 esset,
217 1723 378 1759 omnibus
407 1723 507 1758 bonis
535 1734 672 1758 eversus
700 1728 734 1758 et
751 1722 844 1771 foro
862 1725 985 1759 cedere
1011 1729 1155 1760 coactus
1182 1730 1283 1768 esset,
1312 1728 1381 1762 nisi
1403 1729 1482 1764 Caii

100 1776 250 1811 Caesaris
269 1774 469 1811 liberalitas
487 1787 566 1810 eum
582 1776 809 1812 sublevasset.

49 1858 123 1923 SI
146 1882 241 1937 quis
262 1891 339 1933 est,
364 1881 549 1937 judices,
571 1883 645 1939 qui
669 1882 720 1924 C.
745 1883 989 1935 Rabirium,
1013 1886 1129 1939 quod
1161 1898 1248 1927 suae
1281 1885 1481 1939 fortunae,
1501 1880 1526 1925 l

57 1940 68 1968 ¹
94 1938 292 1980 fundatas
324 1941 578 1996 praesertim,
611 1948 742 1996 atque
763 1942 927 1997 optime
949 1943 1221 1994 constitutas,
1244 1959 1362 1999 opeS,
1387 1956 1481 2000 pot·
1498 1951 1514 1982 l

52 1997 179 2037 estati
197 1997 328 2052 regiae
348 1996 603 2053 libidinique
620 1999 897 2049 commiserit,
917 1998 1313 2054 reprehendendum
1333 2012 1479 2057 putet:

49 2053 266 2095 adscribat
293 2053 346 2094 ad
371 2053 588 2108 judiciuin
619 2070 758 2106 suum,
790 2070 877 2096 non
909 2055 1040 2096 modo
1059 2055 1216 2107 ineam,
1247 2059 1318 2099 sed
1354 2059 1482 2114 hujus

48 2110 183 2151 etiam
211 2110 360 2166 ipsiuS,
394 2111 467 2165 qui
501 2111 733 2162 commisit,
764 2114 1034 2154 seutentiam.
1068 2128 1207 2168 neque
1239 2116 1353 2156 enim
1392 2118 1483 2158 cui-

51 2181 180 2222 quam
220 2168 314 2223 ejus
355 2167 579 2209 consilium
618 2169 928 2220 vehementius,
964 2184 1093 2224 quam
1137 2172 1232 2227 ipsi,
1272 2172 1484 2228 displicet.

53 2225 330 2279 Quainquam
369 2224 454 2265 hoc
497 2225 748 2281 plerumque
789 2225 986 2278 facimus,
1020 2238 1069 2267 ut
1105 2229 1285 2270 consilia
1320 2233 1485 2272 eventis

54 2281 354 2337 ponderemus,
382 2291 440 2333 et,
471 2283 540 2323 cui
575 2284 682 2324 bene
715 2282 818 2338 quid
853 2285 1121 2339 processerit,
1150 2286 1332 2328 multum
1366 2288 1487 2329 illum

54 2338 306 2393 providisse,
327 2339 396 2380 cui
421 2353 556 2390 secus,
579 2339 720 2380 2nihil
749 2342 929 2382 sensisse
958 2341 1165 2384 dicamus.
1227 2344 1272 2384 Si
1295 2346 1487 2386 exstitis-

56 2404 120 2436 set
152 2396 196 2437 in
233 2410 332 2452 rege
365 2396 495 2448 fides3
526 2397 630 2438 nihi]
667 2397 901 2453 sapientius
941 2397 1174 2442 Postumo:
1206 2402 1309 2456 quia
1337 2401 1488 2444 fefellit

103 2548 114 2575 1
122 2543 292 2586 fundatas
299 2557 354 2586 pr.
371 2547 444 2586 &c.]
470 2548 604 2588 Semper
617 2547 670 2579 hic
683 2549 751 2579 hae-
792 2550 878 2580 nihil
900 2550 1029 2587 vidisse,
1057 2555 1095 2581 ut
1123 2555 1158 2581 et
1183 2552 1366 2591 corrigebat
1396 2552 1491 2583 Lam—

56 2596 123 2617 reo.
146 2597 213 2618 non
235 2594 285 2619 est
307 2590 511 2629 perspicuum
534 2591 691 2621 orationis
705 2593 752 2621 vi-
793 2592 900 2622 binus.
956 2593 1104 2623 Pertinet
1128 2603 1180 2631 eo,
1208 2594 1293 2633 quod
1321 2595 1355 2624 in
1380 2595 1492 2625 futuro

56 2629 166 2660 tium:
188 2629 243 2660 sed
267 2640 393 2671 semper
417 2632 558 2662 inclinor
583 2633 624 2663 ad
649 2635 753 2674 suspi-
794 2633 1009 2674 intelligendo
1034 2635 1164 2674 quidam
1189 2636 1279 2666 velut
1304 2645 1415 2667 sensus
1442 2642 1494 2667 est

57 2670 213 2706 candum,
236 2672 425 2703 Ciceronem
447 2675 609 2714 scripsisse
621 2675 755 2714 fienda-
797 2676 913 2714 futuri,
929 2677 1015 2707 unde
1029 2683 1064 2708 et
1080 2678 1252 2716 praesensio
1266 2678 1398 2714 dicitur,
1409 2688 1494 2717 prae-

58 2716 112 2747 tae,
127 2719 161 2742 et
173 2715 362 2749 constitum,
377 2721 415 2745 ut
429 2716 467 2746 ad
472 2715 623 2755 Jortunoe
635 2718 754 2748 refera-
796 2720 915 2748 sentire
938 2719 972 2749 in
996 2724 1175 2759 posterum.
1222 2718 1266 2749 Et
1289 2719 1418 2750 videtur
1441 2721 1496 2750 Ci-

59 2759 128 2790 tur,
144 2755 196 2784 cui
210 2759 248 2785 ut
263 2756 307 2786 rei
322 2756 474 2788 familiari
490 2759 553 2789 ista
566 2759 663 2790 verba
677 2765 756 2790 sunt
797 2770 872 2790 cero
900 2761 944 2791 sic
973 2761 1126 2791 consulto
1156 2761 1187 2790 h.
1215 2761 1237 2790 l.
1264 2761 1393 2800 dixisse,
1420 2764 1496 2800 quia

61 2796 204 2835 propria,
220 2806 286 2827 non
301 2799 410 2837 opibus
421 2804 455 2828 et
470 2801 580 2840 copiis.
799 2802 924 2832 dixerat
959 2803 1083 2833 duobus
1121 2803 1226 2833 verbis
1270 2808 1347 2834 ante
1385 2807 1496 2844 proi-i·

101 2841 119 2867 2
145 2839 228 2868 nihil
251 2839 395 2879 sensisse]
423 2841 485 2871 Pro
508 2843 671 2873 usitatiori
700 2843 757 2873 illo
800 2843 893 2874 disse.
