1785 3185
401 112 749 151 PHILIPPICA
774 113 1149 159 DUODECIMA,
1399 118 1498 164 140(

67 215 161 260 cedi
195 218 364 273 potest?
425 215 580 257 Multis
612 215 739 256 rebus
773 219 809 250 17
823 231 848 257 a
877 216 1002 258 nobis
1032 217 1083 258 ud
1113 231 1260 273 pacem
1292 217 1497 263 invitatus

69 272 284 314 Antonius
321 271 478 313 bellum
519 280 660 313 tamen
700 272 864 313 maluit.
903 273 1020 313 missi
1053 273 1198 329 iegati,
1232 286 1499 338 repugnante

67 344 161 371 me:
193 329 265 370 sed
289 337 430 369 tamen
461 327 594 369 missi.
624 327 764 369 delata
792 328 1017 370 mandata.
1049 344 1134 370 non
1158 331 1312 385 paruit.
1335 332 1498 372 denun-

68 387 221 427 tiatum
242 394 322 436 est,
344 400 397 426 ne
418 384 601 426 Brutum
623 385 852 435 obsideret,
873 400 899 426 a
924 384 1100 426 Mutina
1129 386 1388 429 discederet:
1421 402 1499 443 op-

68 443 279 507 pugnavit
306 442 435 483 etiam
459 441 768 484 vehementius.
828 441 885 483 Et
915 442 967 483 ad
998 456 1094 483 eum
1125 442 1289 499 legatos
1319 444 1371 484 de
1395 458 1499 499 pace

67 499 300 549 mittemus,
330 499 403 553 qui
441 499 558 554 pacis
586 499 760 539 nuntios
796 498 1063 563 repudiavit?
1095 500 1498 543 verecundioremne

64 570 210 596 coram
240 565 440 611 putamus
471 555 514 596 in
546 554 801 610 postulando
833 555 938 606 fore,
960 569 1088 610 quam
1120 556 1248 596 f·ue1it
1270 566 1376 608 tum,
1398 571 1498 601 cum

67 612 187 654 misit
207 613 407 653 mandata
429 611 480 652 ‘td
503 614 726 653 senatum?
764 611 898 667 Atqui
922 622 1011 652 tum
1034 626 1084 653 ea
1105 613 1293 668 petebat,
1315 628 1411 668 quae
1435 615 1498 655 vi·.

65 669 276 710 debantur
308 670 505 724 improba
536 669 728 719 omnin0,
751 668 824 709 sed
857 679 998 709 tamen
1035 669 1179 734 aliquo
1211 670 1340 711 modo
1374 685 1498 726 posse

63 723 271 767 concedi:
305 726 493 766 nondum
531 737 622 765 erat
658 725 808 765 v·est1is
844 727 982 766 lsstam
1022 726 1300 780 gravissimis,
1325 737 1498 782 tamque

63 782 208 823 multis
223 782 432 837 judiciis
423 781 757 838 ignominiisque
775 781 997 824 concisus:
1029 797 1143 823 nunc
1172 798 1222 823 ea
1252 784 1376 838 petit,
1399 800 1524 839 quae

65 839 165 880 dare
185 839 301 880 nullo
322 840 451 880 modo
475 852 723 894 possumus3
746 839 824 879 nisi
851 839 966 894 prius
988 839 1180 880 volumus
1202 854 1280 880 nos
1303 841 1419 881 bello
1434 842 1495 881 vi-

65 906 158 936 ctos
178 895 391 937 confiteri.
451 895 828 935 Senatusconsulta
853 895 957 936 falsa
977 895 1116 937 delata
1137 897 1192 937 ab
1213 911 1264 937 eo
1280 897 1416 952 judic
1408 898 1494 938 wi-
1510 903 1555 939 1⁶2

65 966 174 993 mus,
197 967 299 993 num
319 966 370 993 ea
391 966 490 993 vera
511 965 734 1007 possumus
749 951 976 1016 judicare?
1016 952 1151 1008 Leges
1173 954 1400 995 statuimus
1425 969 1497 1010 per

66 1010 151 1050 vim
174 1020 218 1050 et
242 1018 393 1050 contra
422 1008 613 1064 auspicia
643 1007 795 1058 latas,
786 1009 922 1063 iisque
951 1023 1030 1050 nec
1061 1010 1267 1065 populum
1298 1025 1378 1052 nec
1409 1012 1517 1067 ple-

65 1066 162 1107 bem
184 1067 332 1107 teneri.
356 1079 457 1106 num
478 1080 549 1116 eas
571 1066 735 1106 restitui
758 1080 882 1121 posse
909 1067 1122 1107 censetis?
1157 1068 1519 1123 ¹9[Sestertium}

64 1123 221 1187 septies
243 1123 395 1163 millies
416 1123 618 1163 avertisse
639 1121 878 1163 Antonium
902 1123 1096 1178 pecuniae
1120 1125 1305 1178 publicae
1325 1125 1497 1180 judica-

66 1180 200 1222 xistis.
222 1193 323 1220 num
347 1179 494 1220 fraude
515 1179 673 1235 poterit
693 1193 835 1220 carere
857 1178 1100 1235 peculatus.
1093 1182 1107 1211 Ρ
1140 1180 1495 1224 201mmunitates

63 1237 118 1277 ab
139 1251 191 1277 eo
211 1237 474 1286 civitatibus,
498 1236 748 1286 sacerdotia,
771 1250 903 1293 regna
923 1236 1160 1278 venierunt.
1183 1252 1286 1279 num
1309 1239 1496 1295 figentur

63 1307 207 1335 rursus
255 1308 315 1334 ea:
359 1268 530 1344 tabuiae‚
572 1308 675 1348 quas
715 1307 791 1334 vos
830 1293 1014 1334 decretis
1057 1294 1207 1334 vestris
1258 1296 1487 1339 refixistis.
1480 1299 1493 1325 Ρ

66 1351 233 1396 Quodsi
264 1365 327 1401 ea,
357 1365 454 1405 quae
476 1350 755 1400 decrevimus,
779 1352 814 1381 2¹
831 1351 1026 1402 obruere
1044 1365 1146 1392 num
1172 1352 1302 1392 etiam
1332 1353 1542 1406 memo-6

66 1408 171 1448 riam
191 1421 329 1448 rerum
349 1407 486 1448 delere
505 1409 758 1463 possumus?
788 1407 959 1471 quando
980 1409 1094 1448 enim
1113 1407 1390 1450 obliviscetur
1410 1410 1496 1451 ulla

63 1465 303 1518 pusterlam,
328 1464 451 1518 cujus
482 1464 668 1505 scelere
658 1479 700 1504 in
733 1463 812 1505 hac
836 1464 1012 1506 vestitus
1039 1465 1240 1506 foeditate
1262 1465 1540 1511 fueri1nus?p
1558 1472 1632 1502 94⁵2.

62 1520 126 1561 Ut
137 1522 440 1562 centurionum
463 1520 644 1577 legionis
667 1520 841 1562 Martiae
861 1520 1077 1563 Brundisii
1101 1522 1300 1578 profusus
1320 1524 1523 1579 sanguisa

61 1577 250 1619 eluatur:
283 1592 382 1619 num
407 1578 490 1619 elui
513 1578 763 1633 praedieatio
785 1578 1047 1619 crudelitatis
1070 1581 1111 1610 ‘22
1125 1580 1305 1644 poterit
1298 1583 1311 1610 θ
1336 1591 1383 1621 ut
1404 1595 1500 1622 me-

59 1635 132 1675 dia
153 1646 418 1691 ρι’·ωῖθιθεω,
440 1649 535 1690 quae
571 1643 758 1675 vetustas
784 1635 915 1686 tollet,
937 1650 1114 1690 operum
1136 1637 1251 1678 circa
1273 1637 1495 1680 Mutinam

61 1701 187 1733 taetra
220 1703 510 1742 monumenta,
545 1692 711 1733 sceleris
746 1692 917 1742 indicia,
950 1692 1250 1749 latrociniique
1283 1695 1493 1751 vestigia?

64 1748 184 1790 Huic
207 1749 338 1805 igitur
359 1750 605 1805 importuno
629 1758 757 1803 atque
789 1750 957 1804 impuro
980 1750 1218 1805 parricidae,
1240 1751 1342 1805 quid
1364 1752 1493 1792 habe·
1508 1754 1560 1788 13

62 1819 171 1859 muS,
193 1820 267 1863 per
285 1807 384 1848 deos
408 1805 690 1847 immortales!
742 1806 910 1861 23quod
940 1808 1235 1850 remittamus
1228 1810 1240 1837 Ρ
1299 1807 1368 1850 An
1389 1809 1495 1850 Gal-

105 1923 141 1954 17
165 1929 188 1950 a
207 1920 295 1951 nobas
315 1919 361 1950 ad
378 1929 494 1959 pacem
519 1920 677 1950 invitatus
695 1917 753 1957 A.]

60 1960 180 1993 Nescio
209 1972 306 2001 quare
334 1966 380 1991 est
410 1961 570 1992 addiderit
596 1962 755 1997 Granum,

59 2010 118 2034 aut
133 2009 209 2034 ante.
224 2005 328 2045 ipsum
346 2004 441 2040 axius,
457 2005 518 2034 etsi
541 2004 575 2033 in
598 2003 677 2035 Cod.
694 2012 755 2034 scr.

59 2047 243 2077 inventum.
288 2046 401 2085 Longe
431 2045 613 2086 eiegantius
645 2046 754 2075 abest·

797 1919 944 1949 civitates
963 1928 1029 1950 non
1044 1924 1154 1960 potest
1176 1919 1316 1952 defendi.
1332 1923 1497 1954 civitatem

797 1961 894 1992 Rom.
911 1961 1075 1992 venditam
1098 1972 1166 1993 esse
1181 1964 1222 1993 ab
1236 1963 1381 1994 Antonio
1396 1965 1496 1995 etiam

800 2004 875 2033 univ
879 2004 956 2034 ersis
970 2004 1169 2042 civitatibus,
1182 2005 1296 2035 eodem
1310 2004 1382 2035 loco
1394 2006 1498 2036 tradit

798 2045 938 2077 Cicero:
962 2045 1017 2075 sed
1033 2045 1071 2075 de
1090 2047 1166 2086 jure
1184 2047 1252 2086 ipso
1280 2047 1413 2088 pluralis
1430 2057 1508 2081 nom

61 2096 121 2118 nec
135 2089 380 2126 insequentium
397 2089 617 2118 membrorum
629 2087 688 2118 tali
701 2087 756 2118 ad-

61 2129 168 2168 ditum
183 2135 242 2160 est.

104 2175 142 2203 18
164 2176 234 2203 tam
261 2171 477 2210 gravissimis]
512 2171 616 2201 Haesit
645 2170 756 2202 Mure-

61 2219 115 2244 tus
144 2214 218 2251 hic;
252 2213 432 2244 Lambinus
460 2213 560 2244 edidit
586 2214 755 2252 grauibus,

61 2255 124 2286 Sed
135 2260 169 2286 et
183 2256 247 2287 alia
259 2255 409 2295 exempla
423 2256 460 2285 τῦ
474 2259 542 2285 tam
559 2265 634 2286 cum
646 2264 757 2294 super-

61 2297 162 2328 lativo
184 2303 263 2328 sunt
284 2298 370 2338 apud
391 2298 595 2328 Ciceronem.
614 2307 643 2324 v.
665 2297 757 2328 clav.

59 2340 95 2370 in
115 2344 198 2370 tam.
219 2350 337 2379 nempe
359 2349 434 2369 cum
456 2338 671 2379 superlativus
695 2349 752 2379 pro

58 2382 198 2422 positivo
223 2382 369 2422 ponitur,
393 2381 478 2421 quod
507 2381 558 2411 hic
583 2391 648 2410 non
675 2382 754 2411 satis

58 2424 172 2454 efficax
184 2424 325 2460 videtur,
341 2429 377 2454 ut
393 2424 454 2454 hoc
471 2423 555 2461 loco,
569 2423 626 2453 ubi
641 2424 754 2462 jungi-

58 2470 116 2495 tur
137 2476 214 2496 cum
235 2467 357 2496 multis.
371 2466 587 2505 gravissimus
607 2472 657 2495 cst
679 2465 712 2496 h.
731 2465 753 2496 l.

59 2507 153 2542 walde
167 2507 284 2547 gravis.

106 2552 143 2584 19
161 2549 353 2580 Sestertium
368 2560 394 2579 s-
411 2559 455 2580 m.
465 2550 611 2588 pecuniae
618 2549 670 2588 μ]
693 2549 756 2579 Hic

59 2595 188 2630 quoque
201 2591 335 2621 verbum
351 2591 542 2622 Sestertium
554 2592 594 2621 ab
611 2592 755 2630 interpu-

60 2630 166 2664 latore
181 2642 249 2664 esse
265 2633 402 2672 videtur,
418 2638 551 2673 propter
565 2633 754 2672 adjunctum

49 2676 215 2722 pecuniae
231 2676 378 2714 publicar.
426 2675 507 2706 Mox
529 2674 662 2715 fraude
695 2685 754 2715 pro

58 2726 158 2754 noxa,
172 2716 321 2747 crimine.

100 2761 142 2789 20
174 2758 405 2789 Immunitoetes
431 2757 478 2789 ab
509 2768 542 2788 eo
572 2759 758 2789 civitatibus

60 2799 135 2839 ἀει]
161 2801 214 2831 Sic
235 2810 252 2831 e
267 2801 344 2832 Vat.
361 2800 502 2830 Faernus
524 2806 558 2830 et
579 2800 647 2830 alii.
664 2800 755 2830 bene.

61 2849 92 2877 t,
107 2841 192 2874 Phil,
209 2842 256 2881 11.
271 2843 322 2875 36.
352 2842 467 2874 Altera
481 2842 645 2882 vuigatior
659 2841 757 2874 lectio

798 2078 1165 2119 dicitur.-5acerd0u‘a
1188 2089 1294 2120 intell.
1311 2090 1345 2120 in
1367 2092 1499 2131 provin.-

797 2128 868 2164 ciis,
882 2134 921 2159 ut
934 2128 1050 2160 Verres
1065 2129 1153 2162 iecit.

839 2173 876 2200 21
915 2171 1049 2201 obruere
1083 2172 1246 2214 volumus]
1282 2172 1391 2203 Vatie.
1429 2181 1497 2206 non

797 2211 939 2242 habebat
954 2215 1112 2244 volumus.
1129 2221 1228 2246 recte.
1243 2224 1319 2245 nam
1334 2215 1412 2254 quid
1425 2225 1499 2255 pos

798 2259 849 2284 sot
864 2254 934 2285 fieri
949 2256 1168 2294 quaerebatur,
1184 2266 1250 2287 non
1274 2257 1354 2296 quid
1368 2257 1499 2288 vellent

799 2297 916 2326 faeere.
961 2296 1085 2327 Pendet
1101 2299 1234 2329 obruere
1248 2307 1448 2339 apossumus
1461 2300 1498 2331 in

794 2339 872 2368 fine.
895 2339 1086 2370 Delevimus
1100 2350 1178 2379 ergo
1194 2346 1267 2381 post
1281 2340 1374 2380 alioS,
1393 2343 1428 2374 in
1443 2341 1493 2381 hiq

795 2381 973 2412 Graevium.
999 2381 1153 2412 Ceterum
1173 2382 1306 2414 mallem
1322 2384 1431 2423 legere
1444 2385 1504 2415 οὸο·

794 2432 891 2453 ruere
899 2433 1086 2463 possumus,
1100 2429 1133 2454 et
1149 2425 1183 2455 in
1205 2425 1271 2456 fine
1287 2430 1422 2457 tantum
1444 2427 1499 2456 de·-

797 2466 862 2494 lere
875 2477 883 2493 :
905 2465 939 2496 id
952 2473 1048 2503 esset,
1067 2473 1105 2496 ut
1127 2466 1209 2497 mihi
1231 2466 1341 2498 videor
1361 2468 1498 2504 sentire,

798 2507 928 2538 mollius
942 2523 949 2537 ι
980 2517 1056 2538 nam
1083 2507 1165 2538 illud
1188 2518 1270 2539 num
1296 2510 1442 2549 postulat
1462 2510 1499 2544 iu

797 2549 1009 2580 antecedente
1021 2550 1151 2589 plenam
1161 2552 1373 2582 sententiam.

837 2594 877 2623 22
895 2592 1029 2632 poterit]
1050 2591 1214 2623 Ferrarius
1231 2594 1263 2623 in
1284 2595 1361 2624 Mss.
1376 2595 1499 2634 reperit

792 2638 908 2672 potest,
923 2638 962 2664 ut
977 2640 1026 2663 est
1038 2639 1072 2663 et
1088 2634 1132 2663 in
1136 2635 1199 2664 Gu.
1215 2635 1262 2665 nil
1279 2636 1387 2667 r.efert
1418 2636 1514 2667 Cer-⁷

797 2681 830 2705 te
846 2676 959 2706 statim
975 2681 1048 2716 post
1063 2681 1112 2705 est
1130 2677 1301 2707 futurum.
1325 2683 1497 2717 que-&vetu-

797 2727 825 2747 εἴ
815 2722 865 2747 ias
879 2716 977 2748 tollet.
1003 2718 1108 2748 media
1124 2722 1173 2747 est
1185 2725 1217 2747 et
1230 2719 1264 2748 in
1278 2719 1307 2748 G
1308 2729 1342 2750 u.

823 2762 862 2791 23
877 2759 1061 2799 quodrenn‘
1053 2759 1187 2798 tamus]
1200 2760 1261 2790 Pro
1271 2761 1497 2792 concedamus.

800 2811 876 2831 mox
910 2811 939 2831 c.
961 2804 992 2835 7.
1007 2802 1218 2840 junguntur:
1245 2803 1365 2841 siquid
1383 2804 1498 2834 ‘remis-

799 2853 872 2873 sum
888 2847 946 2875 auc
961 2853 1140 2876 concessum
1155 2845 1208 2876 cit.
1221 2854 1251 2876 ν.
1267 2845 1358 2877 Οὶιν.
1372 2845 1407 2877 in
1420 2846 1454 2876 h.
1465 2856 1496 2878 v.

728 2892 859 2929 419.
