1812 3147
275 105 350 144 872
857 105 1106 144 ORATIO

212 212 264 251 77
335 204 454 257 Esto,
476 221 562 250 non
586 207 668 249 fuit
697 209 741 249 in
778 223 846 251 me
868 224 1001 266 poena
1031 210 1114 251 ulla
1149 209 1328 265 peccati.
1359 218 1403 249 at
1436 208 1704 264 fuitjudieii.

277 261 439 316 Cujus?
461 265 554 318 quis
577 279 645 305 me
667 280 869 321 umquam
891 267 975 308 ulla
995 267 1088 323 lege
1111 266 1419 321 interrogavit?
1450 266 1544 320 quis
1559 278 1705 322 postu-

274 318 403 360 lavit?
425 321 520 375 quis
541 321 655 362 diem
679 322 817 364 dixit?
848 322 998 364 Potest
1020 324 1153 380 igitur
1173 323 1363 364 damnati
1386 338 1559 378 poenam
1580 323 1706 364 susti-

275 389 375 416 nere
415 377 712 419 indemnatus?
763 379 846 420 hoe
889 381 1169 421 tribunicium
1209 382 1298 421 est?
1348 380 1430 420 hoc
1474 379 1706 435 populare?

274 447 534 489 quamquam
558 435 629 476 ubi
651 446 695 475 tu
720 444 761 476 te
786 438 1049 492 popularem,
1070 438 1111 467 36
1125 437 1205 477 nisi
1233 451 1332 477 cum
1358 451 1431 491 pro
1455 436 1615 492 populo
1643 436 1705 477 fe-

274 490 387 539 cisti,
408 501 528 546 potes
560 492 729 533 dicere?
769 496 807 526 37
823 494 998 534 Scilicet
1031 508 1129 534 cum
1165 493 1245 533 hoc
1272 494 1382 548 juris
1416 510 1441 534 a
1470 494 1707 548 majoribus

273 548 491 601 proditum
523 548 591 599 sit,
612 558 658 588 ut
680 563 805 590 nemo
827 551 934 591 civis
960 550 1179 590 Romanus
1201 561 1275 589 aut
1296 550 1535 590 libertatem
1549 559 1623 590 aut
1644 551 1705 591 ci-

273 603 451 646 vitatem
476 606 610 660 possit
631 606 842 658 amittere,
867 607 1000 647 senis}
1025 607 1115 662 ipse
1137 615 1287 647 auctor
1318 606 1456 646 factus
1476 607 1558 648 sit?
1587 608 1704 662 quod

273 669 319 700 tu
344 661 433 716 ipse
458 662 635 717 potuisti
661 662 703 702 in
728 672 802 703 tua
835 679 963 704 causa
985 664 1162 704 discere.
1224 662 1365 703 Credo
1395 663 1525 714 enim,
1555 679 1707 720 quam-

273 732 404 771 quam
426 718 468 759 in
493 718 562 759 illa
586 719 820 775 adoptione
851 720 1043 775 legitime
1066 719 1227 761 factum
1252 729 1316 760 est
1345 720 1466 770 nihil,
1495 732 1638 762 tamen
1663 730 1705 762 te

274 788 366 814 esse
399 775 726 831 interrogatum,
760 789 1029 818 AUCTORNE
1068 791 1227 827 ESSES,
1261 791 1320 817 UT
1356 791 1408 818 IN
1437 791 1498 818 ΤΕ
1524 792 1566 819 Ρ.
1592 791 1709 818 FON-

274 844 420 872 Tmus
449 846 572 874 v1TAE
600 847 850 885 NeelsQUE
879 848 1207 875 PoTEs‘rATEM
1237 847 1488 885 HABERET,
1509 837 1550 870 39
1566 849 1625 876 UT
1652 848 1704 876 IN

276 901 426 929 fluo.
468 890 645 948 Quaercb
669 890 703 930 si
735 901 809 932 aut
842 905 1054 947 negasses,
1077 900 1150 932 aut
1184 891 1403 942 tacuisses,
1427 892 1459 931 si
1489 900 1632 933 tamen
1660 891 1704 933 id

275 959 379 986 xxx
414 947 544 1000 euriae
572 947 817 1001 jussissent,
851 963 952 989 num
989 948 1029 989 id
1058 948 1227 1003 jussum
1260 958 1371 989 essct
1392 951 1560 990 ratum?
1590 959 1705 990 certe

271 1017 373 1043 non.
397 1003 499 1057 quid
525 1004 610 1045 ita?
641 1004 825 1059 qtliajus
849 1020 873 1045 a
895 1005 1130 1059 majoribus
1155 1006 1324 1055 nostris,
1344 1006 1416 1060 qui
1440 1020 1526 1046 non
1544 1006 1644 1047 ficte
1662 1015 1707 1047 et

273 1057 480 1101 fallaciter
506 1060 745 1116 populares,
768 1062 839 1102 sed
861 1076 957 1102 vere
978 1072 1021 1103 et
1052 1063 1264 1118 sapienter
1287 1062 1474 1113 fuerunt,
1496 1062 1557 1104 ita
1586 1078 1705 1105 com-

272 1125 468 1171 paratum
491 1127 569 1168 est,
594 1126 640 1158 ut
662 1118 768 1158 civis
795 1118 1017 1160 Romanus
1049 1119 1291 1160 libertatem
1325 1134 1451 1160 nemo
1483 1120 1619 1175 possit
1640 1121 1705 1161 in-

210 1179 261 1217 78
275 1173 386 1214 vitus
415 1174 625 1215 amittere.
688 1175 954 1227 Quinetiam,
988 1176 1022 1216 si
1056 1177 1286 1217 decemviri
1321 1187 1634 1218 sacramentum
1661 1177 1705 1219 in

137 1238 171 1269 Ρ·
188 1229 511 1271 229·libertatem
535 1231 741 1286 injustum
757 1233 1041 1287 judicassent,
1063 1243 1221 1282 tamen,
1241 1234 1596 1289 quotiescumque
1620 1234 1706 1275 vel-

228 1279 258 1300 ἃ·
272 1286 330 1327 let
351 1288 460 1342 quiS‚
483 1289 525 1328 in
550 1288 631 1329 hoc
654 1303 809 1344 genere
831 1290 920 1330 solo
946 1305 1032 1331 rem
1048 1290 1291 1345 judicatam
1310 1291 1464 1331 referre
1481 1306 1606 1346 posse
1629 1307 1704 1332 vo-

271 1343 455 1385 luerunt.
517 1345 751 1387 Civitatem
776 1361 874 1387 vero
905 1362 1030 1388 nemo
1065 1362 1267 1402 umquam
1299 1347 1385 1388 ullo
1415 1347 1563 1404 populi
1579 1348 1704 1402 jussu

188 1406 260 1453 30
273 1402 445 1441 amittet
467 1402 640 1443 invitus.
703 1404 791 1450 Qui
814 1405 929 1445 cives
966 1405 1152 1445 Romani
1176 1405 1274 1445 40in
1306 1404 1495 1446 colonias
1533 1405 1706 1446 Latinas

271 1458 670 1515 proficiscebantur,
699 1460 789 1501 fieri
822 1476 907 1502 non
942 1471 1142 1518 poterant
1173 1461 1330 1513 Latini,
1361 1462 1433 1518 qui
1467 1477 1552 1503 non
1586 1471 1708 1504 erant

271 1526 466 1557 auctores
488 1516 607 1568 facti,
629 1532 870 1573 nomenque
908 1518 1127 1560 dederant.
1189 1519 1277 1564 Qui
1307 1528 1428 1560 erant
1461 1534 1600 1560 rerum
1633 1535 1704 1561 ca-

269 1573 468 1628 pitalium
500 1574 790 1625 condemnati,
808 1590 891 1615 non
918 1577 1033 1631 prius
1056 1576 1167 1616 hanc
1191 1576 1410 1616 civitatem
1435 1577 1707 1628 amittebant,

267 1645 395 1685 quam
418 1641 540 1671 erant
572 1631 614 1671 in
647 1647 740 1672 eam
764 1633 939 1688 recepti,
960 1648 1046 1688 quo
1075 1633 1284 1682 vertendi,
1306 1633 1388 1675 hoc
1410 1643 1488 1684 est,
1507 1634 1703 1675 mutandi

269 1687 346 1728 soli
364 1703 493 1728 eausa
513 1701 729 1730 venerant.
755 1689 795 1730 id
815 1700 957 1730 autem
978 1699 1020 1730 ut
1042 1700 1152 1730 esset
1175 1690 1440 1741 faciundum,
1456 1705 1540 1731 non
1557 1691 1702 1732 adem-

268 1745 417 1799 ptione
436 1745 639 1797 civitatis,
663 1746 735 1787 sed
759 1747 876 1798 tecti,
907 1756 949 1787 et
971 1762 1093 1801 aquae
1116 1757 1160 1787 et
1182 1748 1293 1802 ignis
1317 1747 1618 1789 interdictione
1638 1747 1701 1788 fa-

205 1817 256 1854 79
269 1801 455 1843 ciebant.
518 1802 709 1858 Populus
735 1803 970 1854 Romanus,
996 1804 1044 1844 L.
1061 1803 1177 1844 Sulla
1198 1804 1410 1845 dictatore
1432 1804 1609 1855 ferente,
1629 1820 1703 1846 co-

270 1859 402 1899 mitiis
426 1860 693 1910 centuriatis,
715 1861 964 1916 municipiis
988 1861 1209 1902 civitatem
1232 1861 1416 1903 ademit:
1450 1862 1610 1902 ademit
1632 1862 1704 1903 iis-

269 1915 363 1956 dem
387 1931 527 1972 agrOS.
551 1917 603 1957 de
632 1918 745 1972 agris
782 1927 921 1958 ratum
956 1927 1044 1959 est:
1078 1918 1161 1958 fuit
1179 1919 1292 1958 enim
1318 1919 1465 1974 populi
1486 1927 1702 1975 potestas:

268 1973 321 2013 de
344 1974 534 2024 civitate,
557 1989 610 2014 ne
634 1975 795 2015 tamdiu
829 1975 1003 2030 quidem
1027 1975 1176 2025 valuit,
1197 1976 1400 2030 quamdiu
1435 1976 1506 2016 illa
1540 1976 1702 2017 Sullani

268 2031 473 2085 temporis
510 2046 627 2071 arma
663 2031 900 2073 valuerunt.
975 2031 1102 2073 Hanc
1138 2046 1237 2073 vero
1270 2033 1575 2084 Volaterranis,
1603 2048 1703 2075 cum

266 2087 397 2127 etiarn
419 2097 509 2127 tum
541 2098 683 2129 essent
706 2089 747 2128 in
772 2089 914 2139 armis,
943 2090 988 2130 L.
1013 2089 1131 2130 Sulla
1163 2090 1315 2139 victor,
1340 2090 1560 2146 republica
1583 2105 1703 2131 reeu-

266 2153 427 2198 perata,
451 2146 638 2185 comitiis
672 2147 939 2197 centuriati&
961 2146 1182 2187 civitatem
1218 2147 1380 2202 eripere
1412 2162 1495 2187 non
1531 2147 1699 2202 potuit:

265 2201 478 2256 hodieque
521 2202 786 2243 Yolaterrani
822 2219 906 2244 non
951 2204 1080 2244 modo
1110 2204 1239 2254 cives,
1274 2205 1346 2245 sed
1382 2205 1512 2245 etiam
1544 2205 1698 2260 optimi

262 2258 393 2309 cives,
432 2259 632 2299 fruuntur
664 2260 889 2301 nobiseum
932 2260 1058 2300 simul
1099 2261 1179 2301 liae
1221 2261 1410 2302 civitate.

301 2373 342 2402 36
366 2374 426 2402 nisi
441 2383 512 2402 eum
526 2383 588 2412 pro
598 2373 849 2412 pnpzllnjiwisli]
863 2374 959 2404 Acer-

258 2414 389 2444 bissime
406 2415 530 2445 (lictum
556 2417 588 2444 in
605 2416 767 2445 (lodium.
815 2417 958 2455 Respicit

258 2457 327 2495 ejus
341 2457 581 2487 clandestinum
608 2458 788 2496 ingressuri)
807 2461 837 2487 in
853 2468 958 2488 sacra-

259 2499 342 2528 rium
359 2500 459 2529 Boua·
476 2500 568 2536 Deae,
583 2501 635 2529 cui
658 2510 715 2539 pro
732 2501 853 2540 populo
870 2510 960 2531 saera

258 2541 391 2571 fiebant.

301 2587 337 2615 :37
366 2584 507 2618 Scilicet,
522 2594 594 2613 rum
614 2582 782 2623 hoejuris]
809 2583 872 2613 Μς.
891 2586 954 2614 Gu.

257 2627 313 2654 sed
325 2636 411 2661 cum,
430 2630 466 2655 ut
489 2625 566 2655 edit.
593 2636 639 2665 pr.
666 2627 761 2656 dunt.
786 2627 842 2655 sed
862 2627 955 2665 (mod.

259 2668 322 2696 δὴ]
339 2668 468 2706 quid-un
486 2668 518 2697 in
535 2668 687 2697 omnibus
703 2675 762 2698 est.
801 2668 955 2698 Ceterum

257 2711 362 2739 oratio
391 2718 437 2739 t-st
467 2709 622 2749 pende-ns,
653 2717 685 2739 et
719 2716 807 2740 earet
845 2720 956 2740 eonse-

256 2760 397 2789 quente:
423 2752 508 2790 quod
531 2753 631 2782 sensit
666 2752 864 2782 Lambinus:
899 2754 953 2791 qni

256 2794 379 2823 addidit
399 2799 500 2832 lerst
522 2795 667 2823 (sesiam-e
689 2796 766 2824 civis
788 2805 864 2830 ‹as-se,
880 2806 954 2825 eum

255 2838 287 2865 Ιι.
314 2837 407 2875 idque
424 2837 454 2865 in
473 2845 601 2867 textum
627 2838 760 2877 recepit.
809 2839 893 2868 Sane
909 2838 953 2866 si«-

1474 2260 1700 2303 Consulari

1003 2375 1172 2415 perspicua
1195 2375 1324 2405 omnia:
1349 2375 1404 2405 sed
1418 2381 1468 2405 est
1490 2374 1642 2406 audacius
1657 2376 1705 2406 fa·

1004 2423 1108 2446 etum.

1044 2462 1082 2489 38
1098 2460 1160 2489 nisi
1175 2461 1240 2498 ipse
1255 2458 1409 2498 auctor-f.
1422 2458 1462 2498 s.]
1483 2459 1502 2488 i.
1515 2469 1542 2489 e.
1558 2459 1618 2489 nisi
1633 2460 1702 2500 ipse

1002 2511 1199 2531 eonsensum
1211 2502 1374 2542 professus
1389 2502 1443 2531 sit.
1459 2501 1614 2532 similiter
1625 2512 1701 2532 mox

1000 2548 1062 2572 est.

1042 2589 1082 2618 :39
1105 2589 1141 2614 u!
1156 2585 1286 2626 insilio]
1311 2597 1340 2615 v.
1366 2586 1450 2616 Gell.
1472 2587 1514 2623 V,
1540 2589 1590 2620 19.
1616 2586 1702 2617 unde

1002 2633 1093 2666 patet
1111 2637 1176 2656 non
1197 2630 1346 2667 spurium
1362 2628 1423 2659 hoc
1446 2638 1527 2665 esse,
1542 2635 1581 2659 ut
1605 2628 1702 2659 Lani-

1001 2669 1080 2698 bino
1096 2669 1280 2699 videbatur.

1042 2714 1083 2741 40
1106 2713 1138 2740 in
1154 2713 1295 2741 colonias
1320 2711 1476 2752 Latinas]
1503 2713 1524 2742 i.
1549 2713 1582 2742 in
1603 2722 1702 2744 novas

999 2754 1156 2788 colonias,
1181 2754 1298 2792 quibus
1321 2754 1476 2794 adscripti
1500 2760 1632 2785 tantum
1643 2755 1701 2794 jus

1000 2796 1175 2825 latinitatis
1199 2795 1359 2826 haberent
1375 2808 1392 2825 e
1418 2798 1518 2834 Sem,
1546 2796 1584 2827 de
1609 2806 1701 2827 novoe

998 2840 1154 2877 cujusque
1171 2838 1406 2878 coloniaejure.
