1785 3185
550 146 894 185 PHILIPPICA
928 149 1173 188 OCTAVA.
1478 152 1574 188 1361

138 266 207 294 ωε
229 251 507 293 contentione
527 259 640 291 natae
662 258 776 291 sunt.
798 250 851 291 de
870 251 1069 306 proximo
1095 253 1204 293 bello
1218 253 1336 295 civili
1359 268 1445 296 non
1465 254 1576 296 libet-

135 310 303 350 dicere:
355 309 508 364 ignoro
549 321 748 348 causam:
800 307 988 348 detestor
1028 309 1210 350 exitum.
1272 311 1372 352 Hoc
1411 312 1564 353 bellum
1580 319 1614 366 3

140 367 339 421 quintum
362 365 487 405 civile
516 364 704 419 geritur:
736 368 884 419 (atque
913 364 1058 405 omnia
1090 365 1132 405 iu
1167 375 1356 408 nostram
1395 379 1604 422 aetatemg

137 423 415 473 inciderunt,)
439 422 623 477 primum
650 424 785 462 13non
806 422 934 463 modo
956 436 1042 462 non
1064 422 1107 462 in
1130 422 1393 464 dissensione
1417 435 1460 466 et
1482 427 1568 467 dis-

135 480 284 520 cordia
312 480 487 529 civium‚
518 479 590 519 sed
625 478 667 518 in
699 479 890 520 maxima
922 479 1218 530 consensione,
1242 481 1570 538 incredibilique

135 537 382 577 concordia.
406 550 553 577 omncs
589 536 699 576 idem
724 535 887 586 volunt,
922 537 1035 592 idem
1058 535 1312 588 defendunt,
1335 537 1447 578 idem
1474 554 1570 580 sen-

137 593 264 634 tiunt.
327 593 439 635 Cum
476 607 623 634 omnes
645 593 758 642 dico,
778 607 850 634 cos
881 594 1070 648 excipio,
1101 608 1207 648 quos
1236 609 1362 635 nemo
1391 595 1567 637 civitate

133 650 290 705 dignos
313 660 450 706 putat.
512 651 623 696 Quae
646 661 710 689 est
728 650 861 705 igitur
879 651 921 690 in
946 651 1103 700 medio,
1130 650 1224 691 belli
1246 666 1375 693 causa
1399 653 1566 707 posita?

133 721 212 747 nos
234 708 408 748 deorum
443 707 750 748 immortalium
785 706 959 762 templa,
996 721 1072 748 nos
1104 722 1263 759 muros,
1286 723 1363 749 nos
1385 711 1566 751 domici-

132 763 204 814 lia,
229 765 432 820 sedesque
460 764 606 820 populi
634 764 836 815 Rormani,
867 773 1056 819 penateS,
1080 779 1188 816 aras,
1211 765 1346 816 focos,
1371 767 1566 822 sepulcra

133 821 370 875 majorum:
404 836 482 862 nos
503 822 632 876 leges,
659 821 840 876 judicia,
865 822 1122 872 libertatem,
1145 822 1370 879 conjuges,
1393 824 1569 875 liberos,-

132 879 316 934 patriam
348 879 641 919 defendimus:
693 888 844 918 contra
876 878 943 918 M.
975 878 1192 920 Antonius
1226 880 1268 920 id
1301 881 1489 932 molitur,
1520 882 1564 923 id

129 946 310 991 pugnat,
334 946 381 976 ut
402 935 497 976 haec
518 935 664 976 omnia
684 937 918 990 perturbet,
940 945 1118 986 evertat,
1145 937 1334 991 praedam
1359 938 1564 993 reipubli-

130 1008 193 1034 cae
227 1007 399 1033 causam
442 991 537 1033 belli
580 1001 717 1048 putet,
751 992 944 1033 fortunas
980 1003 1145 1034 nostras
1179 995 1336 1050 parlim
1367 995 1562 1052 dissipet,

128 1050 285 1104 partim
309 1050 533 1105 dispertiat
555 1050 792 1105 parricidis.

132 1150 142 1156 Β
187 1106 236 1147 In
268 1106 349 1147 hac
385 1118 472 1147 tam
496 1107 653 1162 dispari
687 1107 853 1147 ratione
885 1107 998 1158 belli,
1028 1107 1310 1149 miserrimum
1344 1108 1447 1150 illud
1479 1115 1595 1162 est‚9
1623 1124 1627 1126 ·

127 1164 242 1218 quod
267 1164 336 1204 ille
358 1164 595 1204 latronibus
620 1163 704 1204 suis
727 1164 966 1219 pollicetur,
989 1165 1174 1221 primum
1198 1166 1374 1208 domos:
1409 1168 1558 1209 urbem
1572 1174 1602 1204 P·
1618 1166 1692 1196 “⁵³¹⁶-

126 1222 242 1261 enirn
266 1236 310 1261 se
330 1221 568 1262 divisurum
597 1221 844 1262 confirmat:
879 1222 1032 1262 deinde
1056 1223 1257 1264 omnibus
1288 1224 1441 1279 portis,
1473 1240 1559 1280 quo
1573 1218 1602 1238 ὃ·

128 1278 275 1329 velint,
310 1278 610 1320 deducturum.
633 1292 780 1320 omnes
812 1278 1058 1334 Caphones,
1091 1294 1239 1321 omnes
1271 1280 1417 1333 Saxae,
1446 1294 1561 1324 cete-

127 1348 272 1390 raeque
294 1344 449 1391 pestes,
473 1351 569 1391 quae
594 1345 829 1390 sequuntur
850 1335 1106 1388 Antonium,
1128 1337 1241 1378 aedes
1258 1337 1339 1379 sibi
1360 1339 1561 1395 optimas,

121 1390 288 1443 hortos,
312 1392 567 1443 Tusculana,
600 1392 769 1433 Albana
800 1393 1026 1434 definiunt.
1085 1393 1232 1450 Atque
1257 1395 1388 1435 etiam
1423 1397 1562 1438 homi·
1613 1407 1616 1410 ’

122 1463 197 1489 ncs
220 1460 423 1506 agrestes,
451 1454 485 1482 ¹4
499 1451 533 1491 si
555 1450 750 1490 homines
774 1449 848 1500 illi,
870 1463 920 1492 ac
942 1465 1028 1492 non
1051 1452 1236 1507 pecudes
1259 1452 1418 1507 potius,
1442 1454 1572 1504 inani,

122 1521 198 1561 spe
216 1508 266 1548 ad
291 1522 420 1562 aquas
443 1521 576 1563 usque
605 1516 648 1547 et
680 1506 883 1548 Puteolos
914 1510 1224 1563 provehuntur.
1286 1508 1403 1565 Ergo
1426 1510 1558 1555 habet

121 1563 354 1615 Antonius,
375 1566 491 1620 quod
515 1564 600 1605 suis
623 1564 888 1620 polliccatur.
951 1565 1067 1612 Quid
1094 1570 1202 1608 nos?
1233 1568 1442 1621 numquid
1474 1570 1558 1611 tale

120 1620 354 1662 habemus?
397 1622 469 1663 Dii
508 1622 699 1663 meliora.
735 1621 776 1662 id
810 1621 924 1662 enim
968 1623 1109 1679 ipsum
1148 1624 1332 1680 agimus,
1368 1639 1422 1665 ne
1459 1627 1555 1681 quis

119 1679 302 1734 posthac
323 1678 535 1734 ejusmodi
557 1679 792 1734 quidquam
824 1679 960 1735 possit
981 1680 1190 1736 polliceri.
1250 1681 1419 1724 Invitus
1441 1683 1555 1734 dico,

118 1736 192 1777 sed
215 1737 443 1778 dicendum
465 1745 544 1778 est.
568 1732 709 1777 Hasta
730 1735 931 1788 Caesaris,
965 1746 1106 1793 patres
1127 1739 1380 1795 conscripti,
1402 1741 1551 1782 multis
1582 1787 1586 1791 ,

120 1792 330 1849 improbis
354 1804 397 1835 et
418 1809 539 1851 spem
573 1793 711 1842 affert,
733 1803 778 1834 et
810 1794 1050 1836 audaciam.
1111 1795 1325 1837 Viderunt
1346 1798 1476 1848 enirn,
1498 1813 1554 1839 ex

119 1851 329 1892 mendicis
352 1851 443 1892 fieri
466 1861 641 1908 repente
661 1850 843 1892 divites:
877 1851 1022 1908 itaque
1054 1852 1222 1893 hastam
1249 1856 1284 1883 ¹5
1300 1868 1469 1913 semper
1493 1856 1555 1896 vi-

121 1907 220 1949 dere
242 1909 424 1964 cupiunt
457 1909 503 1960 ii,
524 1908 597 1964 qui
621 1908 777 1948 nostris
802 1908 925 1950 bonis
948 1909 1197 1951 imminent:
1229 1909 1385 1965 quibus
1407 1913 1555 1954 onmia

120 1965 351 2019 pollicetur
383 1966 615 2007 Antonius.
676 1964 793 2011 Quid
829 1969 930 2009 nos?
962 1967 1119 2008 nostris
1151 1968 1415 2009 exercitibus
1448 1970 1551 2026 quid
1570 1984 1618 2015 lo

118 2022 397 2077 pollicemur?
430 2023 567 2064 multo
590 2021 767 2063 meliora
799 2031 928 2076 atque
956 2024 1135 2079 majora.
1197 2024 1415 2066 Scelerum
1437 2028 1552 2068 enim

119 2080 362 2133 promissio,
387 2092 430 2121 et
452 2081 518 2131 iis,
537 2080 612 2136 qui
632 2089 902 2134 exspectant,
934 2081 1176 2136 perniciosa
1196 2091 1284 2133 est3
1316 2093 1360 2123 et
1381 2083 1447 2134 iis,
1476 2086 1549 2140 qui

117 2138 393 2193 promittunt.
454 2138 546 2179 Nos
580 2136 735 2178 nostris
767 2135 977 2178 militibus
1001 2138 1260 2189 libertatem,
1281 2140 1397 2194 jura,
1420 2141 1551 2197 leges,

108 2194 292 2249 judicia,
328 2195 555 2251 imperium
589 2192 705 2235 orbis
743 2202 882 2244 terrae,
903 2195 1177 2251 dignitatem,
1216 2210 1381 2252 pacem,
1410 2201 1548 2240 otium

113 2252 382 2307 pollicemur.
441 2251 622 2293 Antonii
646 2249 780 2306 igitur
801 2253 1024 2305 promissa,
1042 2262 1234 2304 eruenta,
1257 2262 1395 2307 taetra,
1418 2256 1549 2298 scele-

110 2319 218 2359 rata,
241 2310 323 2350 diis
346 2309 680 2365 hominibusque
703 2307 855 2363 invisa,
881 2324 959 2350 nec
981 2310 1197 2362 diuturna,
1220 2324 1300 2352 nec
1319 2312 1545 2357 salutaria:

110 2377 258 2408 nostra
299 2376 464 2418 contra,
502 2367 697 2415 honesta,
738 2365 920 2420 integra,
961 2367 1162 2423 gloriosa,
1199 2367 1326 2424 plena
1361 2369 1544 2422 laetitiae,

106 2424 234 2480 plena
256 2424 443 2480 pietatis„

106 2483 111 2489 '
166 2480 256 2523 Hic
288 2481 396 2523 mihi
424 2480 558 2526 etiam
592 2481 649 2528 Q.
672 2476 834 2531 Fufius,
857 2481 922 2523 vii·
954 2481 1078 2523 fortis
1113 2497 1163 2524 ac
1197 2492 1408 2536 strenuus,
1434 2463 1600 2568 ami-{1⁴1

156 2643 192 2672 13
216 2650 278 2671 mm
295 2642 385 2672 modo
400 2641 478 2681 non]
503 2640 621 2672 Addidi
633 2652 710 2673 cum
727 2643 804 2673 Mu-
847 2641 988 2672 homines
1012 2645 1090 2672 sunt
1116 2641 1178 2672 illi.
1215 2641 1327 2682 Huyd.
1348 2642 1377 2672 si
1403 2643 1543 2674 hominen

108 2688 181 2714 reto
206 2688 240 2713 et
268 2684 397 2714 Graevio
425 2683 567 2714 alterum
595 2694 658 2714 non
686 2696 704 2715 e
726 2686 803 2716 Vat.
847 2685 898 2714 itti
910 2685 1019 2723 potius
1033 2693 1132 2724 quam
1143 2684 1294 2724 pecudes.

106 2725 196 2762 Scio,
221 2736 286 2756 non
309 2725 390 2756 illud
412 2726 580 2756 interdum
601 2726 727 2766 omitti,
751 2729 804 2757 ubi
898 2729 931 2756 15
953 2736 1079 2766 semper
1094 2726 1245 2766 cupiunt]
1272 2727 1381 2758 Graev.
1402 2728 1545 2768 cupient.

110 2776 177 2797 non
201 2768 350 2806 sequitur
363 2778 404 2798 ne
417 2769 710 2808 quidem.v.Clav.
745 2770 807 2800 Sed
850 2768 931 2798 mihi
963 2768 1136 2808 vulgatum
1165 2769 1269 2807 magis
1304 2768 1423 2809 placet.
1457 2771 1542 2801 siout

110 2808 164 2839 hic
179 2809 291 2840 durius
304 2815 367 2846 est,
383 2820 443 2841 nec
458 2820 496 2841 ea
510 2811 615 2841 forma
626 2811 805 2843 obtruden-
849 2815 927 2840 ante
953 2816 1023 2840 est:
1048 2812 1145 2840 hasta
1171 2820 1260 2850 spem
1283 2809 1398 2851 qffert,
1422 2812 1468 2842 sic
1492 2812 1544 2842 bic

110 2851 164 2886 da,
181 2861 255 2881 cum
271 2852 348 2882 boni
365 2852 439 2882 libri
453 2858 571 2883 contra
585 2858 675 2884 sunt.
851 2857 927 2892 apte
945 2854 1074 2882 hastam
1088 2852 1197 2883 videre
1211 2853 1357 2892 cupiunt.
1394 2854 1447 2885 De
1462 2865 1543 2895 pra·e

159 2896 196 2931 14
217 2894 244 2924 si
269 2895 380 2933 huilli,
406 2905 446 2926 ac
471 2895 549 2936 non]
576 2895 643 2927 Ms.
670 2894 762 2927 Leid.
783 2895 810 2925 si
853 2896 940 2924 senti
956 2895 1113 2934 loquitur.

763 2942 890 2980 41³8
