1769 3174
228 115 327 150 1032
805 112 1066 152 ORATIO

229 215 525 270 imperatorias
561 216 704 258 laudes
738 231 763 257 a
794 232 925 273 puero
958 218 1158 260 videlicet
1190 226 1419 276 spectaras,
1443 219 1669 262 vehemen-

229 272 314 312 tius
338 273 584 315 invidebas:
616 277 656 305 48
672 273 722 314 C.
751 274 1000 326 Curionem,
1025 286 1277 333 perpetuum
1309 277 1476 319 hostem
1507 279 1668 334 impro-

228 330 382 370 borum
417 332 625 382 omnium,
660 340 878 372 auctorem
914 333 1076 388 publici
1107 334 1290 384 consilii,
1324 334 1520 376 libertate
1548 350 1667 376 com-

229 387 347 427 muni
373 388 531 428 tuenda
561 389 748 429 maxime
779 388 975 440 liberum,
998 405 1095 431 cum
1129 391 1215 431 filio
1240 391 1432 448 principe
1459 392 1666 447 juventu-

230 443 299 494 tis,
321 459 419 485 cum
451 445 671 500 republica
693 446 991 500 conjunctiore
1021 448 1166 499 etiam,
1190 462 1316 502 quam
1350 450 1404 490 ab
1437 450 1506 489 illa
1537 459 1664 490 aetate

165 511 214 543 25
229 501 534 556 postulandum
567 503 663 553 fuit,
686 502 824 542 delere
860 503 1056 544 voluisti:
1092 505 1140 545 L.
1167 504 1424 555 Domitium,
1447 506 1568 561 cujus
1600 507 1664 546 di-

228 558 370 614 gnitas
402 568 445 599 et
475 559 674 615 splendor
706 560 1051 615 praestringebat,
1083 561 1225 611 credo,
1255 563 1451 602 49oculos
1485 563 1663 613 Vatinii,

226 630 354 670 quem
389 626 432 656 tu
466 625 638 671 propter
660 630 888 657 commune
916 617 1061 657 odium
1094 619 1135 658 in
1169 619 1303 658 bonos
1327 619 1488 669 oderas,
1509 620 1548 659 in
1587 634 1661 674 po-

226 681 385 714 sterum
411 683 568 723 autem,
593 681 766 728 propter
788 674 978 714 omnium
1005 689 1138 729 spem,
1161 690 1256 730 qua:
1280 676 1331 715 de
1355 676 1425 716 illo
1448 687 1511 716 est
1533 685 1661 730 atque

224 739 330 780 erat,
362 740 460 770 ante
491 729 711 784 aliquanto
746 730 951 772 timebas:
986 731 1034 771 L.
1065 732 1293 772 Lentulum
1329 732 1442 773 hunc
1464 732 1660 788 judicem

224 796 433 836 nostrum,
459 787 676 827 flaminem
712 786 975 838 Martialem,
998 789 1112 842 quod
1144 799 1234 829 erat
1264 804 1314 829 eo
1348 799 1539 845 tempore
1570 789 1659 831 Ga·

226 844 332 884 binii
366 844 426 884 tui
459 844 734 899 competitor,
757 843 948 897 ejusdcm
974 846 1104 886 Vettii
1139 846 1298 886 indicio
1321 848 1562 902 opprimere
1586 862 1661 888 vo-

224 900 355 941 luisti.
417 903 457 931 50
469 901 557 947 Qui
581 901 612 941 si
640 910 729 941 tam
755 901 868 941 illam
900 902 1038 942 labem
1062 912 1310 958 pestemque
1333 904 1521 955 vicisset,
1544 904 1658 959 quod

222 957 262 998 ei
300 967 375 998 tuo
407 957 562 999 scelere
593 972 676 997 non
712 958 848 1009 licuit,
879 960 1120 1014 respublica
1143 960 1255 1001 victa
1278 975 1359 1001 non
1385 970 1507 1011 esset,
1530 960 1658 1016 hujus

223 1015 353 1055 etiam
386 1014 521 1055 filium
545 1014 695 1055 eodem
728 1015 887 1056 indicio
909 1025 950 1057 et
974 1017 1151 1057 crimine
1185 1018 1236 1058 ad
1272 1019 1402 1073 patris
1437 1018 1657 1059 interitum

223 1086 459 1128 aggregare
482 1071 680 1113 voluisti:
716 1072 763 1113 L.
789 1072 1002 1124 Paullum,
1023 1075 1095 1128 qui
1122 1084 1209 1114 tum
1234 1086 1422 1129 quaestor
1450 1075 1657 1116 Macedo-

222 1130 338 1170 niam
360 1129 600 1180 obtinebat,
622 1143 748 1183 quem
772 1130 938 1172 civem?
969 1145 1095 1184 quem
1121 1131 1284 1173 virum?
1316 1133 1387 1186 qui
1411 1132 1516 1172 duos
1541 1132 1657 1172 nefa-

223 1186 307 1226 rios
332 1186 482 1241 patriae
516 1186 771 1241 proditoreS,
792 1187 1051 1228 domesticos
1083 1188 1241 1238 hostes,
1267 1188 1430 1243 legibus
1453 1189 1657 1230 extermi-

221 1253 358 1294 narat„
390 1242 610 1284 hominem
643 1244 695 1284 ad
720 1245 1057 1285 conservandam
1088 1246 1395 1300 rempublicam
1427 1256 1589 1296 natum,
1613 1246 1655 1288 in

221 1301 334 1341 idem
359 1299 492 1340 Vettii
516 1300 738 1351 indicium,
755 1311 882 1356 atque
905 1302 946 1341 in
967 1302 1148 1342 eundem
1172 1302 1286 1343 hunc
1308 1317 1531 1343 numerum
1554 1318 1656 1344 con-

158 1362 209 1396 26
222 1357 426 1413 gregasti.
487 1357 606 1404 Quid
634 1372 716 1413 ego
745 1358 797 1398 de
828 1374 896 1399 me
926 1362 1104 1413 querar?
1136 1359 1209 1413 qui
1231 1361 1360 1400 etiam
1395 1360 1553 1415 gratias
1576 1360 1656 1401 tibi

222 1428 348 1471 agere
370 1414 522 1465 debeo,
543 1415 659 1470 quod
681 1429 749 1455 me
770 1430 823 1456 ex
848 1416 1177 1456 fortissimorum
1201 1417 1360 1457 civium
1393 1431 1569 1458 numero
1591 1431 1657 1458 se-

143 1471 166 1517 ]
185 1471 490 1528 [jungendum
522 1487 608 1513 non
639 1472 816 1528 putariS.
878 1474 960 1514 Sed
983 1473 1054 1528 qui
1079 1473 1161 1514 fuit
1192 1473 1260 1514 ille
1294 1484 1389 1514 tuus
1413 1483 1556 1514 tantus
1587 1473 1656 1515 fu-

222 1544 304 1580 ror,
329 1538 390 1579 ut,
411 1544 510 1570 cum
526 1529 621 1584 jam
647 1529 814 1570 Vettius
846 1531 898 1570 ad
930 1531 1153 1571 arbitrium
1185 1540 1307 1572 tuum
1340 1539 1589 1586 perorasset,
1611 1540 1656 1572 et

220 1586 409 1628 civitatis
440 1586 601 1627 lumina
631 1595 835 1636 notasset,
857 1587 1230 1644 descendissetque
1263 1588 1315 1628 de
1350 1588 1532 1639 Rostris,
1554 1603 1652 1630 eum

216 1651 393 1699 repente·
425 1658 660 1695 revocares,
692 1644 994 1700 colloquercre‚
1027 1646 1186 1700 populo
1222 1645 1420 1686 Romano
1452 1645 1652 1687 vidente?

215 1700 370 1741 deinde
418 1701 716 1756 interrogares,
757 1716 1016 1757 ecquosnam
1068 1702 1172 1742 alios
1219 1712 1363 1759 posset
1401 1703 1652 1744 nominare?

216 1761 251 1788 ⁵¹
269 1757 566 1809 inculcarisne,
590 1768 637 1799 ut
661 1758 711 1799 C.
738 1758 954 1810 Pisonem,
977 1773 1181 1814 generum
1203 1774 1359 1810 meum,
1384 1760 1646 1801 nominaret:

214 1815 289 1870 qui
318 1815 362 1855 in
393 1829 560 1857 summa
581 1815 708 1871 copia
728 1816 991 1872 optimorum
1023 1816 1373 1867 adolescentium,
1398 1817 1486 1873 pari
1511 1817 1651 1858 conti·

171 1876 202 1906 b·
216 1873 375 1923 nentia,
400 1872 571 1923 virtute,
594 1873 754 1929 pietate
784 1873 955 1928 reliquit
981 1874 1224 1914 neminem?
1255 1874 1444 1929 itemque
1476 1873 1543 1915 Μ.
1569 1874 1651 1915 La-

216 1938 440 1981 terensem,
462 1930 682 1971 hominem
705 1930 793 1971 dies
824 1941 952 1985 atque
982 1940 1130 1972 noctes
1152 1931 1203 1972 de
1234 1930 1355 1972 laude
1378 1942 1421 1971 et
1442 1931 1494 1971 de
1524 1945 1650 1987 repu-

215 1986 328 2027 blica
349 1988 644 2043 cogitantem?
677 1988 1028 2043 promulgarisne‚
1062 1987 1349 2044 impurissime
1378 1997 1421 2029 et
1451 1988 1650 2044 perditis-

215 2045 322 2085 sime
342 2044 494 2096 hostis,
516 2045 802 2100 quaestionem
825 2045 876 2086 de
899 2053 964 2085 tot
994 2044 1267 2100 amplissimis
1289 2054 1332 2086 et
1354 2045 1509 2087 talibus
1533 2045 1649 2097 viris,

213 2100 419 2142 indicium
454 2102 616 2153 Vettio,
655 2102 833 2158 praemia
869 2101 1159 2158 amplissima?
1190 2102 1345 2157 quibus
1380 2103 1520 2152 rebus,
1554 2117 1646 2143 om-

212 2159 333 2201 nium
375 2159 622 2203 mortalium
663 2174 749 2204 non
785 2159 1003 2204 voluntate
1047 2159 1119 2201 sed
1152 2159 1350 2203 convicio
1387 2159 1646 2216 repudiatis3

251 2319 293 2347 43
335 2316 367 2347 C.
402 2316 721 2349 Curionem—delere
759 2316 903 2356 voluisti]
993 2320 1029 2348 51
1054 2316 1283 2356 inculcarisne]
1309 2316 1343 2347 Si
1366 2316 1463 2347 lectio
1478 2316 1548 2348 haec
1570 2326 1647 2347 vera

210 2356 332 2389 Delere
360 2358 398 2389 de
426 2359 613 2389 hominibus
642 2359 778 2399 singulis
807 2361 908 2390 inter·
949 2366 1012 2396 est,
1028 2359 1150 2398 aliquid
1163 2359 1318 2389 exciderit
1336 2368 1464 2389 necesse
1480 2363 1542 2396 est,
1557 2359 1644 2389 unde

210 2400 368 2439 ficiendis,
413 2406 472 2432 aut
510 2401 648 2440 duobus,
685 2411 752 2432 non
787 2401 907 2433 dicitur
951 2401 982 2431 id
996 2402 1131 2431 verbum
1147 2401 1303 2441 pendeat:
1329 2410 1405 2431 nam
1423 2411 1497 2431 cum
1513 2408 1645 2432 antece·

210 2443 321 2481 vulgo.
949 2443 1100 2473 dentibus
1116 2453 1181 2473 non
1197 2443 1360 2473 colu-eret:
1386 2443 1440 2473 sed
1455 2443 1583 2474 videtur
1598 2443 1643 2474 le—

248 2487 290 2519 49
313 2487 417 2516 oculos
433 2485 572 2524 Vatinii]
601 2485 664 2515 Hic
691 2495 819 2525 quoque
846 2495 905 2516 no·
947 2485 1089 2524 gendum
1117 2486 1380 2524 inculcaresque:
1403 2486 1481 2522 sive,
1507 2496 1524 2516 e
1547 2486 1644 2516 vesti-

208 2536 284 2557 men
303 2527 428 2558 Vatz'm'c'
449 2528 578 2558 videtur
592 2528 732 2567 frigere:
758 2528 818 2558 nisi
841 2527 903 2558 hoc
947 2527 1008 2565 giis
1029 2527 1079 2558 ed.
1094 2527 1148 2557 W.
1164 2528 1345 2557 inculcare<
1367 2529 1466 2558 etiam
1480 2540 1489 2556 :
1514 2537 1590 2558 nam
1605 2538 1644 2559 ea

207 2569 241 2599 in
276 2570 462 2610 parenthesi
490 2570 617 2600 dictum
652 2570 841 2610 accipimus,
869 2576 903 2600 et
947 2569 1046 2599 habet
1082 2570 1260 2600 incula-aris
1294 2571 1407 2599 eliam.
1452 2570 1560 2600 Etiam
1588 2570 1639 2601 ed.

204 2611 297 2642 velut
322 2612 406 2649 aliis,
431 2622 497 2642 non
519 2612 653 2642 Vatinio
678 2612 816 2648 dictum,
844 2622 901 2652 per
943 2611 1038 2640 dunt.
1076 2611 1175 2641 habet
1204 2612 1315 2641 etiam.
1362 2611 1400 2641 In
1429 2612 1640 2651 sequentibus

205 2652 362 2684 ironiam:
388 2664 453 2693 quo
469 2655 602 2685 verbum
618 2655 710 2685 credo
724 2654 823 2684 ducit.
943 2652 1074 2691 quidem
1101 2658 1150 2683 est
1184 2655 1472 2693 promulgarisne:
1509 2654 1563 2684 sed
1595 2654 1638 2684 ibi

246 2698 286 2725 50
306 2696 376 2737 ‚Qui
397 2698 425 2726 si
447 2697 687 2727 tum—vicisset
703 2697 778 2736 &c.]
804 2706 849 2726 sc.
866 2696 900 2726 in
943 2704 1065 2725 novum
1091 2695 1223 2725 initium
1249 2700 1311 2731 est,
1338 2699 1372 2725 et
1401 2705 1450 2726 res
1478 2704 1574 2732 nova,
1601 2695 1640 2726 de

202 2738 364 2776 petitione
400 2738 612 2775 Consanum,
641 2744 680 2769 ut
714 2740 781 2778 ipse
811 2748 900 2769 crea·
943 2746 1007 2776 qua
1021 2739 1139 2777 quaerit
1155 2738 1288 2768 Cicero:
1314 2737 1377 2767 hoc
1400 2743 1511 2768 autem
1538 2738 1644 2768 mani·

201 2784 304 2817 retur,
335 2790 401 2810 non
431 2781 609 2811 Gabinius:
641 2781 696 2811 sed
725 2781 818 2811 malis
847 2791 898 2811 ar·
941 2780 1024 2810 feste
1059 2781 1203 2820 pertinet
1230 2780 1270 2811 ad
1298 2780 1498 2819 praecedens‚
1527 2786 1641 2820 estque

198 2822 285 2852 tibus
302 2822 429 2854 Vatinii
452 2824 576 2854 factum
599 2828 661 2861 est,
684 2826 723 2854 ut
738 2823 897 2856 Gabinius
940 2823 1009 2862 ejus
1025 2821 1144 2854 ultima
1160 2822 1334 2863 particula.

196 2869 375 2896 crearetur.
