1817 3169
313 92 411 128 1142
901 90 1146 130 ORATIO

305 207 423 243 canS,
458 201 843 235 commurmuratus
877 195 945 246 sit,
983 199 1009 218 “
1034 195 1163 237 Ratio
1198 194 1356 251 quidem
1388 195 1517 238 hercle
1550 203 1734 252 apparet,

305 253 331 272 ‘⁴
356 257 569 305 argentum
603 251 772 302 oi‘xewaf'
834 251 930 293 Hac
955 262 1000 293 tu
1024 254 1233 303 oratione,
1265 268 1350 294 non
1372 254 1538 304 dubito,
1558 255 1660 309 quin
1685 255 1732 294 il-

223 300 391 355 26111111
407 308 501 361 jam
524 308 852 349 adscendentem
884 310 926 350 in
957 324 1124 350 currum
1161 311 1295 365 possis
1327 325 1538 352 revocare.
1599 311 1639 352 O
1672 322 1732 351 te-

242 378 292 412 62
305 365 464 414 nebrae,
487 379 512 405 o
535 365 686 415 lutum,
708 380 733 404 o
757 366 913 415 sordes,
936 381 961 406 o
995 367 1155 421 paterni
1187 368 1352 422 generis·
1383 368 1529 417 oblite,
1553 368 1732 409 materni

305 421 379 462 vix
403 423 588 463 memor!
623 423 683 462 ita
705 422 848 463 nescio
877 423 979 478 quid
1015 424 1122 464 istuc
1154 423 1352 475 fractum,
1383 425 1555 473 humile,
1577 425 1731 465 demis-

302 492 410 527 sum,
434 479 667 529 sordidum,
697 478 874 519 inferius
907 480 1034 520 etiam
1070 490 1147 527 est,
1169 495 1297 534 quam
1331 490 1376 521 ut
1420 481 1731 522 Meclmlanensi

302 549 514 591 praecone‚
546 551 626 576 avo
660 545 747 585 tu0,
769 536 947 590 dignum
976 550 1065 576 esse
1100 536 1305 577 videatur.
1368 537 1415 578 L.
1442 538 1633 587 Crassus,
1657 538 1731 577 lio-

299 606 372 632 mo
394 592 732 647 sapientissimus
756 602 910 632 nostrae
933 592 1136 641 civitatis,
1158 593 1330 648 spiculis
1361 608 1494 649 prope
1521 605 1730 635 scrutatus

300 658 366 689 est
388 648 534 703 Alpes,
559 657 618 698 ut,
643 649 712 688 ubi
739 649 872 688 hostis
895 663 978 689 non
1001 658 1105 698 erat,
1132 650 1189 690 ibi
1223 651 1428 705 triumphi
1461 665 1628 691 causam
1656 651 1731 691 ali·

301 720 426 760 quam
452 714 683 759 quaereret:
716 705 863 746 eadem
894 706 1129 761 cupiditate
1154 707 1215 747 vir
1237 721 1402 747 summo
1425 707 1598 762 ingenio
1624 721 1731 762 prae-

300 763 430 811 ditus,
453 762 504 802 C.
528 761 673 812 Cotta,
697 762 812 803 nullo
843 773 959 802 certo
991 763 1127 813 hoste,
1150 764 1362 818 flagravit.
1414 767 1431 797 7
1450 763 1607 804 Eorum
1631 778 1733 804 neu-

301 827 366 859 ter
388 819 697 874 triumphavit3
729 819 841 873 qnod
876 819 994 860 alteri
1029 820 1143 860 illum
1178 821 1380 861 honorem
1415 821 1594 876 collega,
1613 820 1732 861 alteri

299 890 416 916 mors
437 876 611 916 ademit.
656 875 782 916 Irrisa
800 876 874 916 abs
899 885 939 915 te
962 876 1101 931 paullo
1123 888 1221 918 ante
1245 878 1311 917 M.
1329 877 1497 918 Pisonis
1519 877 1732 932 cupiditas

302 933 610 988 triumphandi,
630 947 654 972 a
675 947 759 987 qua
790 941 830 972 te
853 931 978 988 longe
1009 934 1154 974 dixisti
1189 935 1439 976 abliorrere:
1471 935 1542 989 qui
1566 934 1733 974 etiamsi

300 990 443 1032 minus
467 1004 669 1044 magnum
696 988 846 1030 bellum
868 1000 1070 1045 gesserat,
1089 1001 1136 1030 ut
1153 992 1228 1032 abs
1251 1001 1290 1032 te
1308 992 1470 1032 dictum
1494 1001 1571 1043 cst,
1591 1001 1733 1031 tamen

302 1046 432 1087 istum
456 1047 661 1087 honorem
684 1047 1043 1087 contemnendum
1079 1062 1161 1088 nou
1184 1049 1366 1103 putavit.
1426 1048 1488 1089 Tu
1513 1048 1732 1097 eruditior,

303 1118 432 1158 quam
455 1104 581 1154 Piso;
615 1104 877 1159 prudentior,
899 1119 1026 1159 quam
1052 1104 1206 1156 Cotta;
1238 1106 1523 1146 abundantior
1538 1105 1733 1154 consilio,

305 1160 496 1216 ingenio,
526 1161 748 1216 sapientia,
782 1176 910 1215 quam
942 1161 1133 1212 Crassus,
1166 1177 1215 1202 ea
1251 1163 1505 1212 contemnis,
1538 1177 1633 1216 quae
1673 1161 1732 1201 illi

241 1217 467 1268 63idi0tae‚
491 1226 538 1258 ut
569 1227 612 1258 tu
645 1217 846 1273 appellaS,
881 1219 1083 1274 praeclara
1104 1219 1334 1260 duxerunt.
1395 1219 1561 1266 Quodsi
1595 1232 1735 1275 repre-

303 1274 471 1326 hendis,
493 1274 608 1330 quod
630 1275 774 1331 cupidi
799 1274 951 1316 laureae
976 1275 1148 1325 fuerint,
1164 1291 1260 1317 cum
1287 1276 1394 1316 bella
1416 1286 1488 1316 aut
1511 1290 1640 1332 parva
1661 1284 1735 1316 aut

301 1331 418 1372 nulla
440 1332 693 1387 gessissent:
727 1342 786 1382 tu,
810 1333 938 1373 tantis
962 1333 1206 1374 nationibus
1229 1334 1432 1384 subactis,
1456 1333 1585 1373 tantis
1608 1333 1733 1373 rebus

302 1388 450 1444 gestis,
471 1389 648 1430 minime
669 1389 855 1429 fructum
887 1389 1079 1430 laborum
1113 1400 1298 1440 tuorum,
1326 1391 1501 1446 praemia
1526 1389 1734 1446 periculo-

301 1460 412 1496 rum,
435 1446 605 1486 virtutis
629 1447 814 1502 insignia
835 1456 1108 1488 contemnere
1127 1447 1327 1488 debuisti.
1351 1462 1487 1502 neque
1510 1461 1609 1487 vero
1631 1461 1735 1488 con·

303 1503 501 1553 temsisti,
525 1506 542 1534 8
558 1503 657 1544 lieet
678 1503 898 1544 Themista
918 1505 1165 1559 sapientior,
1187 1505 1219 1545 si
1243 1520 1290 1545 os
1323 1513 1441 1545 tuum
1466 1504 1648 1545 ferreum
1671 1517 1735 1544 se-

301 1569 427 1600 natus
449 1560 647 1601 convicio
672 1561 882 1601 verberari
906 1561 1093 1602 noluisti.

355 1616 456 1659 Jam
491 1617 622 1668 vides,
644 1617 988 1672 quandoquidem
1026 1620 1085 1659 ita
1119 1618 1316 1659 mihimet
1350 1617 1410 1659 fui
1442 1618 1656 1666 inimicus,
1688 1626 1735 1657 ut

300 1688 370 1714 me
393 1684 534 1715 tecum
557 1689 864 1730 compararem,
883 1684 926 1715 et
948 1676 1224 1731 megi-essum
1249 1685 1461 1724 meum,et
1480 1674 1734 1724 absentiam,

301 1741 345 1772 et
382 1732 565 1772 reditum
599 1732 659 1772 ita
689 1732 818 1787 longe
853 1742 927 1772 tuo
962 1733 1224 1787 praestitisse,
1248 1742 1295 1772 ut
1336 1732 1441 1772 mihi
1483 1732 1553 1772 illa
1590 1732 1736 1772 onmia

302 1789 588 1829 immortalem
621 1789 800 1844 gloriam
832 1789 1041 1840 dederint,
1065 1790 1142 1830 tibi
1174 1790 1474 1844 sempiternam
1505 1788 1736 1843 turpitudi-

241 1861 292 1895 04
305 1861 402 1886 nem
433 1846 684 1887 inflixerint.
746 1846 874 1887 Nune
904 1847 1035 1888 etiam
1066 1848 1109 1887 in
1148 1846 1227 1887 liae
1258 1847 1522 1900 quotidiana,
1551 1845 1735 1895 assidua,

253 1904 551 1958 b.urbanaque
593 1903 678 1944 vita
718 1902 986 1958 splendorem
1028 1913 1164 1953 tuum,
1204 1904 1400 1959 gratiam,
1442 1902 1734 1943 celebritatem

300 1960 596 2010 domesticam,
615 1975 789 2016 operam
821 1960 1048 2012 forensem,
1079 1961 1320 2011 consilium,
1342 1960 1564 2010 auxilium,
1587 1967 1736 1999 aucto-

301 2017 487 2067 ritatem,
509 2018 764 2058 sententiam
797 2018 1052 2059 senatoriam
1078 2018 1217 2068 nobis,
1239 2027 1326 2069 aut,
1350 2026 1396 2057 ut
1417 2017 1555 2058 verius
1578 2017 1734 2066 dicam,

218 2071 288 2127 27
303 2075 504 2130 cuiquam
536 2088 579 2116 es
616 2074 814 2116 10infimo
847 2090 896 2116 ae
929 2075 1273 2132 desperatissimo
1307 2074 1592 2116 antelaturus?
1623 2072 1752 2129 Age,>

343 2238 364 2269 7
388 2234 517 2266 Eorum
529 2239 644 2265 neuter
658 2235 832 2275 triumph]
858 2235 1000 2275 Elegan-
1041 2235 1126 2266 malo
1142 2236 1335 2275 digressum.
1365 2237 1464 2267 Recte
1481 2235 1664 2273 degressum
1681 2232 1735 2263 de-

301 2277 369 2308 tius
392 2278 519 2308 abesset
538 2287 660 2315 eornm,
678 2278 763 2317 qnod
785 2278 999 2317 glossatorem
1041 2279 1114 2308 dere
1139 2280 1342 2309 recentiores,
1374 2289 1448 2309 nam
1477 2278 1583 2307 abitus
1613 2275 1735 2306 intelli-

302 2320 398 2359 sapit.
1041 2321 1176 2359 gendos,
1193 2321 1246 2359 qui
1270 2330 1335 2350 non
1357 2327 1406 2351 est
1421 2322 1595 2358 digressus,
1611 2319 1666 2349 sed
1681 2318 1734 2348 de-

343 2364 361 2392 Β
378 2362 450 2391 licet
464 2361 630 2392 leemista
640 2363 827 2401 sapientior,
840 2362 867 2390 si
881 2372 912 2391 os
922 2362 995 2401 &e.]
1038 2372 1180 2400 gressus,
1195 2363 1345 2392 decessio.

298 2403 407 2434 Locus
421 2404 568 2440 vitiosus,
586 2405 671 2434 varic
687 2415 704 2434 a
719 2405 794 2433 viris
809 2404 912 2433 doctis
925 2409 997 2433 ten-
1087 2408 1122 2433 10
1144 2405 1256 2444 infimo
1270 2415 1308 2434 ac
1322 2403 1590 2444 desperatissimo]
1616 2402 1735 2443 Infima

298 2450 389 2476 tatus
415 2450 475 2475 est.
522 2445 700 2476 Lenissime
727 2446 894 2476 Graevins:
924 2447 997 2476 licet
1039 2456 1055 2475 e
1072 2446 1151 2476 Mss.
1173 2446 1286 2476 Fa'erni
1304 2448 1374 2485 jain
1399 2448 1520 2486 recepit.
1541 2446 1732 2481 Lambinus,

301 2487 364 2518 Th.
374 2497 443 2526 sap.
459 2488 502 2517 sis
513 2500 522 2515 .-
537 2498 569 2517 os
583 2492 675 2518 tuum
689 2491 746 2517 ἃς.
756 2487 860 2517 lenius
872 2487 992 2518 etiam:
1039 2499 1134 2527 quem
1149 2498 1274 2526 sequor.
1287 2499 1362 2518 nam
1374 2488 1735 2527 vulgataJtysz'rmissc'mo

300 2531 373 2560 lieet
391 2530 558 2560 Themista
580 2531 766 2569 sapientior,
782 2530 837 2559 sed
849 2540 881 2559 os
896 2533 919 2559 t.
937 2531 995 2559 ἃς.
1040 2530 1131 2560 nihili
1167 2537 1228 2560 cst.
1266 2540 1323 2570 pm
1358 2531 1612 2569 dustperacissimo
1648 2529 1733 2559 idem

299 2577 339 2602 ut
354 2572 476 2602 habent
493 2571 606 2601 Lamb.
627 2577 661 2602 ct
683 2571 867 2610 Alilusjun.
906 2570 994 2600 Deli-
1038 2572 1218 2602 Lambinus
1239 2582 1256 2602 e
1279 2574 1420 2611 vestigiis
1449 2573 1511 2602 Ma.
1529 2572 1657 2602 volebat
1678 2572 1732 2601 de-

301 2620 358 2653 gat
383 2613 496 2644 lector.
533 2613 803 2653 Etiamscrreum
830 2613 862 2644 h.
882 2613 905 2643 l.
931 2622 997 2643 non
1039 2615 1268 2654 spientim-imo:
1293 2616 1344 2644 eni
1367 2616 1411 2645 fax
1421 2620 1453 2645 ct
1477 2614 1539 2645 Ms.
1564 2615 1675 2644 Franc.
1697 2615 1732 2643 iu

300 2660 416 2695 aptum
431 2656 570 2686 videtur.
588 2665 663 2685 nani
687 2656 712 2685 si
725 2656 879 2695 jbrre'um
895 2661 943 2686 est
957 2666 998 2691 os,
1040 2667 1103 2695 qno
1118 2657 1371 2696 superscriptum
1396 2662 1465 2687 erat
1488 2657 1730 2696 despectissimo.

300 2706 367 2728 non
377 2699 497 2728 sentiet
512 2699 731 2728 conviciorum
745 2698 888 2734 verbera,
904 2697 999 2727 adeo-
1042 2699 1195 2728 Ceterum
1211 2699 1487 2738 desperatissimus
1502 2706 1550 2728 cst
1567 2698 1664 2728 homo
1679 2698 1733 2728 de-

300 2749 362 2778 que
385 2749 444 2770 nec
457 2740 599 2770 timebit..
646 2740 758 2769 Potuit
781 2739 896 2769 addere
911 2739 997 2778 glos·
1040 2745 1176 2780 sperata·
1192 2741 1351 2771 fortunae:
1376 2742 1432 2781 qui
1454 2750 1566 2773 sensus
1588 2741 1628 2771 ab
1658 2740 1729 2770 11.1.

298 2786 401 2818 flator,
415 2782 491 2821 quia
507 2781 699 2821 osserreum
713 2787 827 2822 aptum
842 2782 964 2812 Pisoni.
1041 2792 1107 2815 nou
1122 2789 1171 2813 est
1185 2782 1319 2814 alienus.

341 2827 362 2858 9
384 2824 573 2864 degressum
597 2834 639 2855 m.
669 2828 700 2855 et
725 2823 806 2864 aba]
837 2823 918 2855 Edd.
946 2833 995 2864 pr.
