1812 3147
494 125 613 164 PRO
645 124 877 163 ARCHIA
911 126 1118 165 POETA.
1451 131 1527 168 813

92 232 137 273 in
161 228 388 272 scribendo
417 237 459 270 et
482 229 652 294 copiam
682 243 770 269 non
800 228 1063 284 expetisset?
1116 229 1267 276 Quid?
1300 245 1324 271 a
1348 230 1405 278 Q.
1427 230 1589 280 Me-26

92 287 194 330 tello
227 287 322 338 Pio,
345 286 676 327 familiarissimo
708 300 800 337 suo,
830 287 903 340 qui
935 286 1112 327 civitate
1143 287 1300 328 multos
1332 288 1526 340 donavit,

90 359 231 400 neque
253 358 327 400 per
358 358 415 394 se,
438 358 576 398 neque
600 357 674 407 per
709 343 908 384 Lucullos
941 343 1285 399 impetravisset?
1316 345 1389 398 qui
1416 360 1527 399 prae-

93 401 237 443 sertim
264 415 395 464 usque
416 415 467 441 eo
490 401 542 441 de
564 400 650 440 suis
672 401 798 441 rebus
821 400 949 441 scribi
970 411 1162 456 cuperet,
1185 410 1232 440 ut
1262 402 1391 441 etiam
1416 401 1526 443 Cor-

91 459 218 500 dubae
243 459 353 498 natis
386 458 540 514 po'etis,
564 457 725 514 pingue
749 457 953 512 quiddam
977 457 1229 498 sonantibus
1253 467 1381 513 atque
1406 473 1523 513 pere-

91 516 278 571 grinum,
307 525 455 556 ‘tamen
486 530 607 556 aures
640 529 736 555 suas
767 514 954 555 dederet.
1017 514 1169 569 Neque
1200 515 1314 555 enim
1346 525 1410 555 est
1439 514 1522 556 hoc
1540 516 1602 562 11

90 572 462 623 dissimulandum,
483 572 598 628 quod
629 572 847 613 obscurari
877 586 963 613 non
980 581 1143 627 potest3
1174 571 1247 612 sed
1279 586 1368 628 prae
1397 572 1523 612 nobis

90 628 338 671 ferendum:
372 630 581 670 trahimur
602 643 750 670 omnes
772 629 907 670 laudis
931 629 1098 680 studio;
1131 637 1174 669 et
1195 629 1385 685 optimus
1407 630 1524 684 quis-

89 701 174 742 que
205 688 393 728 maxime
420 687 556 744 gloria
585 687 771 728 ducitur.
833 685 923 742 Ipsi
950 686 1010 726 illi
1042 661 1304 742 pliilosophi,
1335 688 1375 717 43
1392 686 1566 758 etiam}
1588 688 1656 719 ¹9¹

91 743 174 784 illis
204 743 371 795 libellis,
395 759 501 800 quos
533 744 584 784 de
615 744 930 785 contemnenda
960 743 1097 799 gloria
1127 744 1334 793 scribunt,
1365 738 1553 784 nomena

90 815 215 842 suum
239 801 502 843 inscribunt:
535 802 577 842 in
601 816 652 842 eo
674 802 785 858 ipso,
806 802 850 842 in
881 815 967 856 quo
960 777 1344 865 Opraedicationem
1370 800 1525 841 nobili-

91 867 311 913 tatemque
340 859 598 915 despiciunt,
621 859 845 914 praedicari
877 859 930 899 de
952 872 1010 909 se,
1032 871 1083 899 ac
1112 858 1327 899 nominari
1359 857 1524 900 volunt.

92 914 300 956 Decimus
326 917 513 981 quidem
553 916 728 968 Br,utus
761 930 952 957 summus
990 915 1059 956 ille
1095 915 1161 956 vir
1196 924 1241 956 et
1277 915 1588 970 imperat0r‚27

89 971 218 1023 Attii,
252 973 499 1014 amicissimi
531 973 611 1024 sui,
643 974 904 1014 carminibus
934 972 1247 1029 44templorum
1286 987 1336 1013 ac
1371 986 1526 1012 monu-

90 1039 334 1071 mentorum
374 1031 514 1072 aditus
547 1031 775 1072 exornavit
807 1045 997 1072 suorum.
1055 1030 1158 1072 Jam
1195 1044 1295 1072 vero
1335 1028 1418 1079 ille,
1451 1030 1526 1093 qui

89 1101 190 1127 cum
214 1087 386 1139 AEtolis‚
412 1087 552 1129 Ennio
575 1088 749 1139 comite,
772 1088 962 1138 bellavit,
985 1087 1176 1138 Fulvius,
1198 1102 1285 1128 non
1308 1086 1528 1128 dubitauit

92 1142 251 1184 Martis
281 1146 505 1186 manubias
535 1144 676 1186 Musis
711 1159 976 1187 consecrare.
1038 1145 1198 1196 Quare,
1231 1145 1275 1185 in
1306 1158 1391 1198 qua
1421 1144 1528 1184 urbe

91 1200 369 1257 imperatores
404 1217 538 1259 piope
570 1204 737 1254 aimati,
771 1203 998 1260 po‘etaium
1029 1216 1187 1243 nomen
1224 1211 1266 1243 et
1300 1200 1528 1241 Musarum

87 1258 268 1299 delubra
288 1259 528 1311 coluerunt,
552 1260 593 1300 in
616 1274 666 1300 ea
688 1275 774 1302 non
796 1261 956 1302 debent
978 1260 1117 1316 togati
1133 1259 1306 1314 judices
1328 1273 1353 1305 a
1376 1257 1528 1299 Musa-

89 1328 186 1356 rum
208 1315 371 1358 honore
393 1327 435 1358 et
457 1333 482 1359 a
503 1318 730 1373 poetarum
753 1318 888 1359 salute
909 1294 1152 1358 abhorrere.

148 1371 308 1428 Atque,
331 1384 378 1415 ut
398 1375 443 1416 id
464 1375 667 1415 libentius
690 1374 912 1426 faciatis,
894 1389 988 1430 Jam
1012 1389 1081 1415 me
1103 1373 1240 1423 vobis,
1255 1372 1441 1428 judiceS,
1464 1372 1590 1413 in-‘28

84 1429 262 1482 dicabo,
280 1441 323 1472 et
343 1432 396 1473 de
415 1447 511 1473 meo
529 1432 717 1487 quodam
735 1447 880 1474 amore
898 1431 1063 1488 gloriae,
1081 1431 1206 1471 nimis
1229 1430 1316 1471 acri
1336 1429 1531 1481 fortasse,

91 1498 388 1530 verumtamen
411 1489 606 1540 honesto,
630 1489 752 1530 vobis
774 1489 1030 1531 confitebor.
1092 1488 1221 1539 Nam,
1240 1502 1343 1543 quas
1366 1501 1430 1527 res
1453 1501 1531 1528 nos

91 1542 136 1584 in
158 1546 382 1587 consulatu
406 1555 552 1587 nostro
577 1547 799 1588 vobiscum
831 1546 957 1587 simul
988 1561 1064 1602 pro
1088 1545 1222 1586 salute
1256 1545 1383 1600 hujus
1416 1544 1533 1586 urbis

91 1611 221 1656 atque
253 1603 438 1668 imperii,
469 1613 513 1645 et
542 1618 620 1660 pro
652 1605 741 1644 vita
768 1605 949 1655 civium,
985 1617 1145 1659 proque
1178 1602 1376 1643 universa
1407 1616 1534 1657 repu-

90 1658 204 1700 blica
224 1662 450 1715 gessimus,
469 1661 618 1717 attigit
639 1661 711 1702 hic
731 1662 922 1703 versibus
945 1670 1074 1716 atque
1096 1660 1341 1702 inchoavit.
1375 1659 1533 1714 quibus

90 1716 263 1768 auditis,
285 1718 401 1773 quod
429 1718 537 1759 mihi
569 1733 726 1775 magna
748 1734 812 1760 res
834 1728 878 1760 et
904 1718 1100 1774 jucunda
1124 1719 1213 1758 visa
1232 1727 1311 1767 est,
1335 1716 1448 1757 hunc
1480 1716 1534 1759 ad

88 1773 400 1829 perficiendum
428 1780 468 1808 45
483 1776 678 1817 hortatus
710 1791 819 1818 sum.
880 1776 1055 1817 Nullam
1089 1775 1203 1816 enim
1237 1775 1370 1816 virtus
1404 1772 1532 1814 aliam

89 1833 330 1874 mercedem
358 1833 554 1874 laborum
586 1833 958 1889 periculorumque
987 1833 1214 1883 desiderat,
1236 1841 1392 1887 praeter
1423 1831 1536 1872 hanc

87 1890 226 1932 laudis
257 1898 300 1931 et
332 1890 507 1947 gloriae:
539 1905 625 1946 qua
656 1891 831 1946 quidem
860 1891 1066 1942 detracta,
1098 1889 1285 1946 judiceS‚
1321 1888 1424 1943 quid
1453 1897 1533 1938 est,

89 1948 239 2005 quod
229 1963 272 1989 1n
295 1949 378 1990 hoc
401 1961 488 1990 tam
509 1949 670 2005 exiguo
694 1949 795 1990 vitae
817 1947 1046 1999 curriculo,
1067 1957 1111 1988 et
1132 1957 1220 1987 tam
1243 1947 1378 2011 brevi,
1402 1945 1531 1986 tantis

89 2021 169 2048 nos
193 2021 233 2046 in
258 2005 475 2048 laboribus
498 2008 801 2048 exerceamus?
841 2006 986 2056 Certe,
1016 2005 1051 2046 si
1082 2004 1189 2045 nihil
1221 2004 1388 2044 animus
1422 1999 1594 2059 prae-29

92 2064 268 2105 sentiret
290 2065 334 2105 in
356 2073 590 2120 posterum,
611 2074 669 2115 et,
692 2065 741 2115 si,
763 2063 920 2120 quibus
948 2062 1198 2127 regionibus
1220 2062 1322 2101 vitae
1345 2061 1534 2125 spatium

87 2120 466 2178 circumscriptum
495 2131 574 2172 est,
596 2121 757 2162 eisdem
788 2135 936 2162 omnes
967 2119 1254 2174 cogitationes
1287 2118 1537 2158 terminaret

93 2192 214 2222 suas:
245 2193 325 2220 nec
348 2179 479 2220 tantis
510 2193 554 2219 se
584 2180 802 2220 laboribus
824 2178 1056 2234 frangeret,
1088 2190 1226 2240 neque
1249 2184 1314 2216 tot
1336 2175 1448 2215 curis
1472 2175 1535 2215 vi-

93 2235 293 2291 giliisque
336 2246 578 2293 angeretur,
614 2251 753 2301 neque
783 2235 910 2277 toties
922 2212 1005 2275 0de
1040 2234 1130 2275 vita
1162 2234 1255 2289 ipsa
1291 2232 1532 2274 dimicaret

90 2307 206 2335 nunc
228 2293 385 2334 insidet
405 2294 531 2349 quaed
536 2309 604 2334 am
628 2294 671 2334 in
694 2293 861 2350 optimo
883 2306 1055 2348 quoque
1085 2292 1235 2340 virtus,
1256 2305 1354 2345 quae
1385 2300 1534 2331 noctes

93 2359 138 2391 et
167 2351 257 2392 dies
291 2352 483 2392 animum
515 2351 665 2407 gloriae
695 2350 878 2392 stimulis
916 2349 1123 2399 concitat,
1155 2358 1285 2403 atque
1317 2347 1533 2398 admonet,

93 2421 180 2449 non
215 2423 314 2450 cum
345 2410 447 2450 xitae
481 2418 673 2464 tempoie
709 2423 799 2449 esse
830 2407 1133 2448 dimittendam
1160 2404 1535 2446 commemoratio-

96 2478 194 2507 nem
223 2467 410 2508 nominis
443 2467 594 2518 nost1i‚
627 2466 699 2507 sed
737 2479 836 2508 cum
868 2464 987 2506 omni
1016 2463 1269 2521 posteritate
1304 2461 1535 2515 adaequau-

135 2627 177 2657 43
198 2627 300 2657 etiam
318 2626 386 2656 illis
401 2625 528 2665 libellis]
551 2625 631 2661 Alii,
646 2628 685 2654 ut
699 2625 791 2654 Grae-
833 2626 963 2659 cantur,
978 2622 1111 2653 videant
1125 2620 1262 2651 studiosi
1277 2621 1311 2650 in
1328 2619 1438 2650 Clare.

94 2669 178 2704 vius,
200 2669 237 2698 in
256 2669 333 2699 illis.
378 2668 475 2698 Forte
496 2668 612 2698 melius
637 2667 738 2696 etiam
751 2668 792 2696 iis
875 2668 916 2696 45
931 2667 1080 2695 hortatus
1093 2663 1181 2703 sum]
1208 2664 1287 2693 uss.
1301 2662 1399 2692 multi
1413 2668 1447 2692 et
1460 2660 1534 2697 edd.

96 2711 226 2741 libellis:
242 2716 330 2741 certe
341 2711 404 2741 hoc
419 2710 603 2740 accuratius
614 2714 708 2739 estet
718 2719 792 2739 sua·
832 2707 888 2738 W.
905 2708 1001 2737 dunt.
1016 2707 1156 2737 lim-wari.
1180 2705 1326 2735 mirifice.
1371 2704 1449 2734 Non
1463 2710 1537 2742 pot·

97 2753 181 2789 vius,
195 2762 271 2782 cum
287 2754 336 2783 illi
351 2763 426 2782 mox
439 2752 650 2792 praecesserit.
834 2755 884 2779 est
912 2749 1067 2788 intelligi,
1093 2747 1257 2787 quomodo
1282 2747 1327 2776 sic
1355 2745 1536 2776 erraverint

138 2796 182 2825 44
216 2797 410 2834 templorum
440 2804 479 2824 ac
509 2797 793 2824 monumentorum
834 2791 972 2827 librarii,
1001 2792 1064 2821 nisi
1099 2789 1188 2820 aliud
1216 2789 1293 2828 quid
1320 2788 1439 2818 subest.
1484 2787 1537 2819 An

95 2836 246 2875 morum]
284 2837 324 2866 In
358 2836 419 2867 hac
446 2836 678 2875 conjunctione
718 2844 794 2864 cum
835 2838 907 2865 erat
923 2834 1085 2865 incitavi?
1105 2831 1194 2872 quod
1207 2839 1241 2861 et
1257 2831 1461 2862 numerosius
1474 2834 1537 2861 est

95 2879 292 2918 templorum
319 2877 480 2917 quomodo
509 2881 719 2909 monumenta
746 2876 794 2906 di-

155 2933 266 2963 VOL.
290 2935 346 2963 11.
370 2934 412 2965 P·
437 2934 492 2963 11.
776 2923 800 2959 3
825 2930 854 2957 H
