1812 3147
309 89 383 129 766
878 87 1130 126 ORATIO

309 190 464 245 querit,
496 205 580 232 non
615 191 749 231 solum
784 191 1193 248 reprehendendum,
1216 206 1363 234 verum
1394 192 1525 235 etiam
1546 193 1756 238 condem*

312 248 498 288 nandum
541 251 692 303 putas?
746 247 864 300 Doti,
904 250 1058 304 inquit,
1099 249 1268 291 Valeria
1309 250 1535 306 pecuniam
1577 266 1751 293 omnem

228 301 298 350 35
313 319 430 346 suam
454 306 636 346 dixerat.
696 305 816 346 Nihil
843 307 1020 347 istorum
1042 307 1248 362 explicari
1269 318 1424 363 potest,
1447 307 1527 348 nisi
1550 309 1751 351 ostende-

313 362 384 413 ris,
415 363 526 403 illam
560 363 602 403 in
633 363 765 403 tutela
797 362 937 404 Flacci
972 379 1056 404 non
1093 364 1236 404 fuisse.
1268 365 1301 404 si
1338 365 1434 415 fuit,
1464 380 1751 421 quaecumque

250 423 300 463 87
312 419 402 460 sine
434 420 515 461 hoc
546 429 719 460 auctore
749 429 814 461 est
835 420 950 461 dieta
972 421 1063 471 dos,
1086 421 1202 462 nulla
1221 430 1298 462 est.
1361 422 1442 462 Sed
1467 433 1609 462 tamen
1644 423 1751 464 Lur-

310 491 477 527 conem,
499 491 758 532 quamquam
781 492 857 532 pro
881 492 951 517 sua
975 478 1187 533 dignitate
1208 481 1248 509 48
1265 479 1506 519 moderatus
1529 489 1594 520 est
1618 480 1660 520 in
1685 488 1749 520 te-

308 534 513 574 stimonio
542 534 723 574 dicendo
757 534 953 589 religioni
987 550 1089 584 suae,
1114 546 1254 575 tamen
1288 536 1444 576 iratum
1481 535 1636 577 Flacco
1658 550 1751 578 esse

309 591 491 631 vidistis.
523 605 659 645 neque
683 591 797 632 enim
819 591 1054 632 occultavit
1077 606 1247 632 causam
1283 593 1513 634 iracundiae
1549 608 1653 644 suae,
1674 607 1749 634 ne·
1802 620 1812 648 1ι

309 662 393 703 que
416 649 673 689 reticendam
701 649 882 703 putavit.
927 650 1116 694 Questus
1139 658 1219 700 est,
1240 649 1440 690 libertum
1464 664 1603 702 suum,
1628 649 1751 693 Flac·-
1803 649 1812 689 '.

308 720 360 746 co
384 714 581 761 praetore,
604 719 693 745 esse
715 706 980 746 damnatum.
1014 706 1054 747 O
1077 707 1347 747 conditiones
1370 707 1544 747 miseras
1567 707 1752 749 admini-

309 763 576 804 strandarum
611 763 953 817 provinciarum!
993 763 1036 804 in
1070 763 1225 818 quibus
1261 764 1500 820 diligentia,
1535 763 1661 820 plena
1696 764 1753 805 si·
1799 788 1812 819 j¹·

307 819 534 860 uniltatum
566 828 653 860 est:
686 820 966 875 negligentia,
998 820 1389 876 vituperationum:
1424 822 1497 863 ubi
1531 822 1750 874 severitas,
1802 858 1809 867 ,,

308 877 545 933 periculosa
578 886 666 918 est:
709 877 953 928 liberalitas,
984 877 1172 932 ingrata:
1206 893 1358 929 sermo,
1389 878 1643 920 insidiosus:
1684 894 1752 920 as-

306 935 512 984 sentatio,
547 934 810 989 perniciosa:
844 934 961 975 frons
994 936 1202 987 omnium,
1237 935 1481 977 familiaris:
1515 936 1751 977 multorum
1799 941 1807 966 '=

306 992 488 1041 animus,
531 991 687 1033 iratus:
741 991 987 1042 iracundiae,
1028 991 1234 1034 oecultae:
1282 993 1518 1044 blanditiae,
1560 1002 1746 1050 apertae:
1804 1015 1810 1018 “

309 1049 525 1089 venientes
583 1057 788 1103 praetores
838 1058 1106 1105 exspectant,
1158 1051 1442 1106 praesentibus
1496 1050 1750 1102 inserviunt,
1797 1046 1800 1051 ’

307 1106 513 1146 abeuntes
552 1105 765 1146 deserunt.
827 1106 910 1147 Sed
943 1106 1192 1148 omittamus
1225 1107 1430 1162 querelas,
1465 1121 1517 1148 ne
1553 1117 1749 1149 nostrum
1796 1109 1800 1114 ”

308 1163 534 1204 consilium
564 1162 607 1203 in
639 1164 1017 1219 praetermittendis
1049 1165 1282 1220 provinciis
1313 1164 1485 1205 laudare
1514 1163 1748 1206 videamur.
1794 1182 1803 1228 ᾗ

245 1228 294 1260 88
310 1220 492 1261 Litteras
524 1220 642 1261 misit
671 1221 724 1261 de
754 1220 896 1263 villico
933 1221 983 1262 P.
1016 1221 1230 1277 Septimii,
1262 1222 1448 1262 hominis
1485 1222 1641 1272 ornati,
1673 1222 1749 1277 qui
1794 1237 1801 1274 i

175 1287 206 1317 Ρ·
225 1277 292 1307 ¹63·
311 1278 478 1319 villicus
499 1278 662 1318 caedem
686 1277 868 1319 fecerat:
904 1278 1162 1334 Septimium
1194 1279 1413 1320 ardentem
1440 1279 1662 1320 iracundia
1685 1280 1749 1320 vi·
1793 1290 1798 1327 t

263 1328 292 1348 Β·
306 1335 405 1376 dere
440 1335 655 1391 potuistis.
716 1335 767 1376 In
801 1335 1009 1377 Lurconis
1040 1335 1240 1377 libertum
1268 1336 1484 1391 judicium
1515 1351 1569 1377 ex
1603 1336 1748 1378 edicto
1793 1329 1801 1394 l

305 1393 437 1433 dedit.
471 1392 605 1432 hostis
627 1400 692 1433 est
725 1393 878 1434 Lurco.
941 1393 1058 1439 Quid
1089 1393 1247 1449 igitur?
1281 1394 1503 1434 hominum
1536 1393 1750 1449 gratioso-
1791 1401 1800 1454 ᾖ

305 1465 397 1491 rum
422 1450 826 1506 splendidorumque
845 1450 1007 1491 libertis
1030 1450 1113 1492 fuit
1136 1449 1240 1491 Asia
1263 1450 1493 1492 tradenda?
1525 1465 1577 1491 an
1602 1450 1749 1491 simul·
1791 1474 1795 1508 ι

307 1517 430 1557 tates,
454 1507 597 1548 nescio
620 1522 739 1562 quas,
761 1522 859 1548 eum
890 1508 1054 1549 libertis
1077 1508 1227 1549 vestris
1260 1508 1438 1549 Flaccus
1461 1509 1662 1549 exercet?
1693 1522 1749 1549 an
1790 1514 1796 1571 ξ

308 1566 428 1605 vobis
448 1565 489 1605 in
516 1565 665 1605 vestris
689 1575 1010 1621 vestrorumque
1033 1565 1169 1606 causis
1192 1566 1394 1607 severitas
1416 1565 1516 1606 odio
1535 1576 1623 1606 est:
1647 1579 1748 1605 ean-
1790 1575 1797 1601 ἰ

222 1617 293 1674 36
306 1623 401 1663 dem
425 1622 622 1673 laudatis,
644 1637 742 1664 cum
763 1623 816 1664 de
838 1623 962 1664 nobis
988 1623 1223 1677 judicatis?
1268 1622 1327 1663 At
1359 1623 1439 1663 iste
1460 1621 1624 1672 Andro,
1648 1637 1746 1677 spo·
1789 1639 1793 1674 ῃ

305 1681 431 1721 liatus
469 1679 604 1730 bouis,
637 1689 684 1720 ut
713 1680 871 1732 dicitis,
902 1680 1207 1721 addicendum
1231 1680 1524 1720 testimonium
1556 1694 1642 1720 non
1676 1694 1747 1720 ve·
1788 1695 1796 1717 ι

242 1752 290 1786 89
306 1738 384 1778 nit.
445 1737 579 1787 Quid,
611 1736 644 1777 si
675 1738 845 1779 veniat?
877 1736 1121 1778 Deci-sionis
1153 1737 1312 1778 arbiter
1335 1738 1387 1778 C.
1412 1736 1615 1778 Caecilius
1647 1735 1745 1778 fuit.

304 1810 390 1849 quo
431 1794 654 1851 splendore
697 1795 787 1836 vir?
829 1809 914 1850 qua
953 1795 1062 1836 fide?
1101 1810 1186 1850 qua
1218 1794 1452 1851 religione?
1491 1794 1744 1850 obsignator

304 1851 355 1892 C.
391 1852 611 1902 Sextilius,
652 1851 859 1893 Lurconis
893 1852 1048 1892 sororis
1085 1853 1211 1903 filius,
1247 1851 1376 1892 homo
1411 1860 1454 1892 et
1488 1851 1668 1907 pudenS,
1701 1860 1745 1892 et
1787 1880 1791 1910 3

301 1918 517 1960 constans,
540 1918 584 1949 et
616 1909 772 1965 gravis.
834 1909 879 1950 Si
912 1909 974 1949 vis
1000 1918 1103 1960 erat,
1133 1910 1166 1950 si
1190 1909 1319 1960 fraus,
1352 1909 1385 1949 si
1417 1918 1571 1959 metus,
1604 1908 1638 1948 si
1660 1907 1743 1950 cir·
1787 1927 1789 1962 ς

300 1966 600 2022 cumscriptio:
632 1967 727 2021 quis
751 1967 994 2022 pactionem
1019 1967 1125 2019 fieri,
1148 1967 1242 2022 quis
1265 1967 1411 2006 adesse
1441 1967 1545 2006 istos
1567 1965 1743 2021 coegit?
1785 1971 1789 2002 ἰ

303 2025 435 2074 Quid,
459 2025 492 2064 si
526 2023 604 2064 ista
624 2024 763 2064 omnis
794 2024 977 2079 pecunia
1008 2024 1107 2065 huic
1139 2022 1472 2074 adolescentulo,
1499 2023 1546 2063 L.
1572 2022 1756 2073 Flacco,

301 2081 467 2121 reddita
488 2084 579 2121 est?
611 2081 644 2120 si
670 2081 832 2136 petita?
864 2082 897 2121 si
922 2081 1119 2123 redacta?
1151 2082 1184 2121 si
1218 2096 1291 2137 per
1322 2080 1437 2121 hunc
1459 2078 1744 2130 Antiochum,
1785 2113 1787 2118 ,

302 2148 524 2195 paternum
549 2138 677 2192 liujus
699 2138 980 2179 adolescentis
1013 2138 1228 2189 libertum,
1252 2138 1340 2178 seni
1373 2137 1431 2178 illi
1466 2136 1621 2178 Flacco
1644 2151 1742 2192 pro-

303 2196 598 2236 batissimum?
632 2195 878 2236 videmurne
913 2210 998 2236 non
1034 2196 1169 2236 solum
1203 2195 1394 2237 avaritiae
1435 2194 1597 2235 crimen
1635 2193 1743 2234 effu·
1782 2215 1785 2247 ς

301 2267 415 2307 gere,
455 2253 526 2293 sed
565 2252 692 2292 etiam
732 2253 998 2294 liberalitatis
1037 2252 1204 2293 laudem
1243 2251 1410 2306 assequi
1454 2251 1743 2306 singularem?
1782 2264 1785 2302 j

301 2308 574 2350 communem
596 2310 707 2349 enim
735 2310 1029 2360 hereditatem,
1052 2325 1147 2365 quae
1182 2308 1403 2364 aequaliter
1432 2308 1484 2349 ad
1514 2317 1743 2363 utrumque
1782 2325 1784 2329 ’

300 2367 394 2423 lege
432 2368 630 2417 venisset,
663 2368 877 2407 concessit
912 2367 1186 2417 adolescenti,
1222 2366 1465 2423 propinquo
1500 2380 1601 2407 suo:
1634 2364 1745 2406 nihil
1780 2370 1784 2406 2

302 2424 392 2480 ipse
423 2424 572 2480 attigit
593 2424 646 2464 de
671 2423 905 2464 Valerianis
935 2425 1072 2465 bonis.
1106 2423 1221 2480 quod
1253 2432 1460 2464 statuerat
1491 2422 1646 2474 facere,
1669 2421 1744 2464 ad·-
1779 2448 1783 2477 3

299 2538 492 2577 probarunt,
509 2538 543 2567 P.
558 2537 729 2568 Manutius
744 2538 843 2568 etiam
862 2539 893 2567 in
911 2538 997 2569 notis
1081 2541 1121 2569 48
1146 2537 1330 2567 moderatus
1343 2541 1388 2566 es!
1402 2537 1554 2575 religioni
1569 2535 1649 2575 suff]
1676 2535 1744 2566 Im-
1778 2545 1781 2556 ·

298 2580 453 2620 explicat,
480 2583 638 2619 tanquam
677 2580 710 2608 in
738 2585 831 2609 textu
869 2581 997 2611 babeat.
1040 2590 1095 2610 mo
1122 2582 1179 2610 irre
1201 2580 1387 2609 moderatus
1412 2586 1462 2609 cst
1489 2579 1646 2617 religione
1670 2587 1743 2614 sua,
1778 2592 1780 2602 ι

298 2622 362 2653 Sed
396 2622 431 2652 in
468 2621 560 2652 nulla
587 2621 636 2652 ed.
666 2622 863 2653 Manutiana
887 2628 936 2653 est
963 2625 996 2652 in
1041 2632 1106 2652 non
1135 2622 1295 2660 religioni.
1349 2622 1437 2652 Nam
1474 2621 1637 2651 moderari
1666 2621 1744 2650 reli·
1776 2636 1779 2643 ·

297 2668 404 2695 textu.
449 2663 493 2694 At
508 2664 667 2694 Gruterus
683 2664 852 2703 vulgatum
877 2667 909 2696 in
928 2675 997 2694 om·
1037 2665 1127 2702 giomi
1154 2670 1204 2694 cst
1227 2674 1351 2700 cavere,
1379 2674 1418 2693 ne
1445 2662 1611 2701 religionis
1632 2661 1742 2692 studio
1776 2672 1779 2703 ᾗ

299 2706 395 2737 nibus
421 2706 500 2736 Mss.
527 2707 658 2746 reperit,
686 2707 831 2736 Graevius
859 2709 892 2737 in
918 2708 996 2741 suis,
1041 2706 1173 2736 modum
1190 2706 1382 2736 excedamus
1402 2706 1435 2736 in
1458 2705 1628 2744 aliquare.
1672 2704 1741 2734 Aut
1776 2705 1778 2714 '

299 2758 358 2778 nos
380 2749 414 2779 in
430 2748 536 2778 Guelt'.
561 2755 674 2787 estque
696 2749 729 2778 in
747 2748 817 2778 edd.
835 2757 913 2780 vett.
929 2759 998 2778 om·
1040 2749 1073 2777 in
1090 2749 1274 2778 moderatus
1288 2748 1404 2778 xitium
1420 2751 1482 2784 cst,
1498 2757 1555 2786 pro
1569 2756 1673 2785 eoque
1695 2745 1742 2776 le·
1776 2765 1777 2788 l

299 2791 405 2822 nibus.
449 2791 493 2820 Et
521 2791 602 2820 bene
639 2790 759 2821 (licitur
787 2793 999 2822 lifredi-tram»
1040 2790 1182 2828 gendum
1211 2791 1452 2830 obtemperavit,
1480 2790 1654 2824 obsecutus,
1683 2793 1742 2819 aut
1775 2790 1777 2801 ¹

300 2834 489 2874 relinquere.
535 2833 650 2872 Itaque
665 2833 785 2863 servavi
1039 2833 1160 2869 simile,
1175 2838 1234 2864 aut
1247 2833 1306 2863 ira:
1320 2843 1364 2864 m.
1381 2843 1411 2864 e.
1426 2832 1582 2870 religione
1595 2840 1667 2862 sua.
