1769 3174
367 112 443 150 DE
469 107 821 150 HARUSPICUM
847 107 1140 146 RESPONSIS.
1395 112 1467 148 901

17 213 219 264 -laudem,
240 229 339 257 cum
362 215 453 272 ipse
473 214 565 270 ejus
588 228 719 270 opera
743 220 786 254 et
807 212 1064 269 dignitatem
1085 221 1129 252 et
1150 209 1329 254 salutem
1351 227 1472 255 recu-

36 272 238 328 perarim‚
259 273 382 314 valde
413 281 478 314 est
498 271 709 326 iniquum.
770 268 959 319 Etenim,
980 278 1028 309 ut
1063 268 1113 310 P.
1136 268 1205 308 ille
1227 268 1373 325 Scipio
1397 272 1523 323 na-4

36 339 105 369 tus
127 329 235 370 mihi
271 329 437 370 videtur
468 329 520 370 ad
544 327 765 368 interitum
787 327 1055 381 exitiumque
1079 325 1376 381 Karthaginis,
1398 328 1472 382 qui

16 385 151 426 >illam
174 401 199 426 a
230 387 376 427 multis
404 384 734 442 imperatoribus
767 384 999 434 obsessam,
1022 392 1335 438 oppugnatam,
1358 384 1472 425 labe-

35 440 256 493 factatam,
280 457 404 499 paene
437 453 608 498 captam
641 441 887 496 aliquando,
908 440 1029 495 quasi
1060 439 1178 480 fatali
1213 450 1385 491 eventu,
1408 456 1476 481 so·

35 497 102 539 lus
123 500 301 541 evertit:
335 501 395 541 sic
416 499 466 541 T.
491 499 658 540 Annius
682 499 734 539 ad
766 497 880 539 illam
903 506 1067 553 pestem
1091 497 1475 552 comprimendam,

16 556 413 612 ¹exstinguendam,
449 556 642 598 funditus
675 555 899 596 delendam
937 566 1061 595 natus
1097 568 1188 594 esse
1218 553 1400 605 videtur,
1434 565 1475 595 et
1490 556 1610 594 p 245.

37 613 157 668 quasi
179 614 328 655 divino
349 628 524 655 munere
545 614 729 654 donatus
752 611 1014 668 reipublicae.
1076 610 1200 651 Solus
1223 611 1292 651 ille
1314 626 1476 666 cogno·
1489 627 1517 648 a.

37 670 116 721 vit,
138 671 497 725 quemadmodum
527 680 737 711 armatum
760 670 913 720 civem,
943 670 1015 724 qui
1044 668 1273 724 lapidibus,
1297 669 1369 723 qui
1394 670 1478 710 fer-

37 740 86 768 ro
118 727 223 768 alios
257 728 441 784 fugaret,
470 727 575 768 alios
608 726 724 768 domi
747 727 1001 774 contineret,
1031 727 1104 780 qui
1142 726 1292 766 urbem
1326 735 1477 777 totam,

34 784 111 839 qui
133 786 310 836 curiam,
330 785 402 840 qui
427 785 584 835 forum,
603 783 676 839 qui
694 783 854 839 templa
876 784 1020 823 omnia
1043 782 1161 823 caede
1184 783 1479 838 incendiisque

37 848 229 893 terreret,
254 844 290 873 12
303 857 389 883 non
422 842 552 883 modo
583 841 759 891 vincire,
782 855 927 881 verum
951 840 1082 881 etiam
1113 840 1284 881 vincere
1305 851 1478 895 oporte-

40 907 119 939 ret,
183 899 301 940 Huic
319 914 416 955 ego,
438 910 481 940 et
515 899 604 950 tali,
625 908 669 939 et
701 899 761 938 ita
794 898 846 938 de
878 912 960 948 ine,
991 912 1040 938 ac
1074 897 1127 937 de
1147 897 1287 952 patria
1324 899 1517 947 merit07

38 955 146 1007 viro,
179 971 413 1011 numquam
453 970 549 997 mea
583 955 801 997 voluntate
843 955 1087 1010 praeripiam
1113 969 1211 994 eum
1242 955 1480 1009 praesertim

38 1026 175 1064 reum,
196 1013 320 1068 cujus
343 1013 412 1054 ille
434 1012 684 1054 inimicitias
706 1027 792 1056 non
824 1012 960 1053 solum
989 1011 1178 1067 suscepit
1209 1021 1384 1067 propter
1417 1027 1482 1053 sa-

40 1067 175 1111 lutem
204 1085 360 1121 meam,
391 1085 539 1111 verum
574 1072 703 1111 etiam
737 1070 963 1125 appetivit.
1025 1069 1108 1109 Sed
1142 1069 1175 1108 si
1207 1069 1337 1109 etiam
1367 1084 1483 1110 nunc

0 1148 1 1182 i
39 1125 290 1182 illaqueatus
307 1127 401 1182 jam
431 1128 624 1168 omnium
655 1127 799 1183 legum
821 1126 1036 1182 periculis,
1059 1126 1248 1167 irretitus
1282 1126 1382 1167 odio
1408 1127 1483 1167 bo-

0 1218 1 1221 ,
39 1198 193 1226 norum
215 1185 424 1236 omnium,
446 1185 772 1241 exspectatione
795 1184 994 1240 supplicii
1019 1183 1153 1238 13jam
1175 1198 1262 1224 non
1281 1184 1485 1225 diuturna

32 1241 300 1297 implicatus,
324 1242 484 1284 feretur
518 1253 662 1283 tamen
685 1241 902 1292 haesitans,
925 1252 982 1292 et,
1005 1240 1048 1280 in
1070 1255 1139 1281 me
1171 1240 1382 1296 impetum
1404 1242 1484 1282 im-

41 1299 213 1355 peditus
249 1299 389 1341 facere
424 1300 677 1342 conabitur:
711 1299 919 1349 resistam,
953 1310 996 1339 et
1028 1307 1102 1339 aut
1124 1298 1388 1339 concedente
1409 1308 1484 1340 aut

41 1357 175 1397 etiam
198 1357 429 1412 adjuvante
453 1356 636 1408 Milone,
659 1356 751 1411 ejus
784 1365 989 1397 conatum
1011 1354 1209 1397 refutabo
1230 1372 1239 1397 :
1272 1356 1388 1397 velut
1408 1356 1483 1397 he-

38 1423 185 1455 sterno
207 1415 290 1465 die,
311 1428 407 1455 cum
430 1414 537 1455 mihi
563 1417 600 1444 14
614 1423 729 1454 stans
747 1413 907 1454 tacenti
923 1413 1171 1462 minaretur,
1190 1427 1296 1454 voce
1314 1422 1484 1455 tantum

40 1471 171 1526 attigi
213 1471 356 1528 legum
399 1470 572 1512 initium
611 1480 653 1512 et
687 1470 860 1526 judicii.
900 1470 1097 1511 consedit
1133 1469 1215 1510 ille.
1257 1471 1484 1512 conticuit.

45 1530 82 1558 15
100 1527 227 1569 Dicin
250 1529 446 1579 dixisset,
469 1529 719 1584 utjecerat:
754 1527 966 1578 fecissem,
989 1536 1034 1567 ut
1053 1527 1091 1567 ei
1112 1526 1255 1567 statim
1283 1528 1320 1557 16
1335 1529 1484 1569 tertius

41 1599 69 1625 a
94 1594 278 1640 praetore
311 1585 400 1626 dies
436 1584 662 1627 diceretur.
726 1588 760 1618 17
778 1583 923 1640 Atque
954 1584 1037 1625 hoc
1068 1584 1129 1625 sic
1161 1585 1419 1636 moderetur,
1441 1596 1486 1626 et

41 1642 220 1698 cogitet,
243 1643 277 1683 si
310 1651 537 1683 contentus
572 1643 627 1683 sit
658 1643 709 1683 iis
741 1642 985 1693 sceleribus,
1007 1656 1104 1697 quae
1138 1642 1370 1693 commisit,
1392 1657 1483 1683 esse

35 1697 129 1754 jam
152 1708 445 1740 consecratum
483 1699 669 1741 Miloni:
702 1699 735 1740 si
759 1699 873 1754 quod
898 1700 940 1740 in
979 1713 1046 1739 me
1072 1698 1202 1740 telum
1236 1699 1483 1751 intenderit,

42 1756 188 1797 statim
211 1771 279 1797 me
300 1771 390 1798 esse
415 1767 681 1813 arrepturum
706 1757 1103 1811 arinajudici01·um
1127 1766 1255 1811 atque
1274 1756 1433 1812 legum.

97 1812 232 1868 Atqui
264 1814 405 1870 paullo
439 1824 553 1865 ante,
585 1824 725 1870 patres
757 1814 1006 1869 conscripti,
1028 1814 1281 1854 concionem
1316 1815 1519 1864 habuit‚8

45 1885 143 1926 quae
165 1879 230 1911 est
251 1871 302 1912 ad
325 1885 394 1912 me
416 1882 507 1912 tota
529 1873 692 1913 delata:
718 1871 841 1926 cujus
861 1871 1084 1912 concionis
1109 1871 1293 1927 primum
1316 1872 1483 1913 univer-

42 1942 135 1968 sum
158 1938 458 1983 argumentum
481 1929 822 1983 sententiamque
844 1929 1002 1970 audite.
1025 1943 1124 1969 cum
1143 1929 1318 1969 riseritis
1342 1930 1482 1985 impu-

43 1984 233 2025 dentiam
256 1985 457 2036 hominis,
482 1995 571 2026 tum
594 2002 618 2027 a
638 2000 708 2026 me
729 1987 782 2026 de
805 1995 898 2026 tota
918 1986 1128 2027 concione
1154 1985 1351 2027 audietis.
1414 1984 1529 2036 De5

44 2041 340 2097 religionibus,
375 2044 503 2083 sacris
540 2053 585 2084 et
615 2043 877 2084 caerimoniis
911 2052 976 2083 est
1010 2043 1305 2093 concionatus,
1342 2052 1483 2100 patres

44 2099 293 2155 conscripti,
317 2099 520 2140 Clodius:
555 2099 606 2140 P.
629 2100 819 2156 inquam,
843 2099 1022 2141 Clodius
1045 2115 1164 2141 sacra
1185 2109 1228 2140 et
1255 2101 1485 2156 religiones

44 2155 222 2211 negligi,
246 2156 409 2207 violari,
434 2156 565 2213 pollui
588 2167 762 2212 questus
784 2166 863 2197 est.
886 2172 972 2198 non
996 2158 1167 2208 mirum,
1190 2158 1223 2198 si
1255 2158 1338 2199 hoc
1362 2158 1486 2199 vobis

45 2213 273 2254 ridiculum
295 2214 478 2255 videtur.
509 2214 640 2255 etiam
672 2229 747 2255 sua
768 2214 922 2255 concio
945 2215 1038 2255 risit
1068 2215 1305 2268 hominem,
1329 2219 1366 2247 12
1378 2230 1488 2272 quo-

91 2339 128 2368 12
148 2347 212 2367 non
227 2347 271 2367 m.
286 2339 420 2376 vincire,
436 2348 467 2369 zv.
485 2340 585 2370 etiam
600 2339 740 2378 vincere]

46 2379 99 2409 Sic
120 2390 137 2409 e
160 2379 239 2410 Mss.
254 2380 355 2410 edidit
376 2381 569 2418 Lambinus,
584 2387 622 2411 ut
644 2382 745 2412 etiam

46 2421 115 2451 sine
128 2421 216 2452 libris
232 2422 381 2460 debebat,
398 2423 485 2462 quod
508 2425 610 2454 miror
625 2424 744 2454 Grute-

46 2471 120 2493 rum
135 2468 168 2493 et
181 2464 260 2494 alios
275 2474 341 2494 non
357 2475 423 2495 esse
438 2472 577 2495 secutos.

94 2508 127 2535 13
140 2504 219 2545 jam
235 2517 298 2537 non
313 2507 488 2546 diuturna]
520 2509 622 2548 Cujus
637 2508 746 2539 exitus

48 2555 113 2577 non
131 2547 237 2578 multo
254 2556 323 2588 post
340 2550 414 2579 erit.

94 2591 130 2620 14
155 2593 257 2620 stanti
279 2591 401 2631 iacens]
440 2592 588 2621 Graevius
613 2592 748 2631 corrigit

47 2635 139 2661 stans
150 2634 282 2669 tacenti,
299 2638 398 2670 recte,
409 2637 447 2663 ut
461 2635 587 2673 opinor.
604 2634 749 2672 Sequen-

49 2672 97 2702 tia
129 2673 278 2704 firmant:
311 2676 450 2706 consedit
480 2677 547 2712 ille,
583 2678 746 2707 conticuit.

50 2713 183 2746 frustra
196 2715 358 2748 Fen-atius
369 2719 471 2748 stanti
483 2723 592 2748 tacens
604 2718 748 2749 defendit

96 2800 132 2828 15
155 2797 253 2830 Diem
269 2801 412 2838 dixisset,
426 2805 464 2831 ut
467 2800 615 2841 fecerat]
640 2802 749 2832 Sensit

52 2837 231 2872 Lambinus
259 2843 389 2880 vitium,
419 2844 474 2875 sed
501 2853 569 2874 non
594 2845 745 2875 correxit.

787 2339 924 2380 Scripsit
947 2339 1085 2369 Cicero:
1113 2344 1152 2369 nt
1163 2338 1306 2381 jecerat,
1322 2343 1360 2370 ut
1383 2341 1490 2372 mina-

786 2387 841 2411 tus
876 2389 958 2412 erat.
1004 2381 1172 2412 Correctio
1213 2383 1393 2412 necessaria
1427 2390 1488 2416 est.

788 2433 864 2454 nam
892 2424 1017 2454 clarum
1047 2428 1109 2460 est,
1139 2433 1205 2455 non
1235 2425 1351 2455 dixisse
1379 2435 1490 2457 revera

787 2465 885 2502 diem,
900 2466 955 2496 sed
971 2470 1104 2496 tantum
1125 2468 1289 2498 minatum
1304 2476 1382 2498 esse.
1427 2467 1490 2499 Re-

790 2508 858 2548 cepi
875 2519 963 2548 ergo.

839 2551 873 2580 16
895 2553 1011 2581 tertius
1033 2551 1113 2590 dies]
1139 2552 1161 2581 i.
1176 2562 1204 2581 e.
1228 2551 1415 2581 detulissem
1432 2561 1490 2580 no-

790 2602 866 2622 men
881 2593 967 2633 apud
982 2601 1156 2632 praetoreni
1171 2605 1177 2623 :
1202 2599 1276 2633 post
1290 2593 1489 2624 delationem

789 2635 906 2664 tertius
935 2635 1002 2665 dies
1028 2635 1160 2672 dieitur,
1183 2645 1247 2674 quo
1270 2635 1367 2671 adsit,
1397 2638 1490 2675 cujus

790 2686 911 2707 nomen
932 2677 1080 2707 delatum
1105 2684 1176 2708 est:
1200 2688 1300 2716 eaque
1328 2683 1378 2706 est
1403 2687 1492 2707 com-

790 2719 1027 2758 perendinatio.

836 2763 872 2794 17
895 2761 999 2800 Atque
1014 2763 1070 2791 hoc
1083 2762 1129 2791 sic
1142 2761 1339 2800 moderetur]
1357 2760 1491 2797 Vereor,

790 2807 828 2833 ut
843 2812 957 2833 verum
971 2804 1026 2833 sit.
1043 2813 1101 2833 nec
1117 2802 1278 2841 intelligo.

836 2847 872 2876 la
894 2846 1046 2885 quomodo
1068 2847 1132 2886 ipse
1151 2846 1293 2883 gloriari
1315 2846 1405 2885 solet]
1429 2845 1493 2877 Re-
