1817 3169
581 134 645 172 IN
672 133 717 172 L.
744 133 1024 172 PISONEM.
1420 132 1517 169 1133

91 239 208 282 nullo
232 237 394 294 pudore
425 237 554 279 fuisse
584 237 628 278 in
661 236 815 278 litteris
844 236 1081 286 mittendis,
1112 236 1273 278 amicos
1295 242 1392 278 tuos
1423 233 1518 290 plus

89 297 289 338 habuisse
321 305 364 335 et
394 295 566 352 pudoris
587 304 629 335 et
653 293 836 346 consilii,
858 308 986 349 quam
1020 302 1094 333 aut
1124 302 1166 333 te
1187 293 1319 333 videri
1352 293 1517 349 puden-

89 354 241 394 tiorem
266 352 409 403 fuisse,
432 367 559 408 quam
591 351 713 402 soles,
743 360 817 391 aut
847 360 968 391 tuum
1004 349 1163 390 factum
1194 363 1278 390 non
1301 363 1390 390 esse
1412 363 1515 389 con-

86 410 333 451 demnatum
351 409 519 464 judicio
542 409 793 450 amicorum.
855 407 1020 454 Quodsi
1052 421 1138 447 non
1162 407 1245 446 tuis
1275 405 1448 446 nefariis
1471 406 1512 446 in
1526 407 1578 439 40

87 466 203 508 hunc
233 467 426 508 ordinem
451 465 722 507 contumeliis
755 466 795 505 in
826 475 1078 521 perpetuum
1111 463 1189 504 tibi
1214 463 1375 503 curiam
1407 477 1515 517 prae-

86 523 307 565 clusisses:
340 524 440 578 quid
467 524 638 564 tandem
661 534 751 564 erat
773 533 931 573 actum,
954 532 1026 562 aut
1058 531 1226 577 gestum
1259 520 1301 560 in
1327 518 1397 559 illa
1421 533 1518 573 pro-

87 581 243 631 vincia,
265 581 318 621 de
339 596 425 636 quo
447 581 498 621 ad
524 590 715 621 senatum
739 581 886 620 6·'›cum
917 579 1202 634 gratulatione
1224 577 1367 632 aliqua
1388 576 1517 616 scribi

86 638 163 679 abs
195 648 235 678 te
266 640 512 693 oporteret?
544 638 715 678 vexatio
742 637 1042 678 Macedoniae?
1074 650 1123 675 an
1149 634 1406 690 oppidorum
1431 642 1518 673 tur-

88 695 155 751 pis
177 695 378 736 amissio?
409 710 462 735 an
495 696 708 736 sociorum
731 695 944 749 direptio?
975 708 1026 733 an
1060 707 1257 748 agrorum
1283 689 1517 746 depopula-

89 752 181 793 tio?
212 766 265 793 an
287 752 328 782 66
341 752 524 792 munitio
539 751 882 792 Thessalonicae?
906 765 956 790 an
981 750 1171 791 obsessio
1193 748 1388 789 militaris
1414 747 1517 788 viae?

89 823 142 850 an
165 809 378 851 exercitus
410 809 542 849 nostri
575 808 786 859 interitus,
810 807 936 858 ferro,
960 807 1086 857 fame,
1110 806 1285 862 frigore,
1316 804 1517 860 pestilen-

89 867 176 908 tia?
207 865 272 907 Tu
294 881 408 916 vero,
430 867 502 920 qui
535 866 587 906 ad
618 876 811 906 senatum
843 864 948 905 nihil
979 864 1221 919 scripseris:
1255 871 1300 902 ut
1335 863 1377 902 in
1414 862 1516 902 urbe

88 923 268 978 nequior
289 923 486 963 inventus
509 937 567 973 es,
586 937 713 978 quam
734 921 962 972 Gabinius,
982 922 1042 962 sic
1066 922 1106 961 in
1132 918 1353 976 provincia
1373 918 1515 974 paullo

88 989 245 1030 tamen,
268 994 395 1035 quam
420 980 501 1030 ille,
524 980 760 1020 demissior.
803 979 916 1020 Nam
940 978 1007 1019 ille
1030 992 1185 1034 gurges
1206 986 1335 1032 atque
1357 975 1573 1027 helluo‚41

87 1045 212 1078 natus
242 1036 461 1077 abdomini
493 1051 584 1087 suo,
617 1052 699 1077 non
735 1036 846 1077 laudi
881 1046 1008 1090 atque
1043 1035 1206 1091 gloriae,
1229 1048 1327 1075 cum
1349 1035 1514 1089 equites

87 1093 308 1135 Romanos
331 1094 372 1134 in
399 1094 632 1149 provincia,
648 1108 746 1134 cum
772 1093 1036 1149 publicanos,
1056 1094 1283 1133 nobiscum
1300 1100 1343 1132 et
1367 1090 1516 1131 volun-

87 1160 175 1192 tate
205 1161 248 1192 et
277 1151 490 1206 dignitate
519 1152 789 1206 conjunct05‚
812 1164 959 1191 omnes
994 1149 1191 1199 fortunis,
1224 1149 1382 1189 multos
1403 1147 1519 1188 fama

86 1209 260 1264 vitaque
282 1209 504 1264 privasset,
526 1223 622 1249 cum
646 1209 803 1264 egisset
827 1207 940 1247 aliud
961 1207 999 1240 67
1016 1207 1120 1247 nihil
1146 1207 1187 1247 in
1211 1205 1283 1247 illo
1306 1205 1515 1256 exercitu,

85 1266 167 1307 nisi
199 1275 246 1306 ut
276 1266 402 1306 urbes
431 1265 776 1322 depopularetur,
804 1279 928 1320 agros
953 1273 1150 1311 vastaret,
1172 1263 1418 1304 exhauriret
1439 1263 1516 1303 do-

83 1337 193 1373 mos,
215 1337 340 1364 ausus
363 1331 426 1363 est
447 1323 569 1377 (quid
592 1323 706 1363 enim
737 1322 806 1362 ille
829 1336 913 1362 non
944 1322 1117 1362 auderet
1133 1323 1165 1372 ἓ)
1187 1336 1212 1361 a
1233 1330 1381 1360 senatu
1413 1334 1513 1375 sup-

84 1379 362 1435 plicationem
385 1393 458 1435 per
479 1380 638 1420 litteras
662 1379 890 1436 postulare.
951 1378 991 1420 O
1011 1380 1066 1419 dii
1093 1378 1376 1419 immortales!
1411 1386 1512 1417 tune
1530 1370 1596 1420 18

85 1437 231 1487 etiam,
263 1447 390 1492 atque
422 1436 528 1477 adeo
561 1452 651 1488 VOS,
684 1436 868 1492 geminae
895 1436 1119 1491 voragines
1153 1435 1402 1490 scopulique
1432 1435 1514 1474 rei-

85 1494 287 1550 publicae,
311 1508 386 1534 vos
420 1508 560 1535 meam
591 1494 808 1534 fortunam
839 1493 1106 1549 deprimitis?
1139 1503 1319 1534 vestram
1344 1491 1515 1532 extolli-

87 1551 171 1592 tis?
201 1565 296 1591 cum
328 1551 380 1591 de
414 1565 481 1591 me
511 1566 560 1592 ea
587 1554 955 1593 senatusconsulta
988 1551 1164 1591 absente
1195 1549 1310 1590 facta
1332 1550 1430 1599 sint,
1453 1563 1515 1589 eae

85 1609 315 1649 conciones
339 1608 515 1659 habitae,
540 1608 573 1648 is
598 1619 737 1649 motus
761 1608 889 1648 fuerit
911 1607 1243 1664 municipiorum
1264 1617 1307 1647 et
1328 1605 1518 1647 colonia-

83 1680 178 1706 rum
201 1665 409 1716 omnium,
432 1679 481 1705 ea
512 1666 683 1706 decreta
714 1665 1056 1721 publicanorum,
1078 1679 1128 1705 ea
1148 1663 1443 1719 collegiorum,
1465 1677 1517 1703 ea

84 1722 269 1778 deniqne
290 1736 494 1778 generum
518 1723 800 1777 ordinumque
823 1723 1031 1772 omnium,
1054 1736 1150 1777 quae
1173 1735 1254 1777 ego
1278 1735 1361 1761 non
1386 1720 1514 1761 modo

84 1789 233 1836 optare
265 1794 499 1834 numquam
529 1780 742 1830 auderem,
775 1779 847 1820 sed
869 1780 1060 1835 cogitare
1093 1794 1178 1819 non
1210 1779 1407 1834 possem?
1440 1792 1514 1817 vos

82 1847 225 1878 autem
249 1838 527 1893 sempiternas
550 1836 801 1878 foedissimae
827 1836 1104 1893 turpitudinis
1127 1844 1248 1876 notas
1272 1835 1560 1876 subieritis3b-

83 1893 154 1934 An
176 1908 272 1948 ego,
304 1893 336 1933 si
372 1902 412 1933 te
440 1903 483 1933 et
506 1894 740 1935 Gabinium
763 1895 880 1934 cruci
916 1894 1094 1934 suffixos
1126 1892 1327 1942 viderem,
1351 1892 1575 1947 majorem

84 1950 275 1992 afficerer
297 1949 448 1991 laetitia
469 1966 522 1991 ex
545 1952 735 2007 corporis
760 1951 886 1991 vestri
917 1951 1187 1999 laceratione,
1209 1950 1248 1979 68
1263 1963 1388 2004 quam
1421 1949 1515 1989 affi-

84 2008 176 2048 cior
193 2022 250 2048 ex
273 2006 424 2049 famae?
459 2007 635 2049 Nullum
656 2019 721 2048 est
743 2007 999 2065 supplicium
1026 2007 1278 2063 putandum,
1295 2021 1380 2061 quo
1397 2006 1512 2047 affici

84 2079 185 2106 casu
207 2065 350 2119 aliquo
373 2065 501 2105 etiam
530 2066 630 2106 boni
653 2065 733 2105 viri
756 2064 972 2120 fortesque
1005 2075 1196 2120 possunt.
1255 2064 1400 2118 Atque
1430 2063 1514 2104 hoc

83 2121 256 2177 quidem
289 2122 417 2162 etiam
451 2122 520 2162 isti
555 2122 615 2162 tui
649 2122 800 2163 dicunt
821 2121 1065 2177 voluptarii,
1090 2121 1260 2162 Graeci:
1292 2134 1399 2175 quos
1429 2120 1514 2163 uti-

84 2194 182 2220 nam
205 2179 265 2220 ita
286 2179 469 2230 audires,
494 2188 541 2219 nt
560 2189 680 2220 erant
705 2178 929 2220 audiendi!
964 2192 1197 2234 numquam
1221 2187 1262 2218 te
1285 2177 1328 2218 in
1353 2186 1418 2218 tot
1439 2178 1513 2218 fla-

83 2236 191 2292 gitia
213 2236 536 2293 ingurgitasses.
596 2236 758 2277 Verum
787 2235 908 2277 audis
931 2235 973 2276 in
999 2236 1289 2292 praesepibus:
1321 2235 1441 2276 audis
1474 2235 1517 2276 in

81 2384 150 2406 esse
179 2376 270 2406 haud
294 2378 369 2414 scio,
397 2382 620 2409 utrum—an.
651 2387 700 2408 res
728 2381 778 2408 est
822 2376 956 2407 verbum
974 2376 1082 2407 deesse
1104 2376 1264 2417 putabat:
1288 2379 1398 2416 potest
1420 2373 1521 2406 intel-

83 2417 225 2448 evidens.
821 2418 878 2458 ligi
904 2419 1058 2456 munitm,
1074 2429 1147 2459 quae
1167 2418 1410 2450 Thessalonicae
1432 2418 1520 2449 faeta

124 2460 164 2490 65
189 2470 263 2492 cum
285 2463 511 2500 gratulatione
534 2462 647 2501 aliqua
667 2460 777 2500 scribi]
822 2466 885 2492 est.

86 2501 138 2532 Ita
163 2503 271 2540 scribi,
296 2509 335 2534 ut
360 2504 482 2544 gratias
504 2513 616 2543 ageres
641 2503 700 2534 diis
722 2513 780 2543 pro
865 2504 904 2537 67
919 2504 1004 2534 nihil
1014 2504 1049 2533 in
1062 2504 1117 2533 illo
1131 2501 1289 2542 emere-itu]
1309 2502 1454 2533 Faenius
1465 2501 1521 2532 de.

84 2552 234 2574 successu
255 2545 355 2582 felici,
371 2555 468 2585 atque
491 2546 566 2575 inde
589 2546 727 2585 peteres,
742 2551 781 2576 ut
823 2545 871 2576 let
895 2547 951 2577 in.-
974 2556 1048 2576 mox
1075 2555 1134 2585 pro
1160 2545 1296 2575 auderet
1323 2544 1436 2575 scribit
1460 2554 1520 2574 au-

85 2585 263 2624 gratulatio
277 2588 349 2618 Diis
371 2588 502 2628 publica
516 2588 745 2618 decerneretur
759 2599 779 2618 a
821 2588 907 2618 deae.
923 2594 1098 2627 utrumque
1111 2588 1192 2617 bene
1205 2587 1316 2617 habet.

85 2632 214 2658 senatu.
229 2635 326 2668 atque
340 2631 387 2661 ita
403 2630 530 2660 videtur
550 2630 675 2660 factum
690 2631 724 2660 in
739 2630 779 2660 li·
864 2631 903 2660 68
918 2640 1017 2670 quam
1040 2628 1166 2670 afficior
1179 2639 1220 2659 ex
1241 2627 1398 2668 infirmia]
1423 2627 1521 2658 Faer—

84 2669 164 2698 teris
177 2670 308 2701 talibus.
824 2682 884 2702 nus
905 2673 940 2702 iu
963 2672 1045 2702 libro
1061 2673 1196 2710 antiquo
1213 2671 1333 2711 reperit
1348 2679 1387 2700 ey·
1396 2668 1519 2709 famoe,

127 2711 168 2740 66
178 2713 313 2741 „canitia
323 2712 566 2753 Thessalonicen]
580 2713 781 2743 ArcisThes-
823 2714 939 2744 Lamb.
958 2724 997 2744 ex
1007 2713 1120 2754 firme,
1133 2713 1220 2753 quod
1237 2719 1308 2742 erat
1331 2721 1389 2751 pro
1400 2712 1519 2752 famoe.

84 2751 305 2791 summensis,
316 2755 528 2793 quodincolae
540 2756 612 2785 urbi
625 2765 692 2785 non
704 2765 780 2784 con·
825 2756 894 2786 Erf.
910 2761 944 2786 et
960 2756 1047 2786 Pitb.
1070 2765 1110 2786 ex
1123 2755 1239 2794 sama.
1283 2754 1359 2784 Non
1375 2752 1519 2784 dubitavi

87 2793 239 2832 fiderent,
253 2796 287 2826 in
301 2807 435 2835 eamque
447 2806 480 2827 se
495 2798 636 2838 recipere
652 2806 780 2828 necesse
823 2808 901 2837 ergo
916 2798 1009 2828 edere
1023 2808 1063 2828 ecc
1074 2797 1185 2837 famae
1198 2806 1241 2827 sc.
1255 2795 1468 2833 laceratione,
1481 2801 1522 2826 ut

84 2841 181 2866 esset.
206 2847 236 2867 v.
259 2848 288 2868 c.
311 2840 363 2869 34.
388 2839 473 2869 idem
498 2840 580 2870 dixit
603 2841 637 2870 in
661 2838 718 2869 Or.
740 2839 779 2870 de
822 2840 902 2870 feeit
913 2845 947 2870 et
962 2840 1096 2871 Brutus.

85 2878 234 2909 Provinc.
256 2879 392 2911 Consul.
438 2879 671 2912 Hotomannus
693 2884 780 2911 arcis

146 2934 255 2962 vot..
282 2936 337 2963 11.
363 2936 403 2963 P.
429 2936 484 2964 11.
772 2930 799 2965 4
821 2937 847 2965 R
