1785 3185
122 1412 154 1443 p.
175 1403 241 1434 195.

261 83 361 121 1324

258 181 575 238 praeteritorum
597 180 761 223 dietum
793 182 964 224 sustulit
994 182 1131 224 oratio
1151 181 1398 223 consulum:

853 77 1099 117 ORATIO

1443 180 1514 234 qui
1547 180 1607 221 ita
1628 180 1689 221 io-

258 239 346 280 cuti
380 249 494 288 sunt,
518 249 563 279 ut
593 239 730 294 magis
769 241 1018 295 4exoptatae
1054 239 1259 280 Kalendae
1291 239 1391 280 Jau.
1423 251 1550 291 quam
1583 252 1686 277 scrae

257 310 348 336 esse
370 295 479 335 ude
481 306 608 336 intur
666 296 810 350 Atque
834 308 881 336 ut
910 311 957 337 οι

257 352 411 403 erexit,
435 366 637 408 spemque
668 351 812 393 attulit
834 368 920 393 non
943 368 954 393 1

258 424 351 448 rum
375 409 504 449 etiam
526 409 750 465 dignitatis
775 409 966 464 pristinae
992 409 1316 465 recuperanda:

961 297 1047 337 atio
1070 295 1292 337 consulum
1324 294 1512 335 animum
1547 309 1689 334 meum

956 353 1071 394 nodo
1095 353 1240 394 salutis
1272 351 1546 392 conscrxand·
1540 366 1592 400 ιι),
1616 365 1688 390 ve·-

1350 409 1410 449 sic
1433 422 1500 448 me
1525 417 1689 462 pertur-

259 467 334 506 bas
339 474 402 506 set
433 466 524 522 ejus
558 466 784 517 sententia,
813 465 886 520 qui
918 466 1079 521 primus
1113 476 1286 510 ιοσιιῑιι5
1320 475 1396 515 est,
1420 465 1498 505 nisi
1538 472 1687 505 vestra:

223 550 246 566 .-
222 523 407 563 ‘’xirtuti
432 533 564 564 const
558 523 658 563 ιἰῐιῐί
651 536 771 576 „eque
804 521 1078 563 confldeiffem

257 580 506 643 conscripti,
537 579 624 620 dies
650 579 806 629 illuxit,
828 578 923 619 haec

1140 511 1227 565 Hic
1249 522 1363 562 enim
1388 522 1523 572 vobis,
1547 531 1688 576 patres

958 587 1145 634 potestas
1168 579 1267 620 dita
1294 589 1372 627 est,
1396 588 1456 628 ut,
1478 593 1549 633 qut
1539 589 1688 618 dutum

257 637 443 686 virtutis,
467 645 672 691 quantum
704 635 975 686 constantiae,
998 645 1206 691 quantum
1237 635 1460 691 gravitatis
1483 649 1526 674 ιιι
1559 634 1687 689 liujus

257 694 416 734 ordinis
452 693 630 734 consilio
663 701 787 743 esset,
821 691 951 756 popul

956 707 980 732 o
1017 693 1215 733 Romano
1248 692 1461 732 ‹lec-cluam
1494 692 1689 746 possetis·

258 750 577 799 Recordamini,
599 749 671 804 qui
703 749 793 790 dies
824 748 1323 790 nudiustertiusdetimus
1357 748 1499 798 fucrit,
1523 751 1688 811 ὅφιιιιι-

257 818 324 847 tus
356 821 586 847 consensus
620 805 820 854 vestrum,
855 821 952 861 quat

257 864 276 894 ⁶
300 874 501 918 quantum
537 863 628 903 sitis
663 878 687 902 ιι
721 863 879 918 populo
913 862 951 903 R

257 921 378 971 liam,
403 929 607 976 quantam
641 920 821 975 glatiam
856 922 1090 961 consecuti.

953 817 1014 847 lta
1047 807 1195 856 virtus,
1231 816 1391 861 quanta
1421 805 1688 846 constantia:

955 878 1110 904 omano
1145 864 1326 913 laudem,
1360 872 1563 917 quantam
1596 862 1690 917 310-

1149 919 1294 975 Atque
1325 919 1396 960 illo
1429 919 1512 969 die,
1548 929 1686 974 patres

256 977 505 1042 conscripti,
527 991 577 1017 ea
598 976 898 1026 constituistis,
921 987 968 1018 ut
992 978 1111 1018 vobis
1134 977 1348 1032 nihiljarn
1378 977 1432 1017 sit
1454 977 1685 1032 integrum,

220 1040 244 1073 3
259 1035 338 1076 nisi
361 1045 434 1074 aut
457 1033 636 1074 honesta
659 1048 758 1089 pax,
778 1044 852 1074 aut
875 1034 1031 1075 bellum
1055 1035 1352 1075 necessarium.

259 1090 325 1132 Μ.
348 1090 593 1131 Antonius?
623 1105 741 1131 arma
769 1094 945 1146 Tponat,

252 1148 486 1203 aequiorem
505 1162 573 1188 me
595 1147 801 1203 reperiet:
821 1148 906 1198 cui,
926 1149 952 1188 d

1415 1034 1572 1074 Pacem
1598 1032 1688 1073 vult

970 1104 1105 1146 roget,
1128 1092 1393 1147 deprecetur.
1437 1094 1454 1121 8
1470 1090 1685 1130 neminem

959 1162 1027 1188 um
1051 1163 1094 1188 se
1116 1149 1281 1189 civibus
1305 1147 1447 1203 impiis
1469 1162 1688 1188 commen-

250 1206 338 1255 dat,
362 1205 560 1245 inimicus
583 1219 688 1255 esse,
720 1219 848 1260 quam
871 1206 1033 1246 amicus
1066 1205 1230 1246 maluit.
1261 1204 1368 1245 nihil
1389 1214 1453 1244 est
1473 1203 1685 1259 profecto,

253 1261 368 1316 quod
394 1262 484 1302 dari
508 1262 644 1317 possit
666 1262 823 1303 bellum
847 1262 1038 1317 gerenti:
1069 1263 1149 1303 erit
1171 1262 1350 1303 fortasse
1372 1261 1547 1315 aliquid,
1569 1261 1685 1316 quod

208 1333 239 1379 c)
256 1319 433 1359 concedi
458 1319 594 1374 possit
616 1318 811 1373 roganti:
830 1319 993 1374 legatos
1015 1333 1114 1360 vero
1136 1319 1187 1361 ad
1211 1334 1307 1359 eum
1329 1318 1514 1367 mittete,
1536 1318 1686 1372 dequo

210 1433 338 1487 a.ja1n
373 1432 559 1474 levitatis
593 1442 672 1483 est,
705 1433 792 1484 sed,
826 1443 887 1482 ut,
921 1449 946 1488 q

253 1376 596 1432 9zgr21vissimum
613 1375 828 1433 judicium
851 1376 1351 1417 nudiustertiusdecimus
1373 1374 1574 1425 feceritis,
1597 1389 1683 1416 non

953 1433 1035 1474 uod
1067 1434 1220 1484 sentio,
1253 1433 1408 1483 dicam,
1442 1432 1685 1473 dementiae.

254 1490 446 1531 Primum
471 1490 599 1531 (luces
622 1505 694 1530 eos
716 1465 978 1541 laudavistis,
1007 1491 1080 1546 qui
1103 1501 1253 1533 contra
1274 1490 1392 1530 illum
1419 1489 1574 1530 bellum
1599 1489 1685 1545 pri-

250 1556 351 1588 vato
384 1546 564 1588 consilio
598 1548 907 1603 suscepissent.-

250 1619 351 1645 cum
377 1605 431 1645 ab
453 1603 647 1645 Antonio
671 1604 713 1645 in
744 1604 933 1645 colonias

215 1661 493 1706 4libe1·tate1n
537 1660 684 1717 populi
724 1661 910 1702 Romani

253 1717 437 1760 Martia:
480 1719 614 1773 quid?
656 1732 820 1773 quarta,
854 1733 929 1759 cur

951 1547 1104 1588 deinde
1136 1547 1292 1589 milites
1325 1557 1562 1597 veteranos,
1595 1561 1684 1601 qui,

955 1614 1095 1646 essent
1116 1605 1304 1656 deducti,
1334 1603 1445 1644 illius
1474 1603 1685 1644 beneficio

951 1671 1302 1717 anteposuerunt.
1373 1661 1518 1707 Quid?
1569 1661 1683 1716 legio

958 1719 1207 1761 laudantur?
1250 1720 1281 1759 si
1316 1718 1429 1758 enim
1465 1717 1683 1758 consulem

250 1790 374 1816 suum
397 1775 673 1831 reliquerunt,
697 1776 990 1831 vituperandae
1013 1786 1135 1818 sunt:
1170 1778 1202 1816 si
1227 1776 1447 1816 inimicum
1480 1774 1683 1830 reipubli-

250 1847 329 1884 cae,
346 1833 444 1887 jure
479 1832 720 1873 laudantur.

779 1832 914 1888 Atqui
944 1848 1041 1874 cum
1065 1833 1258 1874 consules
1294 1832 1482 1872 nondum
1505 1831 1682 1872 habere-

250 1890 654 1942 tiS,decrevistis,ut
678 1898 721 1930 et
734 1889 786 1931 de
800 1890 990 1946 praemiis
1014 1891 1267 1943 militum,et
1279 1890 1331 1930 de
1355 1889 1587 1930 honoribus
1603 1889 1683 1929 im-

248 2036 387 2067 interest
418 2046 525 2067 sensu.
570 2036 634 2067 Sed
664 2046 728 2066 non
756 2046 845 2067 conv.
875 2045 942 2067 non

248 2078 330 2108 bene
352 2085 458 2109 sonat.
505 2079 619 2118 ltaque
644 2080 843 2109 vocabamur
863 2088 944 2118 prae-

248 2120 323 2150 tuli.
339 2131 397 2150 con
424 2122 548 2151 factum
565 2127 613 2150 est
630 2131 647 2150 e
663 2130 737 2154 mm,
753 2120 838 2160 quod
853 2121 946 2151 abest

247 2161 312 2192 Ms.
331 2163 374 2193 H.
390 2163 461 2194 edd.
477 2173 527 2202 pr.
544 2172 644 2202 usque
659 2163 700 2192 ad
714 2163 801 2193 Vict.
817 2164 851 2193 P.
869 2164 942 2193 Ma-

247 2204 360 2234 nutius
377 2205 499 2245 primus
517 2214 603 2236 recte
619 2205 759 2235 correxit
772 2214 836 2235 non
849 2215 938 2236 voca-

248 2246 378 2277 bamur.

289 2291 309 2318 4
331 2293 488 2328 exoptatoe
502 2289 580 2320 Kal.
594 2288 677 2320 Jun.
693 2298 794 2328 qnam
809 2299 887 2320 seroe
899 2290 946 2319 ω’-

246 2330 403 2369 deantur]
428 2331 701 2361 Jan11c11·ioebe11e
724 2330 851 2362 omittit
869 2332 945 2362 Vat.

246 2376 280 2401 et
295 2373 350 2411 qui
365 2382 440 2402 euni
461 2378 661 2412 sequuntur:
686 2373 766 2403 item
789 2373 828 2404 L.
845 2374 946 2404 Porro

246 2413 385 2445 debebat
408 2424 476 2445 esse
496 2416 701 2445 viderentur:
725 2416 752 2444 si
776 2415 940 2454 intelligas

245 2456 443 2497 nunc‚jam‚
457 2463 543 2487 stare
554 2463 662 2498 potest
676 2457 863 2488 videantur.
879 2458 940 2488 ita-

246 2508 308 2537 que
323 2499 457 2529 servavi.

290 2543 308 2571 5
330 2545 474 2580 quantus
498 2551 666 2571 consensus
693 2541 852 2580 vestrum]
892 2541 939 2572 Ut

246 2591 345 2622 supra
370 2583 427 2613 Or.
450 2583 507 2614 lv.
531 2583 655 2613 correxi
667 2584 862 2623 frequentia
888 2594 940 2613 ve-

245 2628 330 2661 stra,
348 2625 393 2654 sic
409 2634 530 2664 pronus
546 2625 592 2655 sui
608 2625 648 2655 ad
663 2625 891 2664 corrigendum
907 2626 939 2655 h.

245 2665 268 2696 1.
287 2670 455 2696 consensus
470 2672 585 2704 vester,
600 2672 638 2698 ut
650 2667 738 2697 infra
752 2673 802 2697 est
816 2678 845 2698 e.
862 2671 891 2698 5.
907 2673 940 2697 et

244 2718 330 2748 soepe
353 2709 451 2739 alibi:
478 2714 512 2739 et
535 2709 757 2746 correxissem,
773 2709 835 2739 nisi
857 2709 889 2739 h.
915 2709 938 2739 1.

244 2750 385 2790 intelligi
413 2756 522 2791 posset
546 2752 710 2782 omnium:
741 2761 804 2790 quo
828 2751 939 2782 addito

242 2796 387 2823 vestrum
403 2799 529 2825 rectum
545 2799 615 2824 est:
640 2793 727 2834 quod
742 2794 775 2824 iu
799 2792 938 2833 illosre-

985 2039 1119 2078 quentia
1132 2042 1274 2067 vestrum
1289 2046 1355 2066 non
1370 2036 1458 2066 licet.

1028 2080 1048 2110 6
1070 2090 1169 2120 quam
1183 2081 1421 2118 sitas—quanm,
1415 2080 1594 2118 l—-qumn
1607 2076 1681 2115 εἴη]

987 2122 1128 2171 Reposui
1149 2132 1223 2152 cum
1241 2122 1344 2150 Craei
1339 2132 1368 2151 ιο
1385 2125 1543 2160 quantam
1566 2126 1628 2154 ter,
1645 2125 1684 2148 ut

985 2164 1050 2194 fuit
1073 2165 1106 2194 in
1123 2165 1186 2195 Ms.
1233 2164 1286 2194 Sic
1309 2169 1343 2193 et
1365 2163 1429 2192 Gn.
1452 2168 1484 2192 et
1507 2160 1597 2191 Leid.
1622 2161 1683 2190 nisi

985 2206 1069 2245 quod
1085 2206 1116 2236 id
1132 2216 1197 2236 non
1214 2205 1307 2246 ponit
1321 2210 1397 2235 ante
1411 2204 1573 2251 gratiam.
1620 2203 1683 2232 Sed

985 2249 1030 2278 sic
1054 2249 1177 2279 halent
1202 2247 1274 2277 cdd.
1293 2258 1341 2286 pr.
1368 2246 1468 2285 longa
1495 2245 1587 2275 serie.
1615 2245 1679 2275 Ms.

989 2290 1099 2331 Huyd
1113 2290 1248 2321 habetr
1223 2300 1248 2328 g
1252 2290 1446 2327 ratiumque.

1030 2336 1047 2366 7
1066 2331 1184 2372 ponne]
1209 2332 1285 2362 Vat.
1313 2331 1461 2370 deponat.
1491 2329 1577 2367 quod
1602 2336 1636 2359 ct
1665 2339 1685 2360 a

989 2374 1156 2405 nonnullis
1190 2377 1357 2413 receptum
1391 2372 1679 2411 est.v11lgatum

982 2417 1136 2447 usitatius
1151 2417 1183 2446 in
1200 2416 1260 2445 hac
1276 2425 1318 2445 re.

1026 2462 1044 2488 8
1062 2468 1094 2487 n.
1111 2459 1279 2497 aquiorem
1295 2466 1345 2486 me
1360 2456 1509 2496 reperiet]
1528 2465 1578 2485 me
1592 2455 1683 2485 abest

984 2500 1048 2530 Ms.
1063 2501 1126 2529 Gu.
1145 2500 1238 2529 male.
1257 2500 1330 2528 Vat.
1343 2508 1440 2537 quam
1458 2508 1518 2528 me.

1024 2546 1043 2575 9
1064 2540 1314 2580 gravissimum]
1355 2540 1488 2570 Addunt
1510 2550 1528 2570 e
1550 2539 1625 2569 Vat.
1647 2543 1678 2569 ee

981 2585 1240 2614 severissimum:
1280 2583 1367 2620 qnod
1390 2588 1422 2611 ct
1450 2581 1540 2612 Leid.
1568 2581 1677 2611 habet.

983 2635 1048 2655 non
1073 2626 1190 2665 placet.
1238 2625 1276 2654 111
1299 2624 1357 2654 tali
1375 2635 1407 2654 re
1423 2634 1550 2664 semper
1564 2624 1678 2654 Cicero

982 2667 1084 2698 solam
1111 2667 1306 2703 gravitate-in
1331 2670 1576 2696 commemorat.
1603 2674 1679 2695 cum

983 2702 1160 2746 dejudieiis
1184 2710 1217 2739 in
1234 2709 1302 2739 foro
1325 2708 1484 2748 loquitur,
1498 2717 1608 2739 severa
1621 2708 1680 2748 ‚ju-⁷

983 2752 1065 2782 dicia
1082 2751 1171 2782 dicit.
