1817 3169
501 100 619 142 PRO
649 99 696 139 L.
720 97 1036 140 CORNELIO
1062 103 1273 142 BALBO.
1506 107 1605 145 1089

207 207 370 257 populus
403 208 608 246 Gaditanus
633 217 706 242 non
734 208 823 241 esset
848 203 990 242 fundus
1016 206 1138 243 factus
1155 207 1250 256 legis
1273 207 1400 244 Gellia»
1419 208 1603 250 Corneliae,

216 259 252 298 h.
272 272 301 297 e.
321 272 398 297 eam
416 272 487 296 non
510 260 718 296 adscivisset
745 262 780 293 et
807 258 1064 306 approbasset:
1091 262 1256 301 secundo,
1277 260 1501 310 quodsoedus
1517 265 1605 298 esset

214 323 293 348 cum
311 313 446 361 populo
465 312 650 349 Gaditano
663 315 929 347 sacrosanctum
944 324 956 350 ,·
977 312 1073 359 quod
1087 316 1207 347 autem
1221 318 1488 348 sacrosanctum
1501 319 1603 356 esset,

213 363 290 410 ejus
316 365 419 401 nulla
441 377 530 414 pars
555 365 688 401 violari
715 369 780 400 aut
809 362 949 412 azcj'erri
963 368 1096 412 posset,
1113 375 1228 411 neque
1245 364 1334 399 adeo
1355 365 1476 399 liceret
1494 367 1605 401 civem

219 417 417 453 Gaditanis
434 417 589 466 anferre.
645 416 866 466 Defensores
892 420 1020 452 nactus
1045 421 1098 451 est
1127 415 1264 452 Balbus
1294 415 1471 455 Crassum,
1493 417 1604 453 Pom-

209 471 334 517 peium
353 471 482 518 ipsum,
502 474 537 506 et
557 470 774 512 Ciceronem,
794 483 816 506 a
834 480 903 516 quo
922 480 1030 504 causa
1057 473 1110 504 est
1132 472 1319 516 perorata.
1376 469 1503 503 Oratio
1531 468 1606 514 ejus

215 522 255 557 in
274 521 328 557 liis
348 523 481 558 duobus
499 523 720 570 argumentis
739 521 971 558 dissolvendis
990 523 1155 568 inprimis
1172 525 1346 556 versatur.
1402 520 1499 555 Nam
1524 523 1604 567 pri-

215 585 275 609 mo
303 575 471 616 ostendit,
491 574 655 623 fundum
672 574 760 623 fieri
789 584 892 623 posse
920 574 1095 621 populum
1111 571 1333 623 foederatum
1363 576 1426 607 ant
1457 572 1605 608 liberum

215 637 471 674 quemcunque,
486 629 719 675 permittente
743 627 879 675 populo
912 625 1089 667 Romano,
1120 626 1236 673 legum
1266 629 1407 660 tantum
1431 625 1603 666 civilium,

214 689 288 713 non
306 683 427 714 autem
444 691 579 721 earnm,
598 690 676 726 quae
693 679 741 714 ad
758 679 947 727 imperium
964 678 1090 725 populi
1105 677 1274 719 Romani,
1296 678 1401 718 bella,
1420 677 1604 718 victorias,

212 731 434 777 pertineant,
457 732 574 778 qualis
598 731 719 766 Gellia
738 731 905 767 Cornelia
921 732 981 766 sit.
1037 729 1181 766 Deinde
1198 742 1269 765 non
1287 731 1392 765 modo
1411 730 1446 764 in
1467 730 1606 776 rogati-

217 793 285 817 one
315 782 435 818 Gellia
468 784 634 818 Cornelia
658 782 763 824 nihil,
793 784 890 832 quod
916 787 1184 818 sacrosanctum
1212 786 1313 825 esset,
1333 785 1517 828 exceptum
1535 793 1608 816 esse

217 834 331 874 docet,
350 835 412 870 secl
429 833 668 884 etiamfoedus
688 835 782 871 illud
808 847 879 871 non
905 847 976 871 esse
1003 839 1282 877 sacrosanctum,
1303 835 1398 882 quod
1413 845 1484 868 non
1503 845 1525 869 α
1538 845 1607 880 po-

213 887 302 934 pulo
321 891 384 922 aut
395 887 498 934 plebe
511 892 599 922 esset
615 889 807 930 sancitum,
828 899 939 936 neque
953 888 1188 923 obtestatione
1207 887 1294 934 legis
1312 890 1377 922 aut
1393 887 1608 921 consecrati-

216 949 283 974 one
301 940 431 985 capitis
452 944 647 975 sacratum.
707 940 837 988 Itaque
865 946 899 976 et
924 951 1079 975 summos
1105 941 1340 987 imperatores
1367 938 1566 974 hominibus
1590 949 1610 972 e

204 989 400 1040 foederatis
426 992 574 1039 populis
602 993 785 1027 civitatem
816 994 1041 1040 impertiisse,
1071 1003 1219 1039 eamque
1245 1004 1319 1027 rem
1345 1003 1438 1038 saepe
1464 993 1609 1025 senatus

216 1044 436 1078 auctoritate
454 1056 496 1079 ac
504 1042 673 1089 judicum
690 1046 890 1087 sententiis,
907 1044 1036 1092 populi
1055 1044 1206 1091 denique
1219 1044 1405 1093 suffragiis
1423 1054 1495 1077 esse
1513 1053 1607 1077 com-

211 1095 416 1143 probatam.
471 1096 673 1132 Exordium
701 1098 913 1146 rizagrzijsicas
941 1097 1109 1144 Pompeii
1137 1097 1260 1132 landes
1281 1097 1452 1137 continet,
1473 1098 1508 1129 et
1526 1105 1609 1130 eon·

215 1147 338 1236 clusi}
347 1149 522 1237 inidiam
530 1147 811 1198 familiaritatis
831 1150 1056 1198 deprecatur,
1072 1160 1150 1196 quae
1168 1149 1284 1185 Balbo
1299 1160 1377 1184 cum
1398 1147 1536 1183 Caesare
1552 1147 1609 1182 in-

218 1203 313 1235 terce
339 1212 358 1235 e
381 1205 419 1236 at

169 1307 185 1338 1
213 1285 286 1352 SI
309 1309 586 1350 auctoritates
601 1317 878 1365 patronorum
898 1309 941 1350 in
959 1307 1138 1364 judiciis
1153 1306 1310 1359 valent,
1326 1308 1379 1349 ab
1394 1306 1606 1363 amplissi-
1624 1297 1650 1344 1

165 1364 249 1405 mis
273 1365 372 1406 viris
398 1366 445 1407 L.
471 1366 658 1407 Cornelii
682 1381 811 1408 causa
831 1365 1006 1407 defensa
1027 1375 1114 1408 est:
1147 1366 1182 1407 si
1207 1379 1321 1417 usuS‚
1344 1380 1370 1406 a
1400 1364 1606 1421 peritissi-
1622 1369 1639 1403 1

166 1422 275 1464 mis:
308 1423 341 1463 si
365 1422 554 1479 ingenia,
584 1425 638 1464 ab
661 1423 1047 1480 eloquentissimis.
1081 1423 1114 1464 si
1147 1423 1302 1474 studia,
1323 1423 1377 1463 ab
1400 1422 1609 1468 amicissi-

168 1479 267 1530 mis,
289 1489 333 1521 et
353 1495 450 1521 cum
477 1481 693 1522 beneficiis
716 1495 814 1522 cum
840 1481 890 1522 L.
914 1479 1132 1532 Cornelio,
1155 1489 1247 1521 tum
1271 1479 1462 1520 maxima
1484 1478 1610 1520 fami-

167 1535 353 1578 liaritate
377 1539 638 1594 conjunctis,
685 1539 831 1586 2Quae
853 1547 953 1579 sunt
974 1538 1107 1594 igitur
1130 1552 1234 1578 meae
1262 1539 1430 1593 paites?
1461 1546 1610 1577 aucto-

167 1592 307 1635 ritatis
332 1605 702 1659 tantae,qu·1ntam
725 1610 801 1636 vos
824 1596 867 1636 in
890 1609 958 1635 me
980 1609 1071 1635 esse
1092 1594 1303 1644 voluistis,
1322 1609 1422 1634 usus
1445 1594 1609 1634 medio-

166 1650 266 1701 cris,
291 1651 452 1707 ingenii
488 1653 663 1693 minime
692 1651 903 1693 voluntati
936 1652 1064 1707 paris.
1095 1667 1194 1693 nam
1215 1652 1384 1702 ceteris,
1406 1665 1431 1691 a
1452 1651 1608 1706 quibus

167 1718 234 1748 est
256 1708 471 1760 defensus,
493 1709 607 1750 hunc
629 1709 783 1750 debeie
805 1709 1037 1764 plurimum
1062 1709 1212 1751 xideo:
1241 1723 1340 1765 ego,
1363 1711 1606 1763 3quantu1n

168 1764 209 1805 ei
230 1765 355 1806 debe·
343 1782 425 1817 um,
447 1766 530 1808 alio
555 1767 664 1807 loco.
714 1771 735 1797 4
752 1766 973 1822 Principio
996 1766 1202 1807 orationis
1224 1766 1307 1806 hoc
1332 1779 1523 1829 oppono,
1541 1771 1644 1805 me2

170 1823 387 1874 omnibus,
409 1825 516 1878 qui
506 1823 631 1864 amici
655 1822 815 1865 fuerint
838 1823 963 1864 saluti
982 1833 1025 1864 et
1046 1823 1248 1879 dignitati
1271 1837 1395 1874 meae,
1415 1837 1449 1862 Sl
1467 1836 1610 1863 minus

169 1879 393 1921 refeienda
415 1896 472 1936 οι·
466 1881 552 1922 itia
573 1881 817 1922 sauss-icere
840 1880 1071 1937 potuerim,
1093 1891 1138 1921 at
1168 1879 1442 1936 praedicanda
1462 1888 1506 1920 et
1536 1879 1613 1920 ha-

169 1936 312 1978 benda
333 1949 448 1978 certe
478 1939 578 1979 satis
609 1954 700 1979 esse
731 1937 962 1979 facturum.
1023 1938 1135 1984 Quae
1159 1937 1288 1978 fueiit
1317 1936 1518 1977 hesterno
1542 1936 1613 1977 die

165 1993 256 2035 Cn.
293 1995 489 2050 Pompeii
524 1997 712 2051 gravitas
744 1996 787 2036 in
825 1995 1023 2059 dicendo,
1055 1994 1242 2049 judices,
1282 2009 1379 2049 quae
1416 1993 1614 2044 facultas,

170 2065 269 2107 quae
301 2052 441 2108 copia,
473 2067 559 2094 non
590 2053 794 2120 opinione
826 2053 959 2094 tacita
980 2062 1219 2094 vestr·01u1n
1254 2051 1512 2104 animorum,
1541 2050 1615 2092 sed

913 2181 1153 2264 bllgnauantum
1169 2223 1198 2253 ei
1212 2224 1356 2261 debeam,
1373 2224 1437 2254 alio
1456 2222 1534 2262 loco]
1560 2223 1616 2253 In-

215 2183 228 2211 l
247 2180 488 2221 Si-——valerenss
509 2183 576 2213 Cur
597 2185 709 2213 autem
726 2187 797 2212 tam
812 2181 872 2212 du-

170 2222 329 2259 bitanter,
355 2234 392 2253 ac
416 2224 516 2254 veluti
544 2234 603 2254 nec
629 2224 787 2260 valerent,
812 2234 872 2255 nec

170 2265 279 2296 valere
293 2266 450 2296 deberent
462 2267 472 2295 ?
500 2266 606 2296 Immo
621 2268 730 2296 valent
743 2267 873 2306 scripsit

173 2307 311 2345 Cicero,
302 2319 309 2324 ·
331 2308 413 2346 quod
428 2315 461 2337 et
477 2318 526 2338 res
541 2308 648 2344 docet,
664 2315 697 2339 et
712 2309 778 2349 ipse
796 2319 870 2338 mox

170 2353 206 2380 et
220 2349 296 2380 alibi
313 2351 406 2380 dixit.
419 2350 463 2379 sic
478 2358 527 2380 est
542 2359 575 2380 et
598 2352 757 2390 scriptum
781 2352 814 2381 in
832 2351 870 2380 li-

170 2392 230 2422 bro
260 2392 368 2422 Guelf.
403 2392 459 2422 sed
486 2395 615 2433 punctis
645 2393 869 2434 superpositis,

170 2444 245 2475 quae
259 2435 443 2475 compendii
459 2435 552 2474 sigua
564 2442 653 2465 sunt.

213 2479 234 2509 2
259 2476 343 2517 Ome
367 2481 444 2507 sunt
470 2468 545 2516 δῖα]
578 2476 642 2507 Hic
663 2477 783 2508 lacuna
804 2486 872 2507 esse

173 2518 315 2550 videtur.
359 2518 448 2549 Nam
477 2519 593 2549 dixisse
620 2524 654 2549 et
684 2519 790 2550 dicere
818 2518 872 2549 de-

172 2560 280 2591 buisse
313 2560 454 2597 videtur,
484 2561 567 2591 nihil
597 2561 669 2600 jam
698 2571 766 2592 esse
796 2561 870 2590 reli-

173 2612 289 2641 quum,
306 2603 392 2642 quod
414 2603 577 2642 agendum
601 2604 760 2634 videatur.
805 2603 874 2633 Ho-

174 2647 354 2675 tomannus
375 2645 475 2675 etiam
490 2646 568 2676 Obs.
585 2645 631 2682 ΙΙ,
649 2648 699 2677 20.
721 2646 874 2676 lacunam

175 2694 244 2717 esse
266 2687 404 2727 putabat
427 2692 500 2727 post
523 2687 620 2717 verba
635 2688 796 2718 voluntati
814 2698 875 2726 pa-

175 2728 242 2758 ris.
238 2740 244 2746 ·
267 2729 353 2768 quod
368 2729 450 2759 mihi
466 2739 532 2758 non
547 2729 685 2759 videtur.
702 2739 779 2760 nam
797 2734 878 2760 cete-

915 2266 1129 2306 telligendum
1147 2266 1264 2296 dicam.
1300 2265 1363 2296 Sed
1385 2265 1435 2296 ed.
1449 2266 1505 2296 W.
1524 2268 1615 2296 1480.

915 2309 1011 2338 dunt.
1040 2308 1164 2339 addunt
1187 2308 1364 2338 ostendam.
1388 2307 1462 2337 inde
1484 2307 1558 2338 Ald.
1581 2313 1615 2337 et

913 2350 986 2380 aliae
1016 2351 1056 2381 ad
1084 2350 1262 2381 Gruterum
1290 2359 1404 2388 usque,
1434 2350 1488 2389 qui
1518 2350 1616 2389 ejecit

915 2402 981 2423 non
999 2398 1163 2433 repertum
1183 2393 1216 2422 in
1240 2393 1368 2431 aliquot
1387 2392 1465 2422 Mss.
1490 2401 1549 2422 nec
1563 2397 1613 2422 est

914 2434 948 2464 in
965 2434 1035 2465 edd.
1049 2435 1145 2465 Rom.
1161 2435 1216 2465 Br.
1240 2434 1398 2465 Videatur
1411 2443 1479 2464 esse
1495 2445 1515 2464 a
1528 2433 1615 2473 glos-

914 2487 960 2507 sa.
1005 2477 1068 2507 Sed
1089 2477 1260 2516 nugatum
1282 2481 1394 2506 tamen
1416 2486 1483 2506 non
1505 2475 1616 2516 explet

914 2528 1008 2549 aures
1025 2529 1161 2549 numero
1177 2519 1404 2549 Ciceroniano.

957 2563 979 2591 4
994 2561 1039 2592 P.
1055 2571 1083 2592 o.
1102 2562 1160 2591 hoe
1173 2560 1305 2600 oppono]
1333 2559 1405 2590 Hoc
1428 2568 1495 2589 non
1517 2557 1615 2589 intei-

915 2602 995 2641 ligo.
1019 2604 1098 2634 Ant.
1116 2603 1318 2641 Augustinus
1341 2611 1423 2631 corr.
1440 2610 1536 2642 pono·
1549 2600 1616 2632 Ms.

918 2645 1025 2676 Guelf.
1047 2645 1146 2675 habet
1169 2644 1325 2675 orationis
1346 2642 1445 2684 hujus
1461 2652 1616 2682 propono·

919 2687 1031 2718 Placet
1055 2686 1166 2727 liujus,
1193 2691 1233 2716 ut
1260 2686 1454 2726 respoudeat
1481 2685 1523 2725 τῷ
1552 2686 1618 2715 alio

921 2731 997 2765 loco,
1018 2734 1053 2760 et
1070 2737 1213 2768 propono
1234 2727 1320 2758 idem
1345 2732 1395 2757 est
1417 2727 1504 2766 quod
1520 2735 1619 2766 pono.

175 2770 225 2799 ris
240 2771 298 2800 διο.
313 2771 500 2801 referuntur
514 2770 553 2801 ad
569 2771 879 2802 minimezoluntati
921 2751 1027 2808 Dicit,
1054 2780 1088 2801 se
1122 2769 1207 2802 nihil
1236 2769 1303 2807 hic,
1332 2778 1431 2808 quam
1457 2769 1620 2809 promisso

171 2812 289 2851 paris.-
306 2822 378 2852 quae
394 2813 574 2843 voluntatis
590 2814 784 2850 magnitudo
801 2824 837 2853 pv
842 2822 880 2843 n-

176 2852 276 2886 debat
296 2864 315 2886 e
338 2855 568 2895 magnitudine
588 2855 686 2887 officii
704 2865 783 2895 erga
803 2854 880 2887 Bal-

922 2821 1068 2843 usurum·

855 2900 986 2942 423
