1785 3185
251 107 350 144 1262
837 103 1085 142 ORATIO

249 224 296 250 sa
329 206 561 264 republica,
583 207 839 249 incolumem
873 207 963 250 fore
998 208 1191 265 putabas,
1252 205 1429 249 Poteras
1459 214 1598 250 autem
1621 214 1678 253 et!

250 274 444 321 tempore
477 275 729 320 auguratum
768 273 924 320 petere,
949 269 985 295 ¹0
999 279 1095 307 cum
1128 266 1170 306 in
1203 263 1326 306 Italia
1349 264 1479 305 Curio
1502 280 1587 306 non
1608 279 1675 306 es—

254 324 346 363 set?
388 331 461 362 aut
492 332 596 373 tum,
634 337 731 364 cum
765 336 808 362 es
841 321 993 373 factus,
1013 336 1140 362 unam
1173 323 1332 363 tribum
1366 322 1456 362 sine
1486 321 1676 362 Curione

257 379 365 420 ferre
395 379 631 435 potuisses?
676 379 798 434 cujus
827 379 956 419 ctiam
990 378 1215 419 familiares
1246 379 1297 420 de
1329 379 1369 419 vi
1403 378 1678 420 condemnati

209 429 370 487 3sunt,
392 435 506 491 quod
537 436 599 476 tui
630 436 755 476 nimis
788 435 966 475 studiosi
999 435 1192 476 fuissent.
1250 435 1310 476 At
1342 435 1551 477 beneficio
1584 449 1678 476 sum

220 500 357 534 5usus
380 501 469 534 tuo.
529 493 657 538 Quo?
687 505 943 546 quamquam
978 491 1078 532 illud
1101 492 1255 547 ipsum,
1273 493 1386 547 quod
1418 506 1680 534 commemo·-

255 565 338 602 ras,
362 564 526 606 semper
548 564 634 605 prae
667 562 736 589 me
765 547 856 589 tuli.
917 547 1055 588 Malui
1084 562 1151 588 mc
1182 549 1259 588 tibi
1293 549 1446 590 debere
1468 549 1682 598 confiteri,

256 622 384 663 quam
404 608 603 661 cuiquam
624 605 764 646 minus
787 604 983 660 prudenti
1001 619 1086 645 non
1106 604 1206 645 satis
1228 614 1373 660 gratus
1390 606 1536 647 videri.
1597 604 1682 647 Sed

257 679 344 719 quo
361 663 598 705 beneficio?
627 662 741 717 qnod
760 675 828 702 me
847 661 1064 702 Brundisii
1084 676 1169 701 non
1186 662 1418 703 occideris?
1445 677 1570 717 quem
1590 663 1682 718 ipse

258 721 412 772 victor,
434 720 507 776 qui
532 719 624 769 tibi,
648 728 694 758 ut
723 727 814 758 tute
843 717 1014 773 gloriari
1051 718 1231 769 solebas,
1251 718 1459 759 detulerat
1478 733 1531 760 ex
1553 719 1683 760 latro-

259 778 388 819 nibus
404 777 489 818 suis
509 775 812 832 principatum,
833 774 995 815 salvum
1017 789 1106 815 esse
1128 775 1344 826 voluisset,
1367 775 1408 816 in
1432 775 1600 817 Italiam
1624 775 1684 816 ire

219 832 471 890 b-jussisset,
491 846 588 873 eum
624 841 668 872 tu
692 831 933 873 occideres?
965 831 1050 873 Fac
1081 832 1284 888 potuisse.
1315 832 1429 887 quod
1459 842 1524 873 est
1553 832 1684 883 aliud,

265 901 406 948 patres
436 889 682 944 conscripti,
705 888 960 929 beneficium
994 888 1222 940 latronum,
1244 889 1324 929 nisi
1354 897 1402 930 ut
1423 903 1685 930 commemo·

263 963 356 990 rare
389 947 567 1004 possint,
601 946 651 986 iis
684 960 727 986 se
758 945 923 986 dedisse
946 945 1092 996 vitam,
1113 946 1267 1000 quibus
1298 960 1383 987 non
1416 946 1685 988 ademerint?

265 1005 396 1051 Quod
418 1004 450 1044 si
473 1011 583 1044 esset
604 1002 875 1053 beneficium,
892 1015 1125 1057 numquam
1147 1002 1191 1053 ii,
1212 1003 1284 1057 qui
1322 1002 1439 1044 illum
1462 1002 1686 1044 interfece-

263 1071 378 1113 runt,
401 1076 426 1101 a
446 1071 531 1115 quo
563 1068 684 1100 erant
705 1058 874 1109 servati,
891 1073 998 1115 quos
1021 1069 1066 1099 tu
1090 1059 1179 1114 ipse
1202 1061 1312 1100 viros
1333 1059 1587 1101 clarissimos
1610 1074 1686 1115 ap-

264 1118 420 1175 pellare
442 1117 564 1167 soles,
587 1124 750 1157 tantam
771 1124 912 1156 essent
943 1115 1121 1172 gloriam
1144 1117 1378 1157 consecuti.
1438 1116 1575 1163 Quale
1612 1130 1688 1157 au-

264 1187 352 1216 tem
383 1174 639 1215 beneficium
681 1181 759 1224 est,
789 1172 905 1228 quod
936 1182 978 1213 te
1014 1172 1269 1213 abstinueris
1311 1173 1472 1215 nefario
1504 1172 1686 1215 scelere?

265 1233 367 1278 Qua
388 1231 431 1272 in
454 1245 497 1271 re
518 1245 604 1271 non
622 1239 708 1271 tarn
725 1229 966 1285 jucundum
990 1229 1122 1270 videri
1144 1230 1248 1270 mihi
1268 1230 1429 1281 debuit,
1451 1244 1536 1271 non
1559 1231 1689 1271 inter-

264 1288 429 1330 fectum
450 1302 475 1328 a
508 1297 563 1339 te,
589 1301 716 1342 quarn
737 1287 955 1338 miserum,
987 1286 1029 1327 id
1052 1295 1093 1327 te
1127 1287 1303 1342 impune
1324 1287 1462 1328 facere
1483 1287 1688 1342 potuisse.

229 1344 352 1387 GSed
374 1345 430 1386 sit
458 1344 730 1395 beneficium,
757 1343 1102 1399 quandoquidem
1140 1344 1278 1399 majus
1313 1343 1449 1399 accipi
1481 1359 1507 1384 a
1527 1344 1691 1385 latrone

263 1403 428 1445 nullum
451 1403 617 1458 potuit:
641 1402 685 1443 in
704 1415 792 1456 quo
816 1410 936 1456 potes
958 1415 1026 1441 me
1047 1401 1188 1442 dicere
1208 1403 1453 1456 ingratum?
1475 1415 1528 1441 an
1550 1400 1602 1441 de
1624 1401 1690 1441 in-

264 1460 395 1501 teritu
416 1459 664 1515 reipublicae
687 1458 806 1513 queri
824 1472 910 1499 non
932 1457 1076 1508 debui,
1099 1472 1150 1498 ne
1169 1458 1209 1499 in
1231 1466 1272 1499 te
1292 1458 1482 1513 ingratus
1504 1458 1691 1498 viderer?

266 1517 381 1561 Nam
414 1517 456 1557 in
487 1515 557 1557 illa
586 1516 768 1571 querela,
785 1515 938 1556 misera
969 1515 1140 1570 quidem
1176 1523 1220 1555 ct
1250 1515 1456 1565 luctuosa,
1480 1515 1552 1556 sed
1583 1515 1690 1556 mihi

297 1589 344 1616 ro
363 1574 446 1615 hoc
465 1572 614 1629 gradu,
638 1573 680 1613 in
697 1587 783 1628 quo
801 1586 868 1613 me
885 1582 1053 1613 senatus
1077 1572 1344 1628 populusque
1366 1572 1586 1612 Romanus
1605 1571 1693 1613 col-

264 1590 440 1682 limavit,
461 1631 711 1680 necessaria,
733 1629 835 1685 quid
859 1638 924 1669 est
950 1629 1114 1670 dictum
1137 1645 1162 1671 a
1189 1643 1256 1670 me
1278 1644 1377 1670 cum
1400 1628 1693 1671 contumelia?

265 1689 370 1744 quid
392 1702 476 1728 non
501 1687 744 1728 moderate?
775 1686 878 1741 quid
897 1700 983 1727 non
1005 1687 1168 1727 amice?
1229 1685 1332 1726 11Et
1363 1686 1535 1741 quidem
1568 1685 1691 1741 cujus

266 1745 561 1800 temperantiae
584 1743 681 1795 fuit,
703 1744 755 1784 de
778 1742 845 1783 M.
871 1742 1063 1784 Antonio
1086 1752 1347 1796 querentem,
1370 1743 1582 1784 abstinere
1603 1757 1693 1784 ma·

265 1803 452 1845 ledicto?
484 1802 720 1858 praesertim
751 1814 850 1842 cum
884 1810 929 1840 tu
956 1803 991 1830 ¹2
1005 1799 1201 1855 reliquias
1233 1801 1480 1856 rcipublicae
1514 1800 1693 1855 dissipa·

267 1860 426 1902 visses?
449 1873 546 1900 cum
568 1858 685 1899 domi
708 1867 792 1898 tuae
817 1857 1061 1913 turpissimo
1084 1867 1272 1898 mercatu
1295 1857 1440 1898 onmia
1461 1866 1602 1898 essent
1625 1871 1693 1897 vc-

267 1916 406 1959 nalia?
448 1930 545 1957 cum
576 1915 690 1971 leges
723 1929 807 1965 eas,
829 1929 925 1969 quae
957 1928 1190 1969 numquam
1224 1914 1506 1970 promulgatae
1539 1922 1694 1966 essent,

270 1976 360 2014 ¹3et
380 1972 432 2013 de
456 1982 511 2023 te,
529 1980 572 2012 et
595 1988 620 2013 a
642 1981 683 2013 te
701 1971 805 2012 latas
824 1971 1102 2012 confiterere?
1124 1986 1221 2012 cum
1245 1971 1435 2027 auspicia
1457 1985 1607 2026 augur,
1630 1971 1694 2011 in-

270 2030 571 2071 tercessionem
603 2029 752 2070 consul
781 2028 1044 2070 sustulisses?
1074 2043 1171 2070 cum
1205 2043 1315 2069 esses
1350 2028 1587 2069 foedissime
1620 2028 1694 2068 sti-

273 2095 396 2142 patus
422 2087 623 2128 armatis?
654 2101 752 2126 cum
784 2100 931 2126 ornnes
963 2086 1231 2141 impuritates
1259 2088 1294 2115 ¹4
1311 2086 1465 2141 pudica
1495 2086 1538 2125 in
1564 2086 1692 2126 domo

233 2143 464 2199 7quotidie
483 2143 731 2199 susciperes,
745 2143 861 2193 vino,
880 2142 1107 2197 lustrisque
1125 2143 1376 2184 confectus?
1399 2141 1459 2183 At
1473 2157 1571 2197 ego,
1585 2151 1693 2182 tam-

271 2216 398 2256 quam
422 2201 527 2242 mihi
549 2215 648 2242 cum
669 2199 735 2240 M.
760 2199 914 2240 Crasso
944 2201 1164 2240 contentio
1192 2209 1316 2250 esset,
1338 2214 1523 2254 quocum
1546 2199 1692 2242 multae

271 2262 327 2298 et'
344 2272 515 2313 magnae
537 2257 723 2307 fuerunt,
745 2271 830 2297 non
863 2271 960 2297 cum
985 2272 1070 2297 uno
1093 2256 1326 2312 gladiatore
1349 2256 1624 2310 nequissimo,
1646 2257 1698 2297 de

224 2314 491 2371 4republiea
525 2315 713 2370 graviter
734 2328 928 2369 querens,
950 2314 1002 2354 de
1034 2314 1208 2354 homine
1240 2313 1346 2354 nihil
1378 2313 1486 2354 dixi.
1547 2312 1698 2369 Itaque

312 2478 349 2506 10
371 2484 445 2506 cum
459 2475 495 2504 in
512 2474 615 2505 Italia
634 2474 668 2505 C.
683 2483 746 2504 non
761 2474 853 2514 esset]
879 2475 903 2505 i.
920 2479 959 2505 ut
1001 2475 1118 2511 aerarii,
1134 2475 1172 2504 de
1186 2484 1249 2514 qua
1264 2484 1360 2514 supra
1374 2474 1430 2505 Or.
1451 2478 1477 2505 1.

265 2522 299 2549 te
316 2519 432 2557 juvare
457 2527 522 2546 non
545 2522 653 2556 posset
676 2517 832 2546 amasium
851 2527 959 2554 suum,
1047 2520 1082 2546 13
1106 2522 1135 2546 et
1149 2518 1187 2546 de
1202 2521 1232 2545 le
1256 2522 1285 2547 ee
1304 2527 1324 2546 α
1345 2517 1388 2555 te]
1415 2518 1490 2547 Non
1513 2516 1632 2548 licebat
1655 2515 1694 2547 de

264 2568 303 2591 ut
329 2565 402 2599 post
429 2559 518 2596 fecit,
541 2565 574 2589 ct
601 2559 670 2589 sine
693 2568 757 2597 quo
784 2559 959 2599 impetrare
1001 2568 1034 2589 se
1058 2559 1161 2597 legem
1186 2559 1280 2594 ferre,
1296 2570 1334 2588 cx
1350 2559 1436 2598 Lege
1452 2559 1579 2590 Licinia
1593 2559 1696 2589 AEbu-

265 2611 331 2632 non
346 2610 464 2641 posses·
683 2605 687 2609 '
998 2602 1056 2635 tia,
1075 2600 1113 2630 dc
1127 2611 1190 2639 qua
1207 2611 1234 2632 v.
1252 2601 1342 2630 (nav.

311 2647 342 2674 ll
361 2643 409 2674 Et
425 2642 566 2682 quidem]
584 2642 665 2673 Mss.
679 2642 841 2679 meliores,
855 2644 954 2673 etiam
1047 2645 1082 2672 {4
1104 2644 1228 2681 pudica
1253 2645 1288 2672 in
1314 2643 1418 2681 domo]
1448 2644 1510 2674 Cn.
1535 2643 1694 2683 Pompeii,

263 2686 326 2716 Gu.
340 2687 437 2727 ‚Quod
447 2685 588 2724 quidem,
603 2683 687 2723 quod
698 2689 731 2713 et
746 2684 891 2715 Graevius
908 2696 955 2715 re·
999 2694 1097 2723 quam
1119 2695 1193 2715 cuin
1218 2685 1368 2715 omnibus
1392 2685 1452 2716 Cn.
1471 2685 1615 2725 Pompeii
1638 2685 1696 2714 bo-

262 2729 360 2768 ccpit.
390 2728 473 2758 Mihi
489 2727 661 2765 vulgatum
677 2727 754 2755 satis
770 2727 886 2766 placet.
910 2727 959 2758 Et
1002 2727 1051 2756 nis
1077 2727 1109 2756 in
1132 2727 1275 2759 sectione
1300 2737 1400 2759 numo
1423 2731 1560 2766 emerat,
1576 2727 1698 2759 benefi-

262 2770 391 2810 qua'dem
405 2774 455 2800 est
471 2770 623 2799 Graecum
640 2769 692 2798 καὶ
707 2767 749 2801 δή.
1002 2769 1051 2799 cio
1067 2769 1217 2800 Caesaris.

309 2814 344 2842 ΡΖ
374 2813 530 2853 reliquias
558 2811 657 2853 reip]
693 2812 754 2843 iut·
787 2811 960 2852 pecuniam
