1812 3147
373 114 478 153 PRO
504 113 662 151 DOMO
689 113 789 150 SUA
816 112 889 151 AD
917 111 1120 150 PONTIF.
1395 114 1468 149 861

25 216 196 274 joribus
229 218 479 268 constituta,
511 217 710 272 primum,
731 225 779 257 ut
800 218 835 247 81
853 230 906 257 ne
936 230 1069 271 poena
1090 214 1245 270 capitis
1278 227 1375 255 cum
1399 229 1473 270 pe-

29 274 158 316 cunia
178 275 491 330 conjungatur:
524 274 692 324 deinde,
717 288 785 324 nc,
807 273 886 313 nisi
913 272 1108 328 prodicta
1123 273 1206 320 die,
1229 271 1323 326 quis
1346 287 1472 313 accu-

29 340 170 372 setur:
195 341 240 372 ut
263 342 325 372 ter
348 340 446 372 ante
469 331 743 387 magistratus
766 339 952 380 accuset,
976 328 1215 369 intermissa
1236 329 1318 378 die,
1341 343 1469 382 quam

28 388 207 429 multam
239 388 414 443 irroget,
443 398 518 429 aut
547 388 741 443 judicet:
773 396 926 442 quanta
967 386 1022 426 sit
1057 385 1274 426 accusatio
1310 385 1469 425 trinum

27 445 267 486 nundinum
291 445 487 501 prodicta
508 445 590 496 die,
613 459 697 499 qua
718 444 1017 499 tliejrldiciuin
1048 443 1102 482 sit
1127 441 1344 483 futurum:
1378 451 1467 482 tum

26 502 162 542 multa
183 503 311 543 etiam
331 503 383 543 ad
404 501 674 558 placandum,
697 511 824 556 atque
841 501 892 541 ad
915 499 1250 540 misericordiam
1268 499 1348 539 reis
1366 513 1469 539 con-

28 572 147 600 cessa
167 569 290 601 sunt:
314 559 467 600 deinde
488 559 718 600 exorabilis
742 558 940 614 populus,
963 557 1099 598 facilis
1122 555 1373 611 suffragatio
1392 570 1468 610 pro
1483 563 1515 593 b.

29 615 189 659 salute:
221 617 404 671 denique
433 617 563 656 etiam
597 617 631 656 si
661 630 745 670 qua
775 630 838 655 res
871 614 986 655 illum
1010 614 1139 664 diem,
1161 623 1236 655 aut
1252 612 1469 668 auspiciis,

30 682 105 714 aut
124 674 417 723 excusatione,
439 673 625 723 sustulit,
648 682 739 713 tota
768 687 897 714 causa
918 671 1220 728 judiciumque
1253 671 1465 711 sublatum

30 739 108 771 est.
167 733 208 762 82
223 731 334 772 Haec
356 745 454 772 cuin
478 731 537 771 ita
558 731 644 770 sint
666 730 707 770 in
729 744 786 778 re,
810 730 883 770 ubi
905 729 1066 769 crimen
1088 739 1167 779 est,
1189 728 1264 768 ubi
1295 742 1468 769 accusa·
1486 728 1551 775 18

32 795 113 839 tor,
136 788 210 829 ubi
234 797 385 829 testes:
417 788 520 842 quid
545 787 778 842 indignius,
800 801 945 842 quam,-
966 786 1040 842 qui
1069 800 1207 840 neque
1236 785 1382 826 adesse
1413 785 1468 826 sit
1480 801 1532 834 46

24 843 185 900 jussus,
207 860 344 901 neque
373 845 545 895 citatus,
575 858 714 899 neque
754 853 994 894 accusatuS,
1024 842 1077 884 de
1116 843 1209 897 ejus
1242 843 1398 899 eapite,
1419 842 1471 883 li-

36 902 159 953 beris,
191 901 373 943 fortunis
410 902 626 952 omuibus,
648 904 687 932 83
701 901 954 952 conductos,
986 900 1176 950 sicarios,
1210 909 1400 955 egentes,
1429 909 1474 940 et

31 959 220 1016 perditos
254 959 506 1015 suffragium
538 958 662 1009 ferre,
684 967 728 998 et
750 972 843 999 eam
866 958 1004 1014 legem
1028 959 1207 1014 putare?
1238 957 1312 1008 At,
1336 957 1369 998 si
1390 957 1474 999 hoc

28 1016 84 1058 de
104 1031 172 1057 me
189 1017 344 1072 potuit,
358 1031 485 1071 quem
500 1016 650 1066 honos,
669 1030 797 1071 quem
815 1016 1019 1072 dignitas,
1033 1029 1160 1070 quem
1182 1029 1324 1065 causa,
1346 1029 1475 1070 quem

30 1074 271 1130 respublica
300 1075 515 1124 tuebatur,
537 1073 660 1128 cujus
693 1073 878 1128 denique
909 1074 1093 1129 pecunia
1125 1087 1211 1112 non
1241 1072 1475 1127 expeteba-

31 1139 114 1182 tur,
136 1132 205 1173 cui
235 1131 344 1173 nihil
374 1132 524 1172 oberat
546 1139 702 1186 praeter
723 1131 1046 1172 conversionem
1071 1139 1206 1170 status
1229 1139 1272 1169 et
1295 1129 1476 1170 inclina-

31 1188 192 1230 tionem
225 1189 519 1230 communium
551 1197 814 1244 temporum:
847 1187 949 1243 quid
982 1187 1154 1228 tandem
1188 1186 1380 1228 futurum
1411 1196 1476 1227 est

32 1245 98 1296 iis,
119 1261 301 1302 quorum
333 1246 422 1287 vita
452 1255 616 1286 remota
643 1245 698 1285 ab
732 1244 894 1285 honore
923 1243 1116 1301 populari
1139 1254 1182 1284 et
1204 1244 1257 1285 ab
1281 1244 1361 1286 hac
1379 1244 1475 1285 illu-

32 1303 107 1346 stri
141 1304 280 1360 gratia
311 1312 389 1354 est,
413 1303 607 1358 pecuniae
643 1312 786 1342 autem
817 1310 949 1344 tantae
983 1310 1096 1353 sunt,
1119 1311 1166 1342 ut
1196 1315 1266 1342 eas
1291 1302 1473 1343 nimium

32 1360 172 1412 multi,
193 1369 383 1417 egentes,
406 1359 630 1409 sumtuosi,
654 1359 818 1400 nobiles
849 1360 1186 1415 concupiscant?
1219 1358 1332 1399 Date
1360 1359 1472 1400 hanc
1484 1371 1535 1408 47

33 1418 208 1459 tribuno
250 1418 386 1474 plebis
427 1417 660 1467 licentiam,
695 1426 739 1457 et
779 1417 1005 1457 intuemini
1048 1416 1278 1472 paullisper
1318 1417 1472 1458 animis

25 1475 317 1531 juventutem,
339 1484 382 1516 et
419 1490 490 1516 eos
529 1473 732 1525 maxime,
754 1474 827 1530 qui
861 1474 1083 1515 imminere
1108 1473 1200 1529 jam
1236 1474 1474 1529 cupiditate

34 1532 233 1574 videntur
253 1533 296 1573 in
319 1532 591 1573 tribuniciam
614 1540 896 1586 potestatem:
929 1530 1124 1586 collegia,
1147 1530 1312 1571 medius
1332 1531 1473 1582 fidius,

34 1590 303 1631 tribunorum
338 1589 473 1645 plebis
507 1597 598 1630 tota
627 1590 906 1644 reperientur,
928 1588 1012 1630 hoc
1037 1589 1137 1643 jure
1169 1588 1354 1640 firmato,
1376 1604 1472 1643 quae

34 1647 190 1688 co'e'ant
222 1647 274 1688 de
306 1646 530 1687 hominum
558 1645 992 1701 locupletissimorum
1021 1646 1161 1697 bonis,
1190 1646 1336 1701 praeda
1367 1661 1475 1702 prae-

35 1704 180 1745 sertim
202 1703 395 1760 populari
417 1712 460 1744 et
482 1718 556 1759 spe
576 1703 816 1759 largitionis
837 1703 996 1745 oblata.

90 1761 150 1802 At
171 1761 274 1817 quid
298 1761 396 1802 tulit
416 1761 562 1817 legum
593 1760 778 1816 scriptor
799 1764 840 1792 34
852 1761 1014 1817 peritus
1035 1769 1078 1801 et
1100 1760 1306 1801 callidus?
1340 1774 1476 1802 νεω-

39 1832 132 1869 Tis,
153 1832 408 1869 JUBEATIS,
431 1832 491 1860 UT
513 1832 566 1859 M.
585 1831 768 1860 TULLIO
794 1832 927 1871 AQUA
951 1832 1010 1859 ET
1035 1832 1145 1859 IGNI
1174 1831 1477 1859 INTERDICA-

38 1878 162 1918 TUR?
193 1875 390 1926 Crudele,
421 1875 646 1928 nefarium,
678 1889 732 1916 ne
765 1876 809 1916 in
842 1876 1168 1917 sceleratissimo
1191 1875 1365 1930 quidem
1391 1876 1475 1916 civi

39 1934 129 1974 sine
165 1932 333 1988 judicio
367 1932 608 1973 ferundum.
669 1932 770 1973 Non
805 1933 918 1984 tulit,
955 1942 1002 1973 ut
1044 1932 1337 1973 interdicatur.
1372 1932 1475 1987 quid

38 1993 170 2046 ergo?
214 2003 276 2031 UT
314 2003 663 2032 lNTERchTUM
699 2003 791 2033 srr.
816 1990 856 2031 O
877 2005 1070 2041 coenum,
1101 2005 1127 2030 o
1158 1999 1422 2044 portentum,
1450 2005 1476 2030 o

40 2048 198 2088 scelus!
230 2047 342 2088 hanc
365 2047 443 2088 tibi
467 2047 605 2103 legem
630 2047 809 2089 Clodius
832 2048 1017 2104 scripsit,
1041 2047 1305 2103 spurciorem
1329 2046 1478 2102 lingua

39 2108 140 2148 sna?
173 2114 219 2145 ut
239 2104 514 2145 interdictum
540 2105 609 2155 sit,
631 2105 701 2146 cui
725 2120 810 2145 non
835 2106 890 2146 sit
908 2105 1213 2145 interdictum?
1247 2104 1378 2144 Sexte
1402 2120 1477 2145 no-

43 2171 140 2214 ster,
171 2162 285 2203 bona
310 2161 446 2213 venia,
480 2163 683 2217 quoniam
711 2161 806 2218 jam
836 2165 875 2194 85
889 2161 1139 2204 dialecticus
1171 2175 1231 2211 ες,
1264 2171 1307 2202 et
1341 2163 1380 2193 36
1394 2160 1477 2202 hoe

81 2316 117 2345 81
145 2323 185 2344 ue
202 2324 300 2354 poena
320 2324 390 2354 cap.
412 2325 488 2346 cum
506 2315 648 2355 pecunia
662 2325 735 2346 con·
776 2318 810 2345 ee
833 2314 946 2354 fures.
996 2313 1113 2354 Itaque
1146 2313 1314 2344 Graevium
1348 2318 1479 2345 secutus

33 2354 217 2398 jungatur]
243 2357 429 2388 Pecuniam
455 2367 586 2398 possum
613 2358 735 2388 intelli-

41 2408 115 2438 gere
130 2399 168 2429 de
184 2399 300 2435 inulta,
316 2401 405 2438 cujus
419 2406 451 2429 et
467 2406 539 2440 post
562 2400 734 2438 aliquoties

41 2446 91 2471 est
106 2442 239 2471 mentio.
285 2441 347 2471 Sed
362 2443 416 2481 qui
436 2443 550 2472 modus
566 2443 732 2481 loquendi,

0 2487 1 2519 l
36 2491 168 2523 poenam
195 2485 311 2523 capitis
337 2494 412 2514 cum
432 2486 575 2524 pecunia
602 2484 735 2525 conjun-

0 2523 2 2559 l
39 2526 144 2564 gere?

0 2569 1 2610 ᾗ
86 2569 124 2598 82
145 2567 186 2598 H.
204 2578 230 2598 c.
246 2578 270 2598 s.
284 2568 319 2598 in
334 2578 370 2597 re
384 2568 458 2607 δια]
481 2569 581 2608 Signa
597 2568 736 2600 interro-

0 2618 3 2662 .
44 2609 183 2648 gationis
196 2610 332 2640 sustuli:
355 2615 494 2649 suntque
509 2612 737 2650 conjungenda

0 2666 3 2693 μ
43 2660 117 2680 cnm
133 2651 194 2688 his,
210 2657 249 2681 ut
262 2662 473 2691 consequens,
488 2654 566 2692 quid
579 2653 645 2683 ind.
681 2654 737 2684 Vi-

0 2698 2 2741 J
43 2693 91 2723 dit
105 2698 139 2723 et
152 2694 312 2724 Olivetus.
359 2694 418 2724 Sed
433 2696 479 2724 sie
493 2695 563 2725 edd.
578 2705 625 2734 pr.

0 2744 3 2763 ι
87 2737 125 2765 83
153 2737 318 2766 conductos
352 2742 383 2766 et
413 2737 559 2775 sicarios]
592 2737 738 2768 Graevius

0 2768 4 2817 ξ
46 2775 132 2807 delet
159 2782 199 2807 ef.
254 2778 333 2808 Mss.
364 2778 424 2809 Dr.
453 2779 514 2809 Gu.
542 2779 665 2809 habent
690 2784 738 2810 ut.

0 2832 4 2857 Ι
45 2818 128 2848 forte
166 2829 221 2857 poi·
255 2820 395 2858 glossam
432 2821 580 2851 additum
609 2827 670 2857 est,
699 2832 739 2853 ex

0 2861 4 2918 ξ
45 2870 151 2890 causa.
221 2863 359 2892 cicutas.
404 2862 466 2892 Sed
480 2868 513 2894 et
529 2863 613 2894 infra
626 2864 739 2894 sicarii

106 2916 182 2943 VO·
241 2919 283 2944 «ἴ.
310 2918 420 2946 P.11.

776 2366 862 2388 sum.

819 2402 860 2431 84
876 2399 1005 2438 peritus
1018 2402 1049 2428 et
1069 2397 1160 2437 call]
1186 2398 1334 2428 Graevius
1351 2399 1480 2438 peritus

777 2451 836 2481 pro
851 2441 958 2481 glossa
972 2441 1071 2471 deleri
1087 2440 1169 2470 vult.
1212 2440 1251 2470 In
1274 2440 1346 2471 edd.
1362 2451 1409 2480 pr.
1425 2451 1479 2470 eo-

778 2484 855 2523 pula
872 2493 938 2514 non
953 2487 1015 2519 est,
1031 2482 1117 2522 quod
1128 2484 1226 2522 Juvat
1241 2484 1477 2522 conjecturam.

820 2529 860 2557 85
891 2527 1079 2556 dialecticus
1105 2525 1150 2564 es]
1189 2525 1305 2555 Addidi
1333 2535 1366 2555 es
1401 2535 1476 2554 cum

779 2568 921 2605 Craevio,
941 2568 1027 2607 quod
1049 2567 1119 2598 edd.
1143 2577 1193 2607 pr.
1218 2576 1332 2597 omnes
1357 2572 1479 2608 praeter

778 2610 829 2640 W.
847 2611 979 2642 habent.

822 2654 862 2684 86
885 2655 941 2683 hoc
961 2661 1083 2692 quoque
1105 2650 1238 2691 liguris]
1263 2660 1308 2682 sc.
1331 2649 1478 2680 dialecti-

779 2705 849 2726 cam
877 2695 1094 2725 subtilitatem
1120 2694 1268 2733 attingis.
1292 2692 1405 2723 acerbe
1430 2691 1478 2721 di-

781 2738 829 2768 xit
865 2738 996 2776 liguris,
1032 2737 1205 2776 respiciens
1242 2735 1478 2765 obscenitatem

781 2778 917 2819 linguae,
939 2789 1038 2819 quam
1062 2779 1098 2809 S.
1116 2777 1232 2809 Clodio
1253 2786 1339 2817 saepe
1363 2784 1478 2815 expro—

781 2822 868 2852 brat.

723 2912 798 2948 81.
