1785 3185
444 95 795 137 PHILIPPICA
820 95 1322 139 QUARTADECIMA.
1499 105 1594 141 1441

156 201 390 244 studerunt:
423 199 538 256 quod
561 200 604 241 in
628 199 707 241 hac
728 214 856 242 causa
870 201 965 257 jam
988 203 1078 244 fieri
1101 218 1187 245 non
1210 212 1366 260 potest.
1428 203 1495 247 Ex
1524 206 1594 247 lit-

155 259 257 299 ter-is
288 259 403 299 enim
436 256 487 298 C.
513 256 681 307 pamm,
702 256 757 298 A.
781 255 916 299 Hirtii
940 260 1176 311 consulum,
1203 262 1255 302 C.
1279 259 1461 302 Caesaris
1494 276 1592 318 pro-

153 314 367 370 praetoriS,
387 314 442 355 de
473 313 636 355 honore
665 313 747 354 diis
781 314 1093 357 immortalibus
1125 316 1326 359 habendo
1358 320 1589 362 sententias

154 371 358 413 diximus.
419 370 788 426 Supplicationem
819 373 947 413 modo
968 373 1040 427 qui
1064 373 1266 424 decrevit,
1291 375 1400 415 idern
1425 376 1588 432 impru-

154 428 258 469 dens
279 428 422 469 hostes
438 427 668 483 judicavit.
692 441 923 482 numquam
945 429 1059 470 enim
1084 430 1125 474 in
1148 430 1263 472 civili
1290 431 1398 471 bello
1422 433 1585 488 suppli-

151 485 265 526 catio
297 485 467 526 decreta
497 494 574 524 est.
596 483 810 524 decretam
839 485 964 526 dico?
996 499 1048 526 ne
1070 486 1243 527 victoris
1266 488 1440 541 quidem
1468 489 1583 530 litte-

150 542 208 582 ris
231 541 445 597 postulata
465 550 543 582 est.
605 539 744 581 Civile
770 540 923 582 bellum
947 542 1095 583 consul
1118 543 1235 584 Sulla
1256 544 1416 598 gessit:
1446 544 1642 601 legio-<23

147 597 276 639 nibus
308 599 352 639 in
384 598 534 638 urbem
566 596 776 647 adductis,
806 613 912 652 quos
948 600 1098 649 voluit,
1128 600 1325 656 expulit:
1358 616 1464 656 quos
1504 617 1582 658 po-

147 655 247 706 tuit,
278 655 467 696 occidit:
501 654 824 710 supplicationis
862 657 1024 696 mentio
1057 655 1186 697 nulla.
1247 657 1391 698 Grave
1423 658 1580 700 bellum

148 711 435 753 Octavianum
477 712 715 752 insecutum
755 722 841 751 est:
875 713 1130 768 supplicatio
1171 713 1324 754 Cinnae
1363 715 1478 756 nulla
1517 718 1579 757 vi-

145 769 290 810 ctoris.
353 768 505 809 Cinnae
532 767 752 809 victoriam
788 769 1018 825 imperator
1049 770 1162 810 ultus
1194 780 1258 811 est
1289 770 1431 814 Sulla:
1465 773 1580 814 nulla

145 825 403 881 supplicatio
425 825 595 866 decreta
616 839 640 865 a
662 835 824 865 senatu.
875 826 944 867 Ad
968 837 1009 867 te
1031 827 1186 883 ipsum,
1211 827 1260 868 P.
1285 827 1452 880 Servili,
1474 843 1575 871 num
1591 841 1622 874 b.

142 883 261 923 misit
285 881 386 923 ullas
416 881 581 938 collega
607 880 768 922 litteras
799 881 850 923 de
881 882 950 924 illa
981 883 1229 925 calamitosa
1263 899 1409 940 pugna
1442 885 1576 928 Phar-

143 938 287 980 saliae?
319 953 421 979 num
462 948 503 979 te
544 939 596 980 de
633 938 948 994 supplicatione
988 940 1120 981 voluit
1160 941 1348 984 referre?
1379 942 1575 997 profecto

139 995 293 1037 noluit.
325 995 386 1036 At
406 995 523 1037 misit
544 1005 693 1052 postea
713 997 766 1036 de
786 995 1061 1048 Alexandria,
1085 997 1137 1038 de
1161 998 1395 1040 Pharnace.
1441 999 1574 1041 Phar-

139 1052 282 1094 salicae
314 1067 414 1093 vero
446 1066 604 1108 pugnae
635 1066 689 1092 ne
720 1052 985 1109 triumphum
1016 1055 1189 1109 quidem
1220 1056 1323 1110 egit.
1355 1070 1427 1097 eos
1458 1057 1573 1099 enim

139 1109 254 1150 cives
288 1123 435 1166 pugna
469 1109 540 1150 illa
572 1108 811 1160 sustulerat,
833 1113 868 1144 Ξῖ
885 1112 1041 1166 quibus
1076 1126 1162 1152 non
1197 1113 1325 1153 modo
1348 1113 1471 1165 vivis,
1498 1115 1572 1156 sed

138 1166 268 1207 etiam
292 1166 541 1217 victoribus,
562 1176 606 1207 et
634 1166 874 1218 incolumis,
897 1177 940 1208 et
975 1168 1129 1209 florens
1165 1169 1317 1210 civitas
1349 1183 1440 1211 esse
1474 1185 1572 1226 pos-

128 1232 217 1264 set.
279 1223 408 1270 Quod
448 1223 561 1264 idem
593 1224 835 1279 contigerat
872 1225 1161 1280 superioribus
1203 1224 1321 1266 bellis
1357 1227 1634 1280 civilibuS.24

137 1279 253 1321 Nam
285 1280 391 1322 mihi
430 1279 595 1322 consuli
635 1280 907 1336 supplicatio,
941 1282 1065 1323 nullis
1107 1282 1236 1323 armis
1278 1284 1443 1336 sumtis,
1482 1299 1569 1326 non

133 1337 191 1378 ob
223 1337 385 1378 caedem
421 1336 626 1388 hostium,
648 1339 720 1378 sed
753 1338 810 1378 ob
842 1339 1211 1380 conservationem
1246 1340 1421 1392 civium,
1454 1356 1570 1384 novo

133 1402 177 1434 et
211 1394 410 1435 inaudito.
437 1407 605 1450 genere,
627 1394 799 1436 decreta
832 1405 911 1436 est.
971 1395 1266 1443 Quamobrem
1300 1408 1374 1437 aut
1407 1399 1570 1455 suppli-

134 1451 249 1492 catio
285 1452 343 1492 ob
381 1451 689 1506 rempublicam
726 1451 1010 1507 pulcherrime
1045 1462 1208 1508 gestam
1252 1454 1569 1509 postulantibus

131 1509 171 1539 28
187 1508 335 1549 vestris
367 1507 696 1564 imperatoribus
727 1508 897 1564 publice
927 1509 1179 1567 deneganda
1208 1521 1286 1562 est,
1314 1512 1428 1566 quod
1462 1527 1570 1568 prae-

130 1572 195 1606 ter
231 1565 469 1606 Gabinium
505 1565 693 1621 contigit
727 1565 918 1608 nemini:
950 1576 1038 1618 aut,
1075 1567 1389 1624 supplicatione
1423 1569 1567 1611 decer-

126 1622 281 1674 nenda,
311 1623 454 1663 hostes
483 1636 571 1674 eOS,
604 1623 657 1663 de
694 1623 849 1677 quibus
882 1623 1126 1675 decernitis,
1152 1625 1360 1680 judicetis
1394 1640 1566 1668 necesse

124 1690 207 1720 est.
267 1679 445 1725 29Qu0d
468 1693 571 1734 ergo
594 1679 663 1720 ille
685 1693 743 1729 re,
765 1679 808 1720 id
840 1693 921 1735 ego
953 1682 1082 1722 etiam
1107 1682 1265 1733 verbo;
1298 1697 1397 1723 cum
1429 1684 1612 1749 impe-9

126 1745 287 1777 ratores
309 1750 381 1777 eos
404 1739 571 1792 appello
592 1752 601 1777 :
634 1736 717 1777 hoc
739 1736 832 1791 ipso
853 1738 1026 1778 nomine
1048 1747 1091 1778 et
1111 1752 1197 1789 θος,
1221 1739 1293 1794 qui
1320 1739 1415 1794 jam
1446 1740 1564 1782 devi-

124 1793 183 1834 cti
208 1802 320 1844 sunt,
343 1803 386 1834 et
406 1807 492 1844 eos,
516 1793 589 1848 qui
620 1803 861 1849 supersunt,
885 1794 1028 1835 hostes
1043 1795 1212 1849 judico,
1234 1796 1403 1849 3⁰[cum
1427 1797 1563 1839 victo-

123 1863 190 1890 res
219 1850 386 1906 appello
418 1851 729 1906 imperatores]
791 1850 1023 1897 Quomodo
1056 1852 1169 1893 enim
1206 1855 1350 1907 potius
1377 1853 1559 1896 Pansam
1573 1871 1622 1905 ‘25

123 1907 361 1964 appellem?
392 1907 471 1948 etsi
513 1907 644 1948 habet
684 1907 860 1948 honoris
899 1909 1150 1964 amplissimi
1189 1923 1361 1951 nomen.
1399 1913 1561 1967 3¹qu0-

858 2074 936 2108 gata
958 2070 1032 2100 est?
1079 2069 1229 2101 Profecto
1252 2080 1330 2102 non.
1374 2069 1436 2101 Sed
1451 2071 1480 2102 ei
1504 2082 1561 2103 ne-

857 2116 935 2150 gata
963 2116 1012 2141 est
1043 2110 1174 2142 decreto
1203 2118 1349 2149 senatuS,
1379 2121 1412 2144 et
1442 2121 1560 2144 contu-

117 2071 158 2102 de
178 2070 265 2103 Bell.
289 2070 359 2101 civ.
382 2069 409 2106 Ι,
430 2071 462 2102 9.
506 2068 622 2100 Paullo
645 2073 723 2099 ante
749 2069 814 2099 Ms.

120 2114 267 2154 Huydec.
296 2113 386 2144 addit
413 2121 510 2142 cum:
531 2111 639 2141 Antea
663 2121 738 2141 cum
762 2114 815 2141 ho-

117 2160 210 2192 stem,
227 2160 286 2186 aue
301 2164 376 2186 cum
392 2155 512 2184 beleum
526 2163 561 2183 n.
577 2162 643 2183 non
660 2153 757 2184 male.

160 2200 197 2231 27
221 2198 335 2238 quibus
355 2206 419 2226 non
435 2196 524 2226 modo
539 2196 630 2232 vivis,
646 2195 703 2225 sed
713 2195 814 2225 etiam

116 2240 303 2280 victoribus]
330 2239 429 2276 Hunc
451 2237 598 2268 ordinem
617 2247 656 2267 ex
670 2237 814 2276 antiquis

116 2282 280 2313 codicibus
323 2282 513 2311 restiturum
555 2283 686 2309 secutus
728 2288 814 2316 sum,

116 2334 214 2363 quem
256 2323 404 2364 gradatio
443 2321 618 2352 sententiae
655 2320 814 2361 postulat.

115 2366 224 2405 Vulgo
238 2376 267 2405 q.
283 2376 316 2396 n.
331 2375 376 2395 m.
392 2363 564 2395 victoribus
575 2362 632 2393 ud
643 2373 671 2394 e.
682 2364 776 2393 vivis.

156 2410 197 2440 28
220 2418 250 2438 v.
273 2407 522 2447 imperatoribus
543 2405 614 2435 den.
635 2405 695 2444 est]
721 2404 811 2434 Libri

112 2451 242 2481 variant
263 2450 351 2480 inter
370 2449 490 2479 nostris
509 2450 545 2478 et
564 2447 688 2478 vestris.
711 2447 812 2477 varie·

111 2496 218 2523 tatem
235 2491 326 2522 illam
340 2501 359 2522 a
374 2489 607 2531 glossator-ibus
622 2494 730 2538 ortam
752 2498 813 2529 pu-

110 2538 201 2565 tem:
225 2542 304 2565 nam
331 2538 489 2564 neutrum
510 2539 726 2562 necessarium
748 2538 808 2561 est.

111 2576 200 2607 Tum
222 2575 294 2607 edd.
310 2585 360 2616 pr.
374 2575 455 2606 item
477 2574 559 2605 Mss.
577 2572 699 2612 plures,
715 2576 754 2603 ut
774 2577 809 2604 et

112 2617 259 2658 Huydec.
282 2617 408 2648 addunt
423 2617 553 2657 publice
573 2615 644 2645 den.
667 2615 688 2645 i.
702 2625 732 2645 e.
754 2613 809 2646 de-

96 2668 200 2691 *creto
223 2664 370 2696 senatus,
398 2659 492 2698 idque
519 2666 587 2688 non
615 2657 696 2687 bene
721 2655 808 2687 dele-

859 2152 1004 2183 meliose:
1022 2153 1108 2192 quod
1125 2164 1200 2184 eum
1217 2154 1362 2185 dicerent
1378 2155 1558 2187 mentitum

855 2203 935 2231 esse,
952 2197 1083 2235 ejusque
1107 2195 1218 2227 literas
1241 2196 1412 2227 mendaces
1428 2205 1508 2229 esse.
1525 2209 1556 2230 v.

855 2245 954 2276 supra
975 2238 1009 2268 in
1032 2238 1096 2268 Pis.
1112 2245 1147 2268 et
1168 2238 1209 2269 ad
1231 2238 1285 2269 Fr.
1303 2238 1348 2269 11.
1365 2241 1395 2269 8.
1412 2238 1468 2269 ubi
1483 2245 1556 2271 est:

857 2277 1023 2310 Procilius
1036 2278 1186 2320 adjurat,
1203 2281 1259 2310 hoc
1278 2280 1401 2311 nemini
1422 2283 1557 2313 accidis·

855 2329 905 2351 se.-
925 2330 992 2351 non
1007 2323 1186 2360 contigisse,
1201 2326 1239 2352 ut
1253 2322 1285 2353 h.
1298 2322 1321 2353 l.
1337 2323 1429 2362 cujus
1443 2330 1555 2356 tamen

853 2368 888 2392 et
906 2363 971 2393 alia
993 2364 1142 2404 exempla
1161 2368 1251 2395 sunt.
1268 2374 1298 2395 v.
1317 2364 1409 2395 Clav.
1453 2365 1556 2397 Deni-

854 2414 915 2444 que
939 2404 1002 2435 ΜΞ.
1027 2406 1175 2446 Huydec.
1198 2410 1246 2437 est
1267 2406 1471 2446 deneganda,
1491 2417 1553 2439 nu·

858 2456 1027 2478 meroslus.

896 2491 937 2523 ‘29
957 2488 1058 2530 ‚Quod
1068 2499 1099 2521 e.
1112 2489 1182 2529 ille]
1205 2488 1374 2527 Servilius,
1389 2497 1428 2521 ut
1443 2500 1553 2532 supra,

851 2531 907 2570 qui
927 2530 1202 2572 supplicationem
1225 2531 1462 2564 decernendam
1477 2544 1554 2565 cen-

851 2578 972 2603 suerat.

894 2617 934 2645 30
956 2623 1032 2645 cum
1056 2615 1190 2646 victores
1218 2624 1296 2656 app.
1323 2615 1547 2657 imperatores]

850 2655 953 2686 Recte
984 2656 1148 2687 Ferrarius
1176 2657 1240 2688 hoc
1267 2667 1327 2698 pro
1355 2658 1551 2697 glossemate

106 2706 181 2733 tum
201 2712 221 2733 a
243 2702 279 2733 P.
296 2701 462 2732 Manutio.
480 2709 559 2731 nam
579 2699 727 2739 profecto
747 2698 806 2729 fri-
847 2697 964 2729 babet:
988 2708 1065 2729 nam
1088 2703 1138 2729 est
1159 2699 1267 2731 inanis
1282 2699 1436 2739 repetitio
1455 2710 1552 2742 supe.

107 2743 221 2782 gidum
235 2749 286 2774 est
299 2743 472 2783 vulgatum
486 2747 521 2773 et
542 2740 628 2772 male
650 2741 805 2772 convenit
847 2740 953 2777 rioris,
968 2749 1044 2770 cum
1063 2741 1168 2782 impp.
1182 2751 1234 2772 eos
1253 2743 1390 2781 appello.
1434 2742 1551 2783 Itaque

100 2786 327 2825 sequentibus,
343 2785 428 2827 quod
441 2788 566 2825 praeter
586 2783 706 2814 Gabia.
722 2792 752 2813 c.
769 2791 802 2813 n.
846 2782 941 2812 uncis
956 2781 1086 2812 inclusi.

104 2829 158 2859 An
173 2829 260 2860 enim
282 2827 344 2859 soli
365 2827 505 2858 Gabinio
527 2825 723 2866 supplicatio
746 2833 803 2855 ne-

887 2826 923 2854 31
950 2824 1102 2864 quomodo
1117 2823 1272 2856 Hirtium
1285 2824 1315 2865 ι’]
1331 2825 1384 2856 Sic
1400 2834 1458 2866 pro
1475 2836 1548 2867 quo,

765 2871 891 2907 5Αὸ
