1812 3147
255 106 329 146 782
845 101 1098 141 ORATIO

254 207 327 262 qui
349 206 511 248 circum
527 206 742 261 judicium
765 207 951 260 stabant,
969 207 1115 249 audire
1137 205 1332 249 nolebat·
1365 220 1450 247 non
1475 203 1690 264 intellige-

258 265 346 314 bat,
368 278 432 314 ea,
451 277 547 318 quae
571 263 682 304 clare
702 263 878 315 diceret,
898 265 958 306 ita
973 264 1067 306 illos
1086 264 1321 313 audituios,
1340 264 1497 318 quibus
1520 277 1564 303 se
1587 278 1689 305 ven·

256 321 438 371 ditabat,
464 331 509 361 ut
531 335 604 360 vos
635 335 805 382 quoque
835 322 1054 372 audiretis,
1083 321 1207 376 3¹qui
1232 321 1273 362 id
1306 335 1391 360 non
1415 320 1688 375 probabatis:

258 378 412 419 deinde
434 377 612 418 alterum
638 392 730 431 ιιιιιιι
753 379 933 419 oratoris
954 380 1121 428 vitium,
1145 393 1230 419 non
1265 377 1420 427 videre,
1444 377 1546 431 quid
1571 391 1692 432 quae·

259 450 342 490 que
364 449 492 476 causa
513 434 714 497 postulet.
777 435 897 476 Nihil
920 446 984 477 est
1005 437 1118 476 enim
1139 445 1226 476 tam
1246 435 1430 475 alienum
1451 434 1505 474 ab
1527 448 1594 484 eo,
1615 434 1691 489 qui

260 493 439 532 alterum
471 491 782 545 conjurationis
816 502 1002 543 accuset,
1036 507 1164 548 quam
1200 491 1329 532 videri
1368 490 1693 545 conjuratorum

263 563 438 604 poenam
464 558 729 602 mortemque
760 549 919 604 lugere.
982 550 1112 596 Quod
1134 563 1233 590 cuin
1264 548 1353 587 39ἰ5
1376 548 1573 588 tribunus
1605 547 1695 604 ple-

263 606 328 646 bis
354 605 471 656 facit,
493 620 566 659 qui
598 619 706 645 uuus
729 605 896 646 videtur
926 620 980 646 ex
1010 606 1091 647 illis
1122 606 1175 647 ad
1205 604 1416 660 lugendos
1445 604 1694 659 conjuratos

131 682 161 712 p.
183 673 250 703 ιιι.
266 663 449 712 relictus,
472 677 556 702 non
590 662 744 702 mirum
767 671 857 704 est:
891 663 1066 706 difficile
1089 673 1154 704 est
1176 663 1291 703 enirn
1317 671 1471 713 tacere,
1494 676 1592 702 cum
1617 661 1696 702 do-

221 720 362 761 ⁸·leas.
394 729 450 769 te,
473 719 506 759 si
534 718 637 773 quid
661 718 872 773 ejusmodi
895 719 1016 772 facis,
1037 736 1123 761 non
1145 720 1274 760 modo
1297 718 1425 759 talem
1448 718 1696 759 adolescen-

266 787 367 827 tem,
390 776 461 817 sed
484 776 524 816 in
549 790 599 815 ca
620 790 760 826 causa,
784 776 826 816 in
849 792 933 831 qua
955 787 996 817 te
1020 778 1232 819 vindicem
1256 775 1569 831 conjurationis
1593 775 1695 816 velis

204 847 253 881 32
267 848 370 884 esse,
410 833 684 873 veliementer
721 833 921 874 admiissor
982 835 1063 875 Sed
1104 833 1368 890 reprehendo
1411 843 1553 873 tamen
1592 832 1699 874 illud

266 890 469 940 maxime,
487 889 602 944 quod
622 889 704 930 isto
723 890 898 946 ingenio
917 901 960 931 et
979 892 1204 946 prudentia
1222 890 1442 946 p1·aeditUS‚
1470 892 1510 921 33
1524 904 1697 931 causam

267 947 515 1003 reipublicae
539 961 622 987 non
650 955 782 997 tenes,
803 947 876 1002 qui
904 949 1122 999 arbitrere,
1147 948 1260 1004 plebi
1296 947 1506 988 Romanae
1535 961 1598 988 res
1626 961 1698 988 eas

268 1020 353 1045 non
379 1003 565 1060 probini,
587 1018 706 1058 quas,
729 1018 794 1044 me
817 1005 1004 1056 consule,
1027 1020 1174 1046 omnes
1202 1005 1302 1046 boni
1326 1019 1402 1060 pro
1423 1003 1558 1045 salute
1579 1018 1698 1045 com-

191 1064 252 1110 11
269 1076 386 1103 mum
410 1070 646 1125 gesselQunt
709 1060 765 1101 Et
784 1075 911 1116 quem
935 1073 979 1102 tu
1005 1063 1172 1113 horum,
1194 1062 1301 1118 qui‹
1290 1062 1459 1112 adsunt,
1478 1062 1634 1116 quibus
1659 1070 1701 1101 te

269 1128 419 1160 contra
440 1119 630 1173 ipsorum
654 1117 919 1159 voluntatem
941 1120 1205 1170 venditabas,
1228 1128 1302 1160 aut
1333 1128 1420 1160 tarn
1446 1119 1699 1159 sceleratum

268 1177 419 1217 statuis
448 1175 594 1225 fuisse,
617 1184 664 1215 ut
687 1174 781 1217 haec
813 1177 958 1217 omnia
980 1178 1116 1232 perire
1138 1152 1334 1226 voluerit,
1358 1185 1432 1217 aut
1463 1186 1559 1216 tam
1574 1175 1699 1216 mise-

268 1248 377 1283 rum,
401 1241 449 1273 ut
469 1242 512 1273 et
534 1247 578 1272 se
603 1232 741 1288 perire
763 1243 955 1289 cuperet,
976 1243 1020 1274 et
1041 1233 1149 1274 nihil
1176 1234 1367 1284 haberet,
1388 1233 1503 1298 quod
1536 1232 1701 1274 salvum

267 1305 359 1331 esse
380 1289 533 1331 xellet?
591 1290 660 1330 An
685 1298 783 1331 'vcro
814 1289 1095 1332 clarissimum
1123 1292 1259 1332 virum
1291 1290 1459 1347 geneiis
1491 1290 1619 1331 vestri
1650 1301 1700 1330 ac

269 1347 456 1389 nominis
487 1361 614 1387 nemo
645 1347 934 1411 leprehendit,
955 1349 1027 1403 qui
1060 1347 1195 1388 filium
1227 1363 1349 1388 suum
1381 1348 1470 1388 vita
1501 1347 1704 1403 privavit,

273 1416 318 1445 ut
341 1405 384 1446 in
405 1405 557 1445 ceteris
580 1403 799 1445 firmaret
790 1405 1042 1460 imperium:
1075 1415 1119 1446 tu
1144 1404 1452 1461 rempublicam
1474 1403 1706 1460 repiehen·

270 1463 350 1512 dis,
372 1476 468 1517 quae
495 1462 755 1503 domesticos
785 1461 945 1513 hostes,
967 1477 1020 1502 ne
1042 1462 1129 1503 z'ib
1122 1477 1170 1502 ns
1203 1478 1296 1519 ipsa
1318 1471 1556 1512 necaretur,
1578 1474 1704 1502 neca-

210 1528 258 1560 35
275 1520 362 1561 vit?
417 1519 568 1574 Itaque
590 1519 797 1561 attende
780 1534 888 1575 Jam,
911 1517 1141 1584 Torquate,
1172 1522 1213 1550 ³4
1226 1535 1353 1575 quam
1377 1533 1458 1575 ego
1481 1517 1703 1574 defugiam

272 1576 574 1618 auctoritatem
605 1577 850 1617 consulatus
882 1577 981 1618 mei.
1011 1578 1203 1618 maxima
1229 1591 1348 1627 voce,
1372 1587 1420 1617 ut
1449 1590 1598 1616 omnes
1629 1589 1705 1615 ex·

272 1634 417 1675 audire
435 1634 615 1689 possint,
635 1633 748 1685 dico,
768 1649 1018 1691 semperque
1040 1635 1202 1676 dicam:
1235 1635 1428 1675 adestote
1446 1647 1595 1674 omnes
1614 1631 1706 1672 ani-

272 1693 367 1739 mis,
390 1692 461 1746 qui
485 1691 642 1732 adestis
665 1692 932 1747 eor-poribus,
953 1706 1134 1747 quorum
1157 1706 1238 1748 ego
1262 1691 1503 1746 frequentia
1525 1703 1709 1754 magno-

275 1763 371 1804 pere
394 1748 540 1789 Ῑιήειοι
572 1748 726 1805 erigite
747 1758 911 1790 mentes
933 1763 1139 1804 amesque
1164 1758 1336 1799 xestras‚
1360 1759 1403 1789 et
1425 1762 1493 1788 me
1521 1747 1604 1788 de
1595 1760 1707 1787 ιιινι-

273 1807 403 1846 diosis
428 1805 566 1855 rebus,
588 1816 638 1847 ut
636 1783 729 1846 ome
750 1816 889 1862 putat,
910 1806 1123 1847 dicentem
1152 1806 1377 1847 attendite.
1439 1804 1535 1861 Ego
1557 1803 1707 1846 consul

273 1878 370 1903 cuin
393 1864 607 1904 exercitus
633 1863 897 1919 perditorum
928 1864 1103 1914 civium,
1126 1864 1392 1904 clandestino
1425 1863 1581 1903 scelere
1602 1875 1707 1902 con-

275 1920 314 1960 fl
307 1930 415 1970 dtus,
458 1920 797 1961 crudelissimum
840 1927 883 1962 et
923 1896 1287 1962 luctuosissimum
1327 1920 1511 1961 exitium
1556 1918 1706 1975 patriae

273 1987 586 2033 comparasset:
618 1993 716 2019 cuin
735 1979 785 2019 ad
807 1993 1007 2020 occasum
1028 1979 1334 2033 interitumque
1353 1976 1602 2033 reipublicae
1623 1974 1708 2016 Ca·

275 2035 378 2074 tilin·
372 2051 395 2075 ιι
418 2050 457 2074 ιιι
481 2035 652 2086 cast1i53
685 2035 728 2075 in
751 2036 816 2076 his
835 2045 978 2076 autem
999 2035 1168 2091 templis
1188 2046 1317 2099 atque
1339 2035 1464 2075 tectis
1482 2034 1571 2074 dux
1597 2032 1708 2074 Len-

278 2092 386 2132 tulus
411 2101 521 2133 esset
551 2093 835 2134 constitutus:
867 2093 973 2133 meis
997 2092 1202 2142 consiliis,
1231 2092 1336 2132 meis
1363 2090 1600 2156 laboribus,
1624 2090 1708 2129 mei

275 2149 429 2204 capitis
452 2149 664 2213 peric-uliS,
684 2149 774 2191 sine
797 2150 998 2201 tumultu,
1021 2151 1112 2190 sine
1135 2149 1317 2200 delectu,
1340 2149 1430 2190 sine
1451 2148 1595 2197 armis,
1618 2147 1709 2187 sine

274 2206 482 2255 exercitu,
505 2206 694 2262 quinque
718 2207 964 2248 hominibus
986 2207 1306 2263 comprehensis
1332 2208 1372 2237 35
1386 2215 1515 2260 atque
1536 2203 1710 2245 confos-

315 2333 352 2360 31
378 2333 431 2370 qui
456 2331 490 2360 121
510 2341 572 2360 non
588 2331 790 2371 probabatis]
823 2333 875 2362 Sic
898 2331 969 2361 edd.
1056 2334 1096 2361 353
1131 2340 1266 2361 causam
1299 2329 1451 2369 reipubl]
1490 2340 1519 2359 v.
1549 2329 1640 2360 Clav.
1678 2329 1713 2357 in

275 2379 354 2402 vett.
381 2382 552 2408 consensu,
581 2383 648 2403 non
673 2375 828 2413 probatis.
865 2374 971 2412 Atque
1014 2383 1089 2403 cuu³
1087 2384 1125 2403 τι.

274 2415 321 2444 nic
344 2414 517 2453 legendum
539 2414 662 2445 dudum
685 2418 900 2456 conjeceram,
922 2422 971 2446 at·
1057 2418 1097 2446 3⁴
1119 2425 1218 2455 quam
1241 2424 1298 2453 ego
1320 2412 1492 2454 defugwm
1513 2423 1543 2444 a.
1559 2412 1603 2452 c.]
1630 2411 1711 2442 Edd.

277 2467 339 2496 que
354 2457 454 2487 etiam
470 2463 546 2486 ante
562 2458 596 2487 in
611 2457 727 2494 verbis,
742 2460 796 2498 qui
808 2470 845 2488 ea
856 2459 972 2497 proba-
1015 2462 1047 2487 et
1070 2467 1130 2487 5(·.ι·
1150 2457 1280 2497 quidam
1303 2466 1401 2496 quam
1416 2465 1475 2495 ego
1498 2465 1562 2486 non
1584 2454 1713 2493 ‹Iesicg‘i-

277 2500 330 2533 eis,
360 2506 418 2529 aut
442 2499 636 2538 probaretis.
693 2499 731 2529 ln
759 2500 808 2530 ed.
839 2501 973 2530 Gruteri
1016 2509 1089 2529 am:
1114 2500 1227 2530 eodem
1244 2508 1350 2529 sensu.
1393 2498 1456 2529 Sed
1471 2497 1545 2528 libri
1562 2497 1712 2527 meliores

304 2541 420 2570 rimum
441 2550 613 2581 operarum
627 2550 736 2572 errore
759 2542 974 2582 irrepsitpro—
1017 2541 1088 2572 edd.
1104 2549 1136 2572 rt
1152 2551 1213 2572 scr.
1228 2550 1327 2580 quam
1341 2550 1398 2579 ego
1411 2539 1601 2580 ᾱςῇιὲἰαηκ
1626 2539 1712 2577 quod

279 2552 380 2613 gatis:
404 2592 462 2613 nec
477 2582 509 2612 id
530 2582 790 2614 animadversum
807 2595 826 2614 a
849 2585 975 2614 Grono-
1018 2591 1066 2614 est
1084 2594 1117 2613 ve
1123 2594 1181 2614 iius
1169 2584 1260 2613 stius.
1273 2583 1394 2614 ironice
1407 2583 1543 2612 dictum.

281 2625 331 2654 vio
353 2629 386 2655 et
407 2624 545 2655 Graevio.
589 2624 698 2664 Atque
719 2626 819 2656 etiam
838 2627 874 2655 id
895 2632 974 2665 puto
1061 2629 1100 2656 35
1124 2631 1220 2665 atque
1241 2623 1404 2666 corfiassis]
1437 2624 1560 2654 Durius
1584 2623 1645 2653 hoc
1668 2623 1716 2651 xi—

279 2666 470 2698 delendum:
497 2666 630 2697 deberet
642 2677 710 2697 esse
726 2677 776 2703 ea,
792 2674 828 2697 ut
843 2678 950 2707 supra.
1018 2678 1089 2698 sum
1119 2673 1187 2698 est:
1226 2667 1312 2698 unde
1338 2672 1520 2697 correctum
1545 2667 1578 2696 in
1608 2665 1712 2702 libris,

321 2713 362 2740 32
384 2710 411 2739 is
426 2707 616 2747 tribuna-vs.
630 2711 686 2749 qui
701 2710 773 2749 &c.]
800 2709 974 2740 Metellum
1018 2709 1179 2749 confessis,
1217 2709 1302 2749 quod
1331 2715 1365 2739 et
1394 2708 1554 2739 Gruterus
1586 2707 1713 2747 probat.

280 2752 444 2791 Nepotem
479 2751 632 2790 intelligi,
662 2757 749 2782 recte
777 2751 906 2791 ¹judicat
938 2752 974 2781 P.
1019 2752 1162 2783 Frustra.
1208 2751 1311 2791 Loqui
1336 2750 1406 2781 ιιιὶῑ
1429 2750 1468 2781 de
1491 2749 1712 2790 supplic-ima

281 2793 469 2823 Manutius:
498 2802 573 2823 nani
597 2803 636 2822 eo
658 2794 791 2824 tribuno
815 2793 904 2824 dicta
926 2801 976 2824 est
1017 2794 1128 2833 paullo
1144 2800 1215 2833 post
1228 2804 1323 2833 prena
1342 2802 1456 2823 eorum
1478 2801 1713 2822 commemora·

280 2836 481 2871 haec-oratio,
497 2836 587 2866 Coss.
604 2836 746 2870 Murena
759 2841 791 2866 et
808 2836 932 2866 Silano.
1017 2842 1083 2868 tur.
1135 2836 1289 2876 Conjbssis
1313 2845 1379 2867 nou
1401 2836 1528 2875 proprie
1556 2834 1716 2872 accipien-
