1785 3185
402 123 527 161 PRO
552 124 598 161 Τ.
628 123 822 161 ANNlo
847 125 1101 163 MILONE.
1380 128 1477 165 1189

41 230 121 271 mis
153 227 331 269 fortasse
358 226 507 268 multa.
570 226 687 273 Quid
718 235 863 277 restat,
887 228 966 268 nisi
993 238 1040 268 ut
1061 243 1178 269 orem
1203 230 1478 286 obtesterque

42 301 133 336 vos,
168 285 354 340 judices,
395 292 442 325 ut
483 297 578 324 eam
619 283 955 324 misericordiam
1001 285 1199 326 tribuatis
1243 286 1478 329 fortissimo

44 343 151 393 viro,
193 356 321 397 quam
363 341 454 397 ipse
496 355 581 381 non
624 339 847 396 implorat:
894 355 992 396 ego,
1033 341 1162 382 etiam
1212 356 1479 400 repugnante

44 399 142 450 hoc,
172 409 214 440 et
245 397 442 454 imploro,
473 406 516 440 et
544 400 762 453 exposco?
795 397 956 449 Nolite,
984 398 1017 438 si
1046 398 1088 438 in
1114 408 1260 439 nostro
1285 402 1479 442 omnium

46 456 149 497 fletu
172 456 329 497 nullam
352 455 570 496 lacrimam
597 455 854 511 adspexistis
886 454 1091 496 Milonis:
1125 456 1158 495 si
1182 456 1344 497 vultum
1369 472 1479 498 scni-

44 527 119 569 per
149 513 346 562 eundem,
370 513 402 553 si
430 527 593 563 vocem,
617 513 650 553 si
684 513 921 553 orationem
951 512 1162 561 stabilem,
1192 528 1241 554 ac
1271 528 1355 554 non
1386 529 1480 555 mu-

46 580 179 611 tatam
216 570 384 621 videtis,
408 569 489 611 hoc
525 569 666 610 minus
693 570 730 609 ei
760 584 958 625 parcere:
992 579 1120 625 atque
1155 570 1268 611 haud
1299 570 1403 621 scio,
1425 586 1481 613 an

45 628 182 668 multo
204 629 334 669 etiam
357 627 411 667 sit
433 627 699 682 adjuvandus
722 627 874 682 magis.
937 625 1108 668 Etenim
1137 627 1170 667 si
1199 627 1240 668 in
1270 628 1483 683 gladiato-

45 685 118 726 riis
151 686 322 741 pugnis,
345 695 387 725 et
411 684 451 725 in
476 684 610 724 infimi
644 684 810 740 generis
834 683 1057 725 hominum
1081 684 1330 726 conditione
1353 694 1481 740 atque

47 741 234 793 fortuna,
273 741 445 782 timidos
475 752 518 782 et
556 741 784 796 supplices,
823 750 880 792 et,
918 751 965 782 ut
999 741 1140 782 vivere
1178 741 1317 793 liceat,
1356 743 1481 784 obse-

46 809 228 851 crantes,
261 800 390 840 etiam
425 798 565 839 odisse
598 798 809 839 solemus:
842 797 987 850 fortes,
1017 807 1061 839 et
1089 798 1320 850 animosos,
1357 809 1400 840 et
1437 814 1482 841 se

48 856 202 897 acriter
234 856 347 912 ipsos
379 856 505 896 morti
537 854 779 905 offerentes,
806 857 846 886 33
861 870 1026 896 servare
1057 856 1280 912 cupimus:
1312 871 1481 898 eorum-

48 928 131 968 que
153 928 229 954 nos
262 912 398 968 magis
429 912 614 963 miseret,
636 913 709 967 qui
738 920 927 954 nostram
950 913 1283 954 misericordiam
1308 929 1394 955 non
1417 929 1482 955 re-

49 971 238 1025 quirunt,
261 985 388 1025 quam
411 970 482 1024 qui
517 969 630 1010 illam
661 969 929 1025 efflagitant3
960 980 1122 1025 quanto
1154 970 1237 1012 hoc
1267 972 1405 1028 magis
1437 972 1480 1013 in

50 1027 293 1068 fortissimis
326 1027 492 1067 civibus
525 1026 665 1067 facere
697 1027 929 1069 debemus?
967 1027 1044 1068 Me
1078 1028 1266 1082 quidem,
1295 1028 1542 1083 judices,93

50 1085 300 1126 exanimant
338 1093 381 1124 et
419 1084 670 1124 interimunt
708 1083 775 1125 hae
814 1099 939 1125 voces
977 1085 1172 1136 Milonis,
1211 1100 1314 1141 quas
1354 1087 1482 1128 audio

51 1142 232 1192 assidue,
270 1152 313 1183 et
351 1141 506 1197 quibus
548 1141 752 1182 intersum
791 1141 1000 1196 quotidie.
1064 1142 1258 1194 Valeant,
1300 1143 1482 1196 valeant,

51 1199 206 1254 inquit,
240 1199 354 1240 cives
388 1198 488 1250 mei,
522 1198 709 1240 valeant:
743 1199 828 1239 sint
864 1198 1114 1250 incolumes,
1148 1201 1233 1241 sint
1268 1201 1483 1253 florentes,

51 1257 137 1297 sint
169 1256 312 1298 beati:
345 1265 426 1296 stet
458 1256 552 1297 haec
587 1257 683 1296 urbs
714 1255 932 1312 praeclara,
964 1256 1156 1312 mihique
1189 1258 1325 1312 patria
1355 1259 1485 1299 caris-

53 1314 174 1365 sima,
196 1328 370 1369 quoquo
394 1313 521 1354 modo
545 1313 696 1354 merita
716 1313 769 1354 de
792 1327 858 1353 me
880 1314 975 1354 erit.
1010 1314 1236 1369 tranquilla
1265 1316 1486 1371 republica
1497 1341 1528 1371 p.
1547 1334 1617 1364 120.

54 1371 170 1412 cives
192 1371 273 1412 mei
297 1371 521 1426 (quoniam
547 1370 647 1411 milii
672 1385 769 1411 cum
799 1371 879 1411 illis
911 1386 997 1412 non
1028 1371 1145 1422 licet)
1169 1373 1259 1413 sine
1291 1387 1357 1413 me
1388 1374 1529 1429 ipsi,³-

54 1429 127 1469 sed
152 1443 223 1483 per
247 1442 312 1468 me
337 1437 492 1478 tamen,
516 1428 800 1483 perfruantur.
823 1442 906 1483 ego
936 1428 1101 1480 cedam,
1123 1440 1252 1485 atque
1282 1431 1428 1472 abibo.
1452 1431 1486 1471 si

52 1485 158 1526 mihi
184 1486 403 1541 republica
425 1486 538 1526 bona
559 1485 640 1525 frui
666 1500 751 1526 non
772 1484 954 1537 licuerit,
977 1495 1021 1526 at
1041 1488 1196 1527 carebo
1225 1487 1359 1529 mala:
1391 1490 1432 1519 3⁴
1444 1497 1489 1528 et

54 1558 183 1598 quain
216 1543 395 1598 primam
420 1543 602 1598 tetigero
629 1544 734 1583 bene
756 1551 965 1583 moratam
987 1552 1030 1584 et
1050 1543 1227 1585 liberam
1251 1545 1488 1596 civitatem,

55 1601 98 1641 in
130 1615 180 1641 ea
210 1600 525 1655 conquiescam.
588 1600 627 1640 O
659 1600 828 1650 frustra,
853 1600 1008 1655 iuquit,
1036 1603 1222 1658 suseepti
1254 1602 1338 1642 mei
1369 1602 1488 1643 labo·
1502 1612 1552 1646 94

54 1660 143 1700 res!
177 1672 202 1697 ο
225 1671 319 1713 spes
344 1657 536 1698 fallaces!
565 1672 590 1697 0
613 1658 900 1714 cogitationes
923 1658 1069 1699 inanes
1095 1661 1225 1701 meze!
1263 1659 1371 1715 Ego,
1391 1674 1490 1701 cum

54 1715 252 1756 tribunus
288 1714 422 1770 plebis
457 1714 676 1770 republica
708 1728 924 1770 oppressa,
958 1730 1026 1755 me
1066 1716 1230 1756 senatui
1265 1717 1492 1768 dedissem,

56 1786 184 1828 quem
214 1772 477 1813 exstinctum
510 1786 757 1827 acceperam
779 1789 787 1812 z
819 1772 1038 1827 equitibus
1062 1771 1287 1823 Romanis,
1308 1789 1493 1829 quorum

56 1830 166 1870 vires
197 1837 317 1870 erant
348 1828 537 1871 debiles:
578 1830 698 1871 bonis
733 1829 847 1879 viris,
879 1829 952 1884 qui
985 1844 1156 1870 omnem
1189 1831 1493 1872 auctoritatem

59 1885 280 1927 Clodianis
302 1886 428 1926 armis
452 1886 722 1940 abjecerant:
756 1886 861 1927 mihi
885 1901 1088 1942 umquam
1113 1888 1325 1929 bonorum
1345 1889 1493 1944 praesi-

58 1943 178 1984 dium
208 1942 454 1984 defuturum
489 1947 711 1998 putarem?
745 1942 854 1998 Ego,
878 1958 978 1984 cum
1001 1952 1042 1984 te
1064 1948 1251 1997 (mecum
1276 1946 1390 1987 enim
1415 1961 1494 1987 sae-

56 2001 231 2056 pissime
254 2000 458 2055 loquitur)
486 2001 633 2055 patriae
658 2001 950 2052 reddidissem,
977 2001 1083 2042 mihi
1116 2001 1308 2043 futurum
1341 2003 1385 2043 in
1419 2018 1495 2058 pa-

58 2058 140 2099 tria
170 2072 254 2098 non
287 2067 479 2113 putarem
511 2057 677 2099 locum?
715 2057 797 2098 Ubi
830 2073 943 2098 nunc
969 2068 1139 2099 senatus
1168 2068 1246 2110 est,
1275 2074 1402 2115 quem
1431 2074 1496 2100 se·

58 2115 147 2156 cuti
181 2118 359 2156 sumus?
392 2115 464 2155 ubi
497 2115 661 2169 equites
697 2114 881 2156 Romani
915 2114 988 2166 illi,
1013 2115 1087 2165 illi,
1111 2116 1267 2172 inquit,
1290 2117 1387 2159 tui?
1418 2117 1494 2158 ubi

59 2173 201 2213 studia
234 2171 595 2227 municipiorum?
627 2172 698 2213 ubi
736 2171 874 2214 Italiae
898 2175 1059 2214 voces?
1091 2173 1165 2214 ubi
1195 2173 1379 2229 denique
1405 2183 1494 2225 tua,

59 2229 128 2271 M.
166 2229 293 2280 Tulli,
333 2244 430 2284 quae
475 2228 667 2284 plurimis
711 2229 794 2270 fuit
836 2229 1012 2281 auxilio,
1055 2244 1141 2271 vox
1182 2239 1226 2272 et
1265 2231 1493 2273 defensio?

0 2281 1 2293 ¹
59 2287 223 2328 mihine
258 2301 307 2327 ea
337 2286 430 2336 soli,
464 2286 536 2340 qui
576 2301 650 2341 pro
687 2295 728 2327 te
762 2286 890 2327 toties
924 2286 1053 2327 morti
1093 2301 1161 2329 me
1197 2289 1350 2340 obtuli,
1383 2288 1492 2330 nihil

60 2353 202 2400 potest
243 2343 476 2399 opitulari?
510 2343 604 2384 Nec
642 2358 740 2384 vero
782 2343 891 2395 haec,
926 2343 1112 2399 judiceS‚
1151 2353 1198 2385 ut
1240 2360 1323 2402 ego
1361 2356 1577 2407 nunc,35

64 2402 183 2452 fiens,
221 2402 293 2442 secl
323 2400 406 2441 hoc
445 2401 594 2441 eodem
634 2401 823 2456 loquitur
858 2400 994 2452 vultu,
1027 2417 1113 2457 quo
1152 2402 1322 2444 videtis.
1359 2413 1490 2460 negat
1504 2429 1554 2463 95

62 2459 191 2510 enim,
217 2473 274 2508 se,
299 2466 428 2514 negat
456 2457 634 2514 ingratis
658 2458 826 2499 civibus
855 2461 895 2489 35
910 2457 1075 2511 fecisse,
1100 2474 1197 2514 quae
1227 2459 1405 2503 fecerit:
1439 2462 1493 2502 ti-

102 2593 143 2622 33
172 2602 302 2623 servare
329 2592 490 2634 cupimus]
523 2593 642 2624 Melius
670 2594 757 2625 vide·
842 2593 1026 2634 35fecz'sse,
1041 2604 1111 2634 quoe
1121 2594 1224 2635 fecit]
1251 2595 1284 2625 Si
1299 2604 1368 2634 quoe
1380 2593 1467 2634 fecit
1481 2605 1499 2626 e

64 2637 127 2663 tur·
153 2636 279 2665 servari
307 2645 379 2676 cup.
427 2637 479 2667 Sic
506 2638 607 2676 reperi
631 2638 665 2667 in
689 2637 759 2668 sala
801 2647 939 2677 persona
962 2637 1129 2668 Ciceronis
1154 2637 1279 2667 dictum
1306 2636 1499 2676 accipimus,

65 2674 162 2705 Junt.
801 2679 871 2709 sine
894 2679 974 2709 vitio
997 2685 1070 2717 est;
1094 2680 1119 2709 si
1146 2679 1186 2710 ad
1213 2678 1374 2709 Milonem
1401 2678 1500 2709 refer-

109 2719 150 2747 34
172 2722 203 2747 et
224 2728 323 2757 quam
339 2720 485 2758 primum
506 2721 656 2760 tetigero]
686 2720 759 2750 Hoc
801 2726 870 2758 tur,
896 2721 993 2752 debet
1017 2731 1084 2752 esse
1099 2722 1227 2761 fecerit,
1255 2726 1292 2750 ut
1319 2720 1500 2750 Lambinus

9 2748 13 2763 ⁴
66 2758 197 2807 quidem
216 2761 287 2791 sine
312 2761 409 2791 dubio
436 2763 591 2792 vitiosum
612 2769 675 2799 est,
700 2772 759 2793 nec
803 2763 917 2800 edidit,
945 2773 1043 2802 quem
1072 2757 1248 2802 sequimur.
1294 2763 1320 2792 E
1347 2772 1503 2802 compen-

11 2809 15 2854 Ι
68 2809 102 2830 ιη
118 2805 227 2832 tirone
241 2802 374 2833 feratur.
409 2804 516 2835 Debet
531 2814 599 2834 esse
614 2811 671 2835 aut
685 2814 761 2834 cum
803 2805 857 2835 dio
881 2805 998 2835 vitium
1021 2809 1133 2835 ortum
1158 2810 1232 2843 est3
1255 2809 1294 2834 ut
1319 2813 1418 2844 supra
1440 2814 1501 2846 pro

62 2842 213 2881 primum
228 2848 285 2876 aut
297 2855 395 2886 quam
405 2847 565 2886 primam.
590 2847 663 2877 Hoc
678 2856 760 2888 prae-
804 2848 963 2887 accepem't
989 2848 1023 2877 in
1051 2847 1177 2886 aliquot
1205 2846 1277 2877 edd.
1305 2856 1354 2886 pr.
1382 2847 1503 2887 reperi-

13 2904 17 2929 ᾳ
68 2882 142 2914 tUli·
805 2898 877 2920 mus
890 2890 1022 2929 accepit.
1066 2889 1263 2920 Graeviusin
1277 2893 1419 2929 utroque
1435 2889 1501 2920 Me.

14 2931 17 2944 l
