<?xml version="1.0" encoding="UTF-8"?>
<!DOCTYPE html PUBLIC "-//W3C//DTD XHTML 1.0 Transitional//EN"
    "http://www.w3.org/TR/xhtml1/DTD/xhtml1-transitional.dtd">
<html xmlns="http://www.w3.org/1999/xhtml" xml:lang="en" lang="en">
 <head>
  <title>
</title>
<meta http-equiv="Content-Type" content="text/html;charset=utf-8" />
  <meta name='ocr-system' content='tesseract 3.04.00' />
  <meta name='ocr-capabilities' content='ocr_page ocr_carea ocr_par ocr_line ocrx_word'/>
</head>
<body>
  <div class='ocr_page' id='page_1' title='image "./p2operaomnia02ciceuoft_0743.png"; bbox 0 0 1785 3185; ppageno 0'>
   <div class='ocr_carea' id='block_1_1' title="bbox 642 113 1579 161">
    <p class='ocr_par' dir='ltr' id='par_1_1' title="bbox 642 113 1579 161">
     <span class='ocr_line' id='line_1_1' title="bbox 642 113 1579 161; baseline 0.007 -10"><span class='ocrx_word' id='word_1_1' title='bbox 642 114 715 152; x_wconf 89' lang='lat' dir='ltr'>IN</span> <span class='ocrx_word' id='word_1_2' title='bbox 757 113 1083 153; x_wconf 90' lang='lat' dir='ltr'>EXILIUM.</span> <span class='ocrx_word' id='word_1_3' title='bbox 1477 120 1579 161; x_wconf 73' lang='lat'>1457</span> 
     </span>
    </p>
   </div>
   <div class='ocr_carea' id='block_1_2' title="bbox 114 217 1636 2910">
    <p class='ocr_par' dir='ltr' id='par_1_2' title="bbox 114 217 1636 2910">
     <span class='ocr_line' id='line_1_2' title="bbox 133 217 1579 274; baseline 0.003 -15"><span class='ocrx_word' id='word_1_4' title='bbox 133 218 402 260; x_wconf 81' lang='lat' dir='ltr'>amicorum?</span> <span class='ocrx_word' id='word_1_5' title='bbox 445 217 722 274; x_wconf 87' lang='lat' dir='ltr'>Aperuerunt</span> <span class='ocrx_word' id='word_1_6' title='bbox 742 232 828 258; x_wconf 91' lang='lat' dir='ltr'>non</span> <span class='ocrx_word' id='word_1_7' title='bbox 854 217 986 259; x_wconf 84' lang='lat' dir='ltr'>fortes</span> <span class='ocrx_word' id='word_1_8' title='bbox 1002 232 1093 259; x_wconf 88' lang='lat' dir='ltr'>esse</span> <span class='ocrx_word' id='word_1_9' title='bbox 1110 232 1153 258; x_wconf 89' lang='lat' dir='ltr'>se</span> <span class='ocrx_word' id='word_1_10' title='bbox 1175 218 1353 270; x_wconf 85' lang='lat' dir='ltr'>amicos,</span> <span class='ocrx_word' id='word_1_11' title='bbox 1375 220 1409 261; x_wconf 81' lang='lat' dir='ltr'>si</span> <span class='ocrx_word' id='word_1_12' title='bbox 1438 220 1482 262; x_wconf 89' lang='lat' dir='ltr'>in</span> <span class='ocrx_word' id='word_1_13' title='bbox 1504 236 1579 263; x_wconf 90' lang='lat' dir='ltr'>eo-</span> 
     </span>
     <span class='ocr_line' id='line_1_3' title="bbox 133 274 1580 331; baseline 0.003 -15"><span class='ocrx_word' id='word_1_14' title='bbox 133 289 228 316; x_wconf 83' lang='lat' dir='ltr'>rum</span> <span class='ocrx_word' id='word_1_15' title='bbox 261 284 476 331; x_wconf 82' lang='lat' dir='ltr'>potestate</span> <span class='ocrx_word' id='word_1_16' title='bbox 507 284 654 316; x_wconf 79' lang='lat' dir='ltr'>nostia</span> <span class='ocrx_word' id='word_1_17' title='bbox 685 275 766 315; x_wconf 79' lang='lat' dir='ltr'>sita</span> <span class='ocrx_word' id='word_1_18' title='bbox 797 274 907 315; x_wconf 67' lang='lat' dir='ltr'>salus</span> <span class='ocrx_word' id='word_1_19' title='bbox 930 289 1016 316; x_wconf 87' lang='lat' dir='ltr'>non</span> <span class='ocrx_word' id='word_1_20' title='bbox 1047 285 1125 316; x_wconf 84' lang='lat' dir='ltr'>est.</span> <span class='ocrx_word' id='word_1_21' title='bbox 1187 275 1445 318; x_wconf 88' lang='lat' dir='ltr'>Paucitate</span> <span class='ocrx_word' id='word_1_22' title='bbox 1435 278 1580 320; x_wconf 80' lang='lat' dir='ltr'>inimi-</span> 
     </span>
     <span class='ocr_line' id='line_1_4' title="bbox 132 331 1578 401; baseline 0.002 -27"><span class='ocrx_word' id='word_1_23' title='bbox 132 335 311 374; x_wconf 89' lang='lat' dir='ltr'>corum?</span> <span class='ocrx_word' id='word_1_24' title='bbox 369 332 429 373; x_wconf 86' lang='lat' dir='ltr'>At</span> <span class='ocrx_word' id='word_1_25' title='bbox 451 332 493 373; x_wconf 90' lang='lat' dir='ltr'>id</span> <span class='ocrx_word' id='word_1_26' title='bbox 526 347 611 373; x_wconf 92' lang='lat' dir='ltr'>non</span> <span class='ocrx_word' id='word_1_27' title='bbox 635 332 679 372; x_wconf 89' lang='lat' dir='ltr'>in</span> <span class='ocrx_word' id='word_1_28' title='bbox 711 331 859 388; x_wconf 88' lang='lat' dir='ltr'>ipsius,</span> <span class='ocrx_word' id='word_1_29' title='bbox 883 332 955 374; x_wconf 90' lang='lat' dir='ltr'>sed</span> <span class='ocrx_word' id='word_1_30' title='bbox 987 332 1030 372; x_wconf 92' lang='lat' dir='ltr'>in</span> <span class='ocrx_word' id='word_1_31' title='bbox 1052 331 1233 373; x_wconf 86' lang='lat' dir='ltr'>aliorum</span> <span class='ocrx_word' id='word_1_32' title='bbox 1258 334 1477 376; x_wconf 85' lang='lat' dir='ltr'>voluntate</span> <span class='ocrx_word' id='word_1_33' title='bbox 1501 351 1578 401; x_wconf 82' lang='lat' dir='ltr'>po-</span> 
     </span>
     <span class='ocr_line' id='line_1_5' title="bbox 132 389 1576 448; baseline 0.001 -17"><span class='ocrx_word' id='word_1_34' title='bbox 132 391 264 431; x_wconf 82' lang='lat' dir='ltr'>situm</span> <span class='ocrx_word' id='word_1_35' title='bbox 287 399 364 430; x_wconf 86' lang='lat' dir='ltr'>est.</span> <span class='ocrx_word' id='word_1_36' title='bbox 398 404 494 431; x_wconf 83' lang='lat' dir='ltr'>nam</span> <span class='ocrx_word' id='word_1_37' title='bbox 520 405 605 431; x_wconf 87' lang='lat' dir='ltr'>non</span> <span class='ocrx_word' id='word_1_38' title='bbox 638 389 740 430; x_wconf 78' lang='lat' dir='ltr'>satis</span> <span class='ocrx_word' id='word_1_39' title='bbox 762 399 840 439; x_wconf 86' lang='lat' dir='ltr'>est,</span> <span class='ocrx_word' id='word_1_40' title='bbox 862 404 913 430; x_wconf 88' lang='lat' dir='ltr'>ne</span> <span class='ocrx_word' id='word_1_41' title='bbox 934 389 1003 429; x_wconf 87' lang='lat' dir='ltr'>cui</span> <span class='ocrx_word' id='word_1_42' title='bbox 1028 389 1230 444; x_wconf 81' lang='lat' dir='ltr'>injuriam</span> <span class='ocrx_word' id='word_1_43' title='bbox 1261 390 1409 442; x_wconf 76' lang='lat' dir='ltr'>facias,</span> <span class='ocrx_word' id='word_1_44' title='bbox 1432 394 1576 448; x_wconf 83' lang='lat' dir='ltr'>provi—</span> 
     </span>
     <span class='ocr_line' id='line_1_6' title="bbox 132 446 1576 512; baseline 0.002 -24"><span class='ocrx_word' id='word_1_45' title='bbox 132 447 246 499; x_wconf 88' lang='lat' dir='ltr'>dere,</span> <span class='ocrx_word' id='word_1_46' title='bbox 270 448 304 487; x_wconf 87' lang='lat' dir='ltr'>si</span> <span class='ocrx_word' id='word_1_47' title='bbox 337 458 479 488; x_wconf 87' lang='lat' dir='ltr'>tamen</span> <span class='ocrx_word' id='word_1_48' title='bbox 509 457 607 488; x_wconf 87' lang='lat' dir='ltr'>sunt</span> <span class='ocrx_word' id='word_1_49' title='bbox 643 446 869 487; x_wconf 84' lang='lat' dir='ltr'>voluntarii</span> <span class='ocrx_word' id='word_1_50' title='bbox 903 446 1083 496; x_wconf 87' lang='lat' dir='ltr'>inimici,</span> <span class='ocrx_word' id='word_1_51' title='bbox 1106 447 1177 501; x_wconf 84' lang='lat' dir='ltr'>qui</span> <span class='ocrx_word' id='word_1_52' title='bbox 1213 447 1296 487; x_wconf 87' lang='lat' dir='ltr'>tuis</span> <span class='ocrx_word' id='word_1_53' title='bbox 1321 450 1509 512; x_wconf 80' lang='lat' dir='ltr'>piaemiis</span> <span class='ocrx_word' id='word_1_54' title='bbox 1535 459 1576 491; x_wconf 92' lang='lat' dir='ltr'>te</span> 
     </span>
     <span class='ocr_line' id='line_1_7' title="bbox 131 478 1636 561; baseline 0.002 -17"><span class='ocrx_word' id='word_1_55' title='bbox 131 514 403 561; x_wconf 84' lang='lat' dir='ltr'>oppugnent.</span> <span class='ocrx_word' id='word_1_56' title='bbox 462 503 609 559; x_wconf 82' lang='lat' dir='ltr'>Atque</span> <span class='ocrx_word' id='word_1_57' title='bbox 639 518 737 545; x_wconf 85' lang='lat' dir='ltr'>curn</span> <span class='ocrx_word' id='word_1_58' title='bbox 771 504 865 544; x_wconf 86' lang='lat' dir='ltr'>haec</span> <span class='ocrx_word' id='word_1_59' title='bbox 896 504 1042 543; x_wconf 72' lang='lat' dir='ltr'>omnia</span> <span class='ocrx_word' id='word_1_60' title='bbox 1072 478 1275 544; x_wconf 81' lang='lat' dir='ltr'>bmnibus</span> <span class='ocrx_word' id='word_1_61' title='bbox 1307 506 1393 545; x_wconf 91' lang='lat' dir='ltr'>sint</span> <span class='ocrx_word' id='word_1_62' title='bbox 1426 507 1636 561; x_wconf 77' lang='lat' dir='ltr'>gravia13</span> 
     </span>
     <span class='ocr_line' id='line_1_8' title="bbox 131 539 1575 618; baseline 0.001 -16"><span class='ocrx_word' id='word_1_63' title='bbox 131 572 260 616; x_wconf 84' lang='lat' dir='ltr'>atque</span> <span class='ocrx_word' id='word_1_64' title='bbox 283 562 451 612; x_wconf 83' lang='lat' dir='ltr'>acerba,</span> <span class='ocrx_word' id='word_1_65' title='bbox 477 571 567 602; x_wconf 84' lang='lat' dir='ltr'>tum</span> <span class='ocrx_word' id='word_1_66' title='bbox 589 576 688 601; x_wconf 85' lang='lat' dir='ltr'>vero</span> <span class='ocrx_word' id='word_1_67' title='bbox 708 561 832 601; x_wconf 87' lang='lat' dir='ltr'>nobis</span> <span class='ocrx_word' id='word_1_68' title='bbox 849 561 1003 601; x_wconf 84' lang='lat' dir='ltr'>misera</span> <span class='ocrx_word' id='word_1_69' title='bbox 1021 569 1148 615; x_wconf 85' lang='lat' dir='ltr'>atque</span> <span class='ocrx_word' id='word_1_70' title='bbox 1165 539 1452 612; x_wconf 80' lang='lat' dir='ltr'>intoleranda,</span> <span class='ocrx_word' id='word_1_71' title='bbox 1466 578 1575 618; x_wconf 90' lang='lat' dir='ltr'>quo-</span> 
     </span>
     <span class='ocr_line' id='line_1_9' title="bbox 130 618 1575 674; baseline 0.002 -15"><span class='ocrx_word' id='word_1_72' title='bbox 130 632 224 659; x_wconf 86' lang='lat' dir='ltr'>rum</span> <span class='ocrx_word' id='word_1_73' title='bbox 248 628 292 659; x_wconf 87' lang='lat' dir='ltr'>et</span> <span class='ocrx_word' id='word_1_74' title='bbox 312 618 487 659; x_wconf 81' lang='lat' dir='ltr'>officia</span> <span class='ocrx_word' id='word_1_75' title='bbox 478 634 521 660; x_wconf 87' lang='lat'>111</span> <span class='ocrx_word' id='word_1_76' title='bbox 554 618 864 674; x_wconf 79' lang='lat' dir='ltr'>rempublicam</span> <span class='ocrx_word' id='word_1_77' title='bbox 896 618 1202 667; x_wconf 83' lang='lat' dir='ltr'>recentissima,</span> <span class='ocrx_word' id='word_1_78' title='bbox 1225 628 1268 658; x_wconf 86' lang='lat' dir='ltr'>et</span> <span class='ocrx_word' id='word_1_79' title='bbox 1298 619 1575 662; x_wconf 84' lang='lat' dir='ltr'>incommoda</span> 
     </span>
     <span class='ocr_line' id='line_1_10' title="bbox 129 674 1573 731; baseline 0.003 -16"><span class='ocrx_word' id='word_1_80' title='bbox 129 676 188 716; x_wconf 90' lang='lat' dir='ltr'>ob</span> <span class='ocrx_word' id='word_1_81' title='bbox 212 675 521 731; x_wconf 80' lang='lat' dir='ltr'>iempul)lic·un</span> <span class='ocrx_word' id='word_1_82' title='bbox 542 675 919 731; x_wconf 78' lang='lat' dir='ltr'>frequentissima</span> <span class='ocrx_word' id='word_1_83' title='bbox 912 689 953 715; x_wconf 85' lang='lat' dir='ltr'>m</span> <span class='ocrx_word' id='word_1_84' title='bbox 979 674 1140 715; x_wconf 71' lang='lat' dir='ltr'>familia</span> <span class='ocrx_word' id='word_1_85' title='bbox 1163 685 1397 717; x_wconf 78' lang='lat' dir='ltr'>versantur.</span> <span class='ocrx_word' id='word_1_86' title='bbox 1442 677 1573 720; x_wconf 92' lang='lat' dir='ltr'>Nunc</span> 
     </span>
     <span class='ocr_line' id='line_1_11' title="bbox 132 726 1574 788; baseline 0.002 -15"><span class='ocrx_word' id='word_1_87' title='bbox 132 733 165 773; x_wconf 89' lang='lat' dir='ltr'>si</span> <span class='ocrx_word' id='word_1_88' title='bbox 189 735 337 773; x_wconf 83' lang='lat' dir='ltr'>eadem</span> <span class='ocrx_word' id='word_1_89' title='bbox 371 733 565 774; x_wconf 81' lang='lat' dir='ltr'>conditio</span> <span class='ocrx_word' id='word_1_90' title='bbox 589 726 915 788; x_wconf 58' lang='lat' dir='ltr'>disceptationis</span> <span class='ocrx_word' id='word_1_91' title='bbox 950 741 1226 787; x_wconf 83' lang='lat' dir='ltr'>proponetur,</span> <span class='ocrx_word' id='word_1_92' title='bbox 1258 734 1370 788; x_wconf 82' lang='lat' dir='ltr'>aequi</span> <span class='ocrx_word' id='word_1_93' title='bbox 1402 735 1574 776; x_wconf 80' lang='lat' dir='ltr'>audito-</span> 
     </span>
     <span class='ocr_line' id='line_1_12' title="bbox 130 789 1573 841; baseline 0.003 -11"><span class='ocrx_word' id='word_1_94' title='bbox 130 804 196 830; x_wconf 84' lang='lat' dir='ltr'>res</span> <span class='ocrx_word' id='word_1_95' title='bbox 228 790 563 841; x_wconf 81' lang='lat' dir='ltr'>adhibebuntur,</span> <span class='ocrx_word' id='word_1_96' title='bbox 585 805 707 831; x_wconf 83' lang='lat' dir='ltr'>aures</span> <span class='ocrx_word' id='word_1_97' title='bbox 738 804 824 831; x_wconf 87' lang='lat' dir='ltr'>non</span> <span class='ocrx_word' id='word_1_98' title='bbox 856 790 1024 830; x_wconf 82' lang='lat' dir='ltr'>obtusae</span> <span class='ocrx_word' id='word_1_99' title='bbox 1056 789 1372 841; x_wconf 77' lang='lat' dir='ltr'>criminatione,</span> <span class='ocrx_word' id='word_1_100' title='bbox 1395 792 1467 833; x_wconf 90' lang='lat' dir='ltr'>sed</span> <span class='ocrx_word' id='word_1_101' title='bbox 1499 807 1573 834; x_wconf 85' lang='lat' dir='ltr'>va·-</span> 
     </span>
     <span class='ocr_line' id='line_1_13' title="bbox 129 847 1573 903; baseline 0.003 -16"><span class='ocrx_word' id='word_1_102' title='bbox 129 861 224 888; x_wconf 88' lang='lat' dir='ltr'>cuae</span> <span class='ocrx_word' id='word_1_103' title='bbox 257 848 588 903; x_wconf 56' lang='lat' dir='ltr'>praebebuntur:</span> <span class='ocrx_word' id='word_1_104' title='bbox 622 848 694 902; x_wconf 87' lang='lat' dir='ltr'>qui</span> <span class='ocrx_word' id='word_1_105' title='bbox 719 857 819 887; x_wconf 81' lang='lat' dir='ltr'>sunt</span> <span class='ocrx_word' id='word_1_106' title='bbox 846 847 1028 888; x_wconf 83' lang='lat' dir='ltr'>assecuti</span> <span class='ocrx_word' id='word_1_107' title='bbox 1052 861 1264 887; x_wconf 85' lang='lat' dir='ltr'>summum</span> <span class='ocrx_word' id='word_1_108' title='bbox 1289 848 1470 902; x_wconf 85' lang='lat' dir='ltr'>gradum</span> <span class='ocrx_word' id='word_1_109' title='bbox 1492 848 1573 891; x_wconf 91' lang='lat' dir='ltr'>ho-</span> 
     </span>
     <span class='ocr_line' id='line_1_14' title="bbox 128 904 1571 960; baseline 0.003 -16"><span class='ocrx_word' id='word_1_110' title='bbox 128 904 261 954; x_wconf 89' lang='lat' dir='ltr'>noris,</span> <span class='ocrx_word' id='word_1_111' title='bbox 292 919 377 944; x_wconf 89' lang='lat' dir='ltr'>non</span> <span class='ocrx_word' id='word_1_112' title='bbox 408 904 756 960; x_wconf 81' lang='lat' dir='ltr'>(lispoliabuntur</span> <span class='ocrx_word' id='word_1_113' title='bbox 788 905 973 945; x_wconf 85' lang='lat' dir='ltr'>honore:</span> <span class='ocrx_word' id='word_1_114' title='bbox 1013 904 1086 958; x_wconf 88' lang='lat' dir='ltr'>qui</span> <span class='ocrx_word' id='word_1_115' title='bbox 1120 913 1306 959; x_wconf 80' lang='lat' dir='ltr'>sperant,</span> <span class='ocrx_word' id='word_1_116' title='bbox 1329 905 1498 948; x_wconf 82' lang='lat' dir='ltr'>facilius</span> <span class='ocrx_word' id='word_1_117' title='bbox 1526 917 1571 948; x_wconf 86' lang='lat' dir='ltr'>et</span> 
     </span>
     <span class='ocr_line' id='line_1_15' title="bbox 127 945 1569 1016; baseline 0.003 -15"><span class='ocrx_word' id='word_1_118' title='bbox 127 961 362 1016; x_wconf 71' lang='lat' dir='ltr'>proclivius</span> <span class='ocrx_word' id='word_1_119' title='bbox 392 962 445 1003; x_wconf 90' lang='lat' dir='ltr'>ad</span> <span class='ocrx_word' id='word_1_120' title='bbox 479 945 645 1002; x_wconf 81' lang='lat' dir='ltr'>laudem</span> <span class='ocrx_word' id='word_1_121' title='bbox 677 961 915 1002; x_wconf 84' lang='lat' dir='ltr'>nobilitatis</span> <span class='ocrx_word' id='word_1_122' title='bbox 947 962 1211 1016; x_wconf 76' lang='lat' dir='ltr'>pervenient.</span> <span class='ocrx_word' id='word_1_123' title='bbox 1272 961 1569 1008; x_wconf 84' lang='lat' dir='ltr'>Quamobrem</span> 
     </span>
     <span class='ocr_line' id='line_1_16' title="bbox 125 1017 1571 1077; baseline 0.003 -17"><span class='ocrx_word' id='word_1_124' title='bbox 125 1017 229 1060; x_wconf 90' lang='lat' dir='ltr'>nolo</span> <span class='ocrx_word' id='word_1_125' title='bbox 252 1032 320 1059; x_wconf 86' lang='lat' dir='ltr'>me</span> <span class='ocrx_word' id='word_1_126' title='bbox 349 1018 457 1060; x_wconf 79' lang='lat' dir='ltr'>(luce</span> <span class='ocrx_word' id='word_1_127' title='bbox 492 1019 688 1075; x_wconf 79' lang='lat' dir='ltr'>supplicii</span> <span class='ocrx_word' id='word_1_128' title='bbox 722 1033 797 1059; x_wconf 81' lang='lat' dir='ltr'>vos</span> <span class='ocrx_word' id='word_1_129' title='bbox 829 1019 882 1059; x_wconf 83' lang='lat' dir='ltr'>ad</span> <span class='ocrx_word' id='word_1_130' title='bbox 904 1017 1095 1059; x_wconf 87' lang='lat' dir='ltr'>fraudem</span> <span class='ocrx_word' id='word_1_131' title='bbox 1129 1019 1298 1069; x_wconf 87' lang='lat' dir='ltr'>deduci,</span> <span class='ocrx_word' id='word_1_132' title='bbox 1321 1030 1369 1061; x_wconf 88' lang='lat' dir='ltr'>ut</span> <span class='ocrx_word' id='word_1_133' title='bbox 1400 1035 1483 1077; x_wconf 86' lang='lat' dir='ltr'>ego</span> <span class='ocrx_word' id='word_1_134' title='bbox 1515 1023 1571 1064; x_wconf 83' lang='lat' dir='ltr'>ad</span> 
     </span>
     <span class='ocr_line' id='line_1_17' title="bbox 126 1055 1572 1142; baseline 0.004 -27"><span class='ocrx_word' id='word_1_135' title='bbox 126 1075 358 1131; x_wconf 87' lang='lat' dir='ltr'>pristinum</span> <span class='ocrx_word' id='word_1_136' title='bbox 381 1085 539 1117; x_wconf 87' lang='lat' dir='ltr'>statum</span> <span class='ocrx_word' id='word_1_137' title='bbox 563 1077 745 1117; x_wconf 76' lang='lat' dir='ltr'>recidam</span> <span class='ocrx_word' id='word_1_138' title='bbox 770 1090 908 1116; x_wconf 83' lang='lat' dir='ltr'>casus.</span> <span class='ocrx_word' id='word_1_139' title='bbox 957 1075 1087 1116; x_wconf 87' lang='lat' dir='ltr'>Nunc</span> <span class='ocrx_word' id='word_1_140' title='bbox 1110 1077 1257 1132; x_wconf 80' lang='lat' dir='ltr'>igitur,</span> <span class='ocrx_word' id='word_1_141' title='bbox 1280 1076 1313 1116; x_wconf 90' lang='lat' dir='ltr'>si</span> <span class='ocrx_word' id='word_1_142' title='bbox 1337 1055 1486 1142; x_wconf 83' lang='lat' dir='ltr'>lingua</span> <span class='ocrx_word' id='word_1_143' title='bbox 1506 1089 1572 1120; x_wconf 90' lang='lat' dir='ltr'>est</span> 
     </span>
     <span class='ocr_line' id='line_1_18' title="bbox 126 1133 1573 1189; baseline 0.004 -17"><span class='ocrx_word' id='word_1_144' title='bbox 126 1133 491 1175; x_wconf 86' lang='lat' dir='ltr'>concertandum:</span> <span class='ocrx_word' id='word_1_145' title='bbox 531 1134 791 1174; x_wconf 79' lang='lat' dir='ltr'>innocentiae</span> <span class='ocrx_word' id='word_1_146' title='bbox 830 1134 986 1173; x_wconf 73' lang='lat' dir='ltr'>virtute</span> <span class='ocrx_word' id='word_1_147' title='bbox 1015 1134 1150 1173; x_wconf 78' lang='lat' dir='ltr'>fretus</span> <span class='ocrx_word' id='word_1_148' title='bbox 1183 1147 1353 1189; x_wconf 88' lang='lat' dir='ltr'>supero.</span> <span class='ocrx_word' id='word_1_149' title='bbox 1387 1136 1421 1175; x_wconf 82' lang='lat' dir='ltr'>si</span> <span class='ocrx_word' id='word_1_150' title='bbox 1455 1136 1573 1178; x_wconf 83' lang='lat' dir='ltr'>facta</span> 
     </span>
     <span class='ocr_line' id='line_1_19' title="bbox 124 1190 1570 1245; baseline 0.003 -15"><span class='ocrx_word' id='word_1_151' title='bbox 124 1192 446 1245; x_wconf 82' lang='lat' dir='ltr'>compensanda</span> <span class='ocrx_word' id='word_1_152' title='bbox 479 1201 604 1232; x_wconf 77' lang='lat' dir='ltr'>sunt:</span> <span class='ocrx_word' id='word_1_153' title='bbox 653 1190 923 1232; x_wconf 78' lang='lat' dir='ltr'>conteramus</span> <span class='ocrx_word' id='word_1_154' title='bbox 962 1191 1226 1245; x_wconf 72' lang='lat' dir='ltr'>aequitatem.</span> <span class='ocrx_word' id='word_1_155' title='bbox 1279 1191 1312 1231; x_wconf 86' lang='lat' dir='ltr'>si</span> <span class='ocrx_word' id='word_1_156' title='bbox 1352 1192 1570 1235; x_wconf 87' lang='lat' dir='ltr'>violentiae</span> 
     </span>
     <span class='ocr_line' id='line_1_20' title="bbox 126 1246 1568 1304; baseline 0.004 -18"><span class='ocrx_word' id='word_1_157' title='bbox 126 1246 293 1302; x_wconf 86' lang='lat' dir='ltr'>impetu</span> <span class='ocrx_word' id='word_1_158' title='bbox 325 1249 633 1304; x_wconf 72' lang='lat' dir='ltr'>opprimimur:</span> <span class='ocrx_word' id='word_1_159' title='bbox 670 1248 818 1288; x_wconf 83' lang='lat' dir='ltr'>cedam</span> <span class='ocrx_word' id='word_1_160' title='bbox 849 1263 926 1303; x_wconf 86' lang='lat' dir='ltr'>pro</span> <span class='ocrx_word' id='word_1_161' title='bbox 958 1248 1159 1289; x_wconf 68' lang='lat' dir='ltr'>omnibus</span> <span class='ocrx_word' id='word_1_162' title='bbox 1190 1262 1299 1288; x_wconf 89' lang='lat' dir='ltr'>unus</span> <span class='ocrx_word' id='word_1_163' title='bbox 1333 1249 1568 1292; x_wconf 88' lang='lat' dir='ltr'>tribunicio</span> 
     </span>
     <span class='ocr_line' id='line_1_21' title="bbox 126 1303 1617 1361; baseline 0.004 -17"><span class='ocrx_word' id='word_1_164' title='bbox 126 1303 280 1356; x_wconf 79' lang='lat' dir='ltr'>furori,</span> <span class='ocrx_word' id='word_1_165' title='bbox 317 1320 520 1360; x_wconf 81' lang='lat' dir='ltr'>quoniam</span> <span class='ocrx_word' id='word_1_166' title='bbox 556 1305 745 1346; x_wconf 83' lang='lat' dir='ltr'>laborem</span> <span class='ocrx_word' id='word_1_167' title='bbox 779 1320 856 1361; x_wconf 89' lang='lat' dir='ltr'>pro</span> <span class='ocrx_word' id='word_1_168' title='bbox 887 1307 1054 1346; x_wconf 82' lang='lat' dir='ltr'>cunctis</span> <span class='ocrx_word' id='word_1_169' title='bbox 1088 1305 1198 1345; x_wconf 88' lang='lat' dir='ltr'>ferre</span> <span class='ocrx_word' id='word_1_170' title='bbox 1238 1308 1459 1348; x_wconf 79' lang='lat' dir='ltr'>consuevi.</span> <span class='ocrx_word' id='word_1_171' title='bbox 1520 1303 1617 1357; x_wconf 81' lang='lat' dir='ltr'>Si6</span> 
     </span>
     <span class='ocr_line' id='line_1_22' title="bbox 124 1361 1628 1419; baseline 0.003 -18"><span class='ocrx_word' id='word_1_172' title='bbox 124 1361 261 1417; x_wconf 83' lang='lat' dir='ltr'>igitur</span> <span class='ocrx_word' id='word_1_173' title='bbox 301 1362 445 1418; x_wconf 84' lang='lat' dir='ltr'>aliquo</span> <span class='ocrx_word' id='word_1_174' title='bbox 477 1373 670 1418; x_wconf 85' lang='lat' dir='ltr'>tempore</span> <span class='ocrx_word' id='word_1_175' title='bbox 702 1364 752 1403; x_wconf 88' lang='lat' dir='ltr'>iis</span> <span class='ocrx_word' id='word_1_176' title='bbox 784 1363 1031 1403; x_wconf 84' lang='lat' dir='ltr'>hominibus</span> <span class='ocrx_word' id='word_1_177' title='bbox 1059 1363 1348 1413; x_wconf 84' lang='lat' dir='ltr'>consuluistis,</span> <span class='ocrx_word' id='word_1_178' title='bbox 1381 1379 1628 1419; x_wconf 75' lang='lat' dir='ltr'>quorum14</span> 
     </span>
     <span class='ocr_line' id='line_1_23' title="bbox 123 1419 1565 1476; baseline 0.003 -17"><span class='ocrx_word' id='word_1_179' title='bbox 123 1419 293 1460; x_wconf 82' lang='lat' dir='ltr'>animus</span> <span class='ocrx_word' id='word_1_180' title='bbox 341 1431 405 1460; x_wconf 83' lang='lat' dir='ltr'>est</span> <span class='ocrx_word' id='word_1_181' title='bbox 453 1420 670 1476; x_wconf 84' lang='lat' dir='ltr'>religionis</span> <span class='ocrx_word' id='word_1_182' title='bbox 724 1420 882 1475; x_wconf 85' lang='lat' dir='ltr'>pietate</span> <span class='ocrx_word' id='word_1_183' title='bbox 931 1419 1186 1461; x_wconf 72' lang='lat' dir='ltr'>detunctus:</span> <span class='ocrx_word' id='word_1_184' title='bbox 1238 1420 1404 1462; x_wconf 88' lang='lat' dir='ltr'>debetis</span> <span class='ocrx_word' id='word_1_185' title='bbox 1458 1423 1565 1464; x_wconf 85' lang='lat' dir='ltr'>mihi</span> 
     </span>
     <span class='ocr_line' id='line_1_24' title="bbox 124 1477 1604 1542; baseline 0.003 -26"><span class='ocrx_word' id='word_1_186' title='bbox 124 1490 298 1533; x_wconf 90' lang='lat' dir='ltr'>quoque</span> <span class='ocrx_word' id='word_1_187' title='bbox 333 1478 592 1534; x_wconf 81' lang='lat' dir='ltr'>prospicere,</span> <span class='ocrx_word' id='word_1_188' title='bbox 629 1478 709 1542; x_wconf 80' lang='lat' dir='ltr'>qui</span> <span class='ocrx_word' id='word_1_189' title='bbox 727 1477 891 1518; x_wconf 87' lang='lat' dir='ltr'>numini</span> <span class='ocrx_word' id='word_1_190' title='bbox 931 1477 1109 1517; x_wconf 88' lang='lat' dir='ltr'>deorum</span> <span class='ocrx_word' id='word_1_191' title='bbox 1142 1487 1440 1520; x_wconf 85' lang='lat' dir='ltr'>consecratum</span> <span class='ocrx_word' id='word_1_192' title='bbox 1478 1495 1567 1521; x_wconf 89' lang='lat' dir='ltr'>sar·</span> <span class='ocrx_word' id='word_1_193' title='bbox 1601 1523 1604 1525; x_wconf 73' lang='grc'>,</span> 
     </span>
     <span class='ocr_line' id='line_1_25' title="bbox 123 1534 1566 1590; baseline 0.004 -17"><span class='ocrx_word' id='word_1_194' title='bbox 123 1541 216 1574; x_wconf 86' lang='lat' dir='ltr'>tum</span> <span class='ocrx_word' id='word_1_195' title='bbox 250 1544 410 1575; x_wconf 88' lang='lat' dir='ltr'>tectum</span> <span class='ocrx_word' id='word_1_196' title='bbox 445 1536 499 1576; x_wconf 85' lang='lat' dir='ltr'>ab</span> <span class='ocrx_word' id='word_1_197' title='bbox 528 1535 646 1575; x_wconf 85' lang='lat' dir='ltr'>omni</span> <span class='ocrx_word' id='word_1_198' title='bbox 671 1534 839 1590; x_wconf 86' lang='lat' dir='ltr'>piaculo</span> <span class='ocrx_word' id='word_1_199' title='bbox 861 1535 1128 1585; x_wconf 80' lang='lat' dir='ltr'>conse1vavi‚</span> <span class='ocrx_word' id='word_1_200' title='bbox 1152 1546 1195 1575; x_wconf 92' lang='lat' dir='ltr'>et</span> <span class='ocrx_word' id='word_1_201' title='bbox 1236 1550 1311 1575; x_wconf 84' lang='lat' dir='ltr'>vos</span> <span class='ocrx_word' id='word_1_202' title='bbox 1346 1546 1393 1576; x_wconf 90' lang='lat' dir='ltr'>ut</span> <span class='ocrx_word' id='word_1_203' title='bbox 1427 1545 1566 1579; x_wconf 88' lang='lat' dir='ltr'>tutam</span> 
     </span>
     <span class='ocr_line' id='line_1_26' title="bbox 123 1591 1566 1655; baseline 0.003 -24"><span class='ocrx_word' id='word_1_204' title='bbox 123 1591 484 1655; x_wconf 80' lang='lat' dir='ltr'>tranquillamque</span> <span class='ocrx_word' id='word_1_205' title='bbox 522 1592 737 1633; x_wconf 83' lang='lat' dir='ltr'>fortunam</span> <span class='ocrx_word' id='word_1_206' title='bbox 786 1592 1026 1642; x_wconf 84' lang='lat' dir='ltr'>traheretis,</span> <span class='ocrx_word' id='word_1_207' title='bbox 1060 1606 1155 1632; x_wconf 85' lang='lat' dir='ltr'>mea</span> <span class='ocrx_word' id='word_1_208' title='bbox 1188 1592 1346 1648; x_wconf 88' lang='lat' dir='ltr'>perfeci</span> <span class='ocrx_word' id='word_1_209' title='bbox 1383 1594 1566 1649; x_wconf 82' lang='lat' dir='ltr'>vigilan-</span> 
     </span>
     <span class='ocr_line' id='line_1_27' title="bbox 124 1648 1568 1708; baseline 0.001 -19"><span class='ocrx_word' id='word_1_210' title='bbox 124 1648 197 1689; x_wconf 79' lang='lat' dir='ltr'>tia.</span> <span class='ocrx_word' id='word_1_211' title='bbox 261 1648 373 1690; x_wconf 84' lang='lat' dir='ltr'>Nam</span> <span class='ocrx_word' id='word_1_212' title='bbox 411 1665 490 1700; x_wconf 85' lang='lat' dir='ltr'>me,</span> <span class='ocrx_word' id='word_1_213' title='bbox 513 1664 640 1705; x_wconf 86' lang='lat' dir='ltr'>quem</span> <span class='ocrx_word' id='word_1_214' title='bbox 676 1649 817 1705; x_wconf 74' lang='grc' dir='ltr'>ριιιΙΙο</span> <span class='ocrx_word' id='word_1_215' title='bbox 850 1658 950 1690; x_wconf 84' lang='lat' dir='ltr'>ante</span> <span class='ocrx_word' id='word_1_216' title='bbox 982 1648 1158 1690; x_wconf 82' lang='lat' dir='ltr'>f01tuna</span> <span class='ocrx_word' id='word_1_217' title='bbox 1180 1660 1376 1690; x_wconf 83' lang='lat' dir='ltr'>erexerat</span> <span class='ocrx_word' id='word_1_218' title='bbox 1397 1652 1447 1691; x_wconf 83' lang='lat' dir='ltr'>ad</span> <span class='ocrx_word' id='word_1_219' title='bbox 1472 1652 1568 1708; x_wconf 85' lang='lat' dir='ltr'>glo-</span> 
     </span>
     <span class='ocr_line' id='line_1_28' title="bbox 122 1686 1565 1763; baseline 0.003 -17"><span class='ocrx_word' id='word_1_220' title='bbox 122 1706 245 1757; x_wconf 87' lang='lat' dir='ltr'>riam,</span> <span class='ocrx_word' id='word_1_221' title='bbox 281 1706 412 1747; x_wconf 85' lang='lat' dir='ltr'>virtus</span> <span class='ocrx_word' id='word_1_222' title='bbox 446 1707 603 1748; x_wconf 83' lang='lat' dir='ltr'>extulit</span> <span class='ocrx_word' id='word_1_223' title='bbox 638 1707 690 1748; x_wconf 87' lang='lat' dir='ltr'>ad</span> <span class='ocrx_word' id='word_1_224' title='bbox 716 1707 898 1757; x_wconf 80' lang='lat' dir='ltr'>l·1udem,</span> <span class='ocrx_word' id='word_1_225' title='bbox 920 1706 1103 1763; x_wconf 89' lang='lat' dir='ltr'>populus</span> <span class='ocrx_word' id='word_1_226' title='bbox 1143 1708 1297 1748; x_wconf 78' lang='lat' dir='ltr'>tribuit</span> <span class='ocrx_word' id='word_1_227' title='bbox 1329 1686 1565 1750; x_wconf 70' lang='lat' dir='ltr'>honorem:</span> 
     </span>
     <span class='ocr_line' id='line_1_29' title="bbox 122 1764 1568 1820; baseline 0.003 -17"><span class='ocrx_word' id='word_1_228' title='bbox 122 1764 306 1805; x_wconf 87' lang='lat' dir='ltr'>eundem</span> <span class='ocrx_word' id='word_1_229' title='bbox 349 1765 510 1805; x_wconf 87' lang='lat' dir='ltr'>tribuni</span> <span class='ocrx_word' id='word_1_230' title='bbox 564 1764 683 1805; x_wconf 80' lang='lat' dir='ltr'>f·uior</span> <span class='ocrx_word' id='word_1_231' title='bbox 723 1764 970 1820; x_wconf 77' lang='lat' dir='ltr'>exagitatus</span> <span class='ocrx_word' id='word_1_232' title='bbox 1022 1764 1189 1819; x_wconf 88' lang='lat' dir='ltr'>depulit</span> <span class='ocrx_word' id='word_1_233' title='bbox 1238 1764 1291 1805; x_wconf 82' lang='lat' dir='ltr'>ad</span> <span class='ocrx_word' id='word_1_234' title='bbox 1343 1765 1568 1807; x_wconf 81' lang='lat' dir='ltr'>calamita-</span> 
     </span>
     <span class='ocr_line' id='line_1_30' title="bbox 121 1820 1568 1885; baseline 0.002 -23"><span class='ocrx_word' id='word_1_235' title='bbox 121 1829 224 1862; x_wconf 85' lang='lat' dir='ltr'>tem.</span> <span class='ocrx_word' id='word_1_236' title='bbox 287 1820 344 1862; x_wconf 89' lang='lat' dir='ltr'>Et</span> <span class='ocrx_word' id='word_1_237' title='bbox 384 1821 588 1885; x_wconf 87' lang='lat' dir='ltr'>quoniam</span> <span class='ocrx_word' id='word_1_238' title='bbox 630 1821 994 1862; x_wconf 79' lang='lat' dir='ltr'>animadvertistis</span> <span class='ocrx_word' id='word_1_239' title='bbox 1037 1821 1150 1862; x_wconf 83' lang='lat' dir='ltr'>illam</span> <span class='ocrx_word' id='word_1_240' title='bbox 1198 1822 1568 1877; x_wconf 76' lang='lat' dir='ltr'>conspirationem</span> 
     </span>
     <span class='ocr_line' id='line_1_31' title="bbox 121 1878 1568 1936; baseline 0.003 -18"><span class='ocrx_word' id='word_1_241' title='bbox 121 1879 371 1929; x_wconf 83' lang='lat' dir='ltr'>conflatam,</span> <span class='ocrx_word' id='word_1_242' title='bbox 396 1880 455 1919; x_wconf 83' lang='lat' dir='ltr'>ita</span> <span class='ocrx_word' id='word_1_243' title='bbox 485 1893 576 1920; x_wconf 90' lang='lat' dir='ltr'>esse</span> <span class='ocrx_word' id='word_1_244' title='bbox 600 1880 866 1928; x_wconf 78' lang='lat' dir='ltr'>restinctam,</span> <span class='ocrx_word' id='word_1_245' title='bbox 889 1888 936 1919; x_wconf 90' lang='lat' dir='ltr'>ut</span> <span class='ocrx_word' id='word_1_246' title='bbox 968 1878 1084 1919; x_wconf 86' lang='lat' dir='ltr'>nulla</span> <span class='ocrx_word' id='word_1_247' title='bbox 1107 1879 1294 1920; x_wconf 86' lang='lat' dir='ltr'>scintilla</span> <span class='ocrx_word' id='word_1_248' title='bbox 1316 1890 1568 1936; x_wconf 83' lang='lat' dir='ltr'>compareat</span> 
     </span>
     <span class='ocr_line' id='line_1_32' title="bbox 120 1934 1565 2000; baseline 0.003 -25"><span class='ocrx_word' id='word_1_249' title='bbox 120 1934 326 1986; x_wconf 88' lang='lat' dir='ltr'>incendii,</span> <span class='ocrx_word' id='word_1_250' title='bbox 350 1951 424 1978; x_wconf 90' lang='lat' dir='ltr'>vos</span> <span class='ocrx_word' id='word_1_251' title='bbox 455 1951 628 2000; x_wconf 86' lang='lat' dir='ltr'>quoque</span> <span class='ocrx_word' id='word_1_252' title='bbox 658 1936 936 1977; x_wconf 85' lang='lat' dir='ltr'>tribuniciam</span> <span class='ocrx_word' id='word_1_253' title='bbox 969 1936 1114 1977; x_wconf 86' lang='lat' dir='ltr'>sedate</span> <span class='ocrx_word' id='word_1_254' title='bbox 1146 1936 1448 1989; x_wconf 70' lang='lat' dir='ltr'>tennerit-item,</span> <span class='ocrx_word' id='word_1_255' title='bbox 1471 1939 1565 1994; x_wconf 84' lang='lat' dir='ltr'>(qui</span> 
     </span>
     <span class='ocr_line' id='line_1_33' title="bbox 119 1993 1567 2051; baseline 0.003 -19"><span class='ocrx_word' id='word_1_256' title='bbox 119 2006 234 2034; x_wconf 88' lang='lat' dir='ltr'>nunc</span> <span class='ocrx_word' id='word_1_257' title='bbox 257 2007 300 2034; x_wconf 90' lang='lat' dir='ltr'>se</span> <span class='ocrx_word' id='word_1_258' title='bbox 324 1993 463 2034; x_wconf 86' lang='lat' dir='ltr'>mihi</span> <span class='ocrx_word' id='word_1_259' title='bbox 454 1994 675 2034; x_wconf 85' lang='lat' dir='ltr'>mimicum</span> <span class='ocrx_word' id='word_1_260' title='bbox 707 1993 911 2042; x_wconf 88' lang='lat' dir='ltr'>ostendit,</span> <span class='ocrx_word' id='word_1_261' title='bbox 930 2007 974 2033; x_wconf 86' lang='lat' dir='ltr'>se</span> <span class='ocrx_word' id='word_1_262' title='bbox 1005 1993 1121 2049; x_wconf 76' lang='lat' dir='ltr'>plius</span> <span class='ocrx_word' id='word_1_263' title='bbox 1140 2007 1231 2034; x_wconf 89' lang='lat' dir='ltr'>esse</span> <span class='ocrx_word' id='word_1_264' title='bbox 1255 2005 1444 2035; x_wconf 77' lang='lat' dir='ltr'>vestium</span> <span class='ocrx_word' id='word_1_265' title='bbox 1467 2009 1567 2051; x_wconf 84' lang='lat' dir='ltr'>pro-</span> 
     </span>
     <span class='ocr_line' id='line_1_34' title="bbox 118 2049 1566 2106; baseline 0.003 -16"><span class='ocrx_word' id='word_1_266' title='bbox 118 2049 253 2091; x_wconf 83' lang='lat' dir='ltr'>fessus</span> <span class='ocrx_word' id='word_1_267' title='bbox 273 2058 337 2091; x_wconf 88' lang='lat' dir='ltr'>est</span> <span class='ocrx_word' id='word_1_268' title='bbox 359 2050 620 2100; x_wconf 88' lang='lat' dir='ltr'>inimicum,)</span> <span class='ocrx_word' id='word_1_269' title='bbox 644 2065 694 2091; x_wconf 91' lang='lat' dir='ltr'>ne</span> <span class='ocrx_word' id='word_1_270' title='bbox 717 2051 774 2091; x_wconf 87' lang='lat' dir='ltr'>rei</span> <span class='ocrx_word' id='word_1_271' title='bbox 799 2050 1028 2091; x_wconf 83' lang='lat' dir='ltr'>crudelitas</span> <span class='ocrx_word' id='word_1_272' title='bbox 1050 2059 1232 2106; x_wconf 79' lang='lat' dir='ltr'>experta</span> <span class='ocrx_word' id='word_1_273' title='bbox 1254 2051 1296 2092; x_wconf 87' lang='lat' dir='ltr'>in</span> <span class='ocrx_word' id='word_1_274' title='bbox 1321 2066 1403 2102; x_wconf 90' lang='lat' dir='ltr'>me,</span> <span class='ocrx_word' id='word_1_275' title='bbox 1425 2052 1470 2093; x_wconf 90' lang='lat' dir='ltr'>in</span> <span class='ocrx_word' id='word_1_276' title='bbox 1490 2068 1566 2094; x_wconf 72' lang='lat' dir='ltr'>vos</span> 
     </span>
     <span class='ocr_line' id='line_1_35' title="bbox 115 2106 1566 2165; baseline 0.003 -18"><span class='ocrx_word' id='word_1_277' title='bbox 115 2106 403 2158; x_wconf 79' lang='lat' dir='ltr'>convalescat,</span> <span class='ocrx_word' id='word_1_278' title='bbox 441 2117 485 2148; x_wconf 90' lang='lat' dir='ltr'>et</span> <span class='ocrx_word' id='word_1_279' title='bbox 526 2108 747 2149; x_wconf 83' lang='lat' dir='ltr'>calamitas</span> <span class='ocrx_word' id='word_1_280' title='bbox 786 2117 999 2149; x_wconf 82' lang='lat' dir='ltr'>remorata</span> <span class='ocrx_word' id='word_1_281' title='bbox 1039 2107 1212 2163; x_wconf 81' lang='lat' dir='ltr'>longius</span> <span class='ocrx_word' id='word_1_282' title='bbox 1254 2119 1396 2164; x_wconf 84' lang='lat' dir='ltr'>serpat</span> <span class='ocrx_word' id='word_1_283' title='bbox 1434 2119 1566 2165; x_wconf 83' lang='lat' dir='ltr'>atque</span> 
     </span>
     <span class='ocr_line' id='line_1_36' title="bbox 118 2164 1626 2221; baseline 0.003 -16"><span class='ocrx_word' id='word_1_284' title='bbox 118 2165 434 2220; x_wconf 84' lang='lat' dir='ltr'>progrediatur,</span> <span class='ocrx_word' id='word_1_285' title='bbox 459 2175 713 2221; x_wconf 71' lang='lat' dir='ltr'>praecavete.</span> <span class='ocrx_word' id='word_1_286' title='bbox 776 2165 905 2205; x_wconf 90' lang='lat' dir='ltr'>Nunc</span> <span class='ocrx_word' id='word_1_287' title='bbox 929 2165 995 2205; x_wconf 93' lang='lat' dir='ltr'>vel</span> <span class='ocrx_word' id='word_1_288' title='bbox 1017 2164 1130 2205; x_wconf 88' lang='lat' dir='ltr'>solus</span> <span class='ocrx_word' id='word_1_289' title='bbox 1153 2165 1344 2206; x_wconf 88' lang='lat' dir='ltr'>delectus</span> <span class='ocrx_word' id='word_1_290' title='bbox 1375 2167 1428 2208; x_wconf 84' lang='lat' dir='ltr'>ad</span> <span class='ocrx_word' id='word_1_291' title='bbox 1451 2168 1564 2209; x_wconf 82' lang='lat' dir='ltr'>cala·</span> <span class='ocrx_word' id='word_1_292' title='bbox 1579 2174 1626 2216; x_wconf 81' lang='lat'>1&#39;5</span> 
     </span>
     <span class='ocr_line' id='line_1_37' title="bbox 116 2221 1564 2278; baseline 0.003 -17"><span class='ocrx_word' id='word_1_293' title='bbox 116 2222 330 2273; x_wconf 83' lang='lat' dir='ltr'>mitatem,</span> <span class='ocrx_word' id='word_1_294' title='bbox 364 2222 432 2263; x_wconf 91' lang='lat' dir='ltr'>vel</span> <span class='ocrx_word' id='word_1_295' title='bbox 462 2237 623 2277; x_wconf 78' lang='lat' dir='ltr'>primus</span> <span class='ocrx_word' id='word_1_296' title='bbox 660 2232 837 2263; x_wconf 87' lang='lat' dir='ltr'>vocatus</span> <span class='ocrx_word' id='word_1_297' title='bbox 870 2221 922 2263; x_wconf 89' lang='lat' dir='ltr'>ad</span> <span class='ocrx_word' id='word_1_298' title='bbox 963 2221 1046 2263; x_wconf 87' lang='lat' dir='ltr'>tale</span> <span class='ocrx_word' id='word_1_299' title='bbox 1080 2222 1333 2278; x_wconf 83' lang='lat' dir='ltr'>periculum,</span> <span class='ocrx_word' id='word_1_300' title='bbox 1367 2225 1564 2267; x_wconf 89' lang='lat' dir='ltr'>omnium</span> 
     </span>
     <span class='ocr_line' id='line_1_38' title="bbox 117 2278 1565 2334; baseline 0.003 -15"><span class='ocrx_word' id='word_1_301' title='bbox 117 2279 399 2334; x_wconf 82' lang='lat' dir='ltr'>animosjure</span> <span class='ocrx_word' id='word_1_302' title='bbox 422 2279 557 2320; x_wconf 90' lang='lat' dir='ltr'>debeo</span> <span class='ocrx_word' id='word_1_303' title='bbox 580 2293 869 2321; x_wconf 78' lang='lat' dir='ltr'>commovete.</span> <span class='ocrx_word' id='word_1_304' title='bbox 903 2278 1064 2320; x_wconf 84' lang='lat' dir='ltr'>Omnia</span> <span class='ocrx_word' id='word_1_305' title='bbox 1085 2291 1185 2320; x_wconf 87' lang='lat' dir='ltr'>sunt</span> <span class='ocrx_word' id='word_1_306' title='bbox 1207 2281 1450 2322; x_wconf 83' lang='lat' dir='ltr'>immutata.</span> <span class='ocrx_word' id='word_1_307' title='bbox 1473 2297 1565 2323; x_wconf 86' lang='lat' dir='ltr'>ma-</span> 
     </span>
     <span class='ocr_line' id='line_1_39' title="bbox 118 2336 1565 2393; baseline 0.003 -16"><span class='ocrx_word' id='word_1_308' title='bbox 118 2351 197 2377; x_wconf 87' lang='lat' dir='ltr'>nus</span> <span class='ocrx_word' id='word_1_309' title='bbox 220 2337 272 2377; x_wconf 83' lang='lat' dir='ltr'>ad</span> <span class='ocrx_word' id='word_1_310' title='bbox 305 2337 684 2378; x_wconf 78' lang='lat' dir='ltr'>demonstrandam</span> <span class='ocrx_word' id='word_1_311' title='bbox 707 2337 942 2392; x_wconf 73' lang='lat' dir='ltr'>religantur</span> <span class='ocrx_word' id='word_1_312' title='bbox 971 2336 1200 2392; x_wconf 75' lang='lat' dir='ltr'>injuriam:</span> <span class='ocrx_word' id='word_1_313' title='bbox 1234 2337 1383 2393; x_wconf 84' lang='lat' dir='ltr'>lingua</span> <span class='ocrx_word' id='word_1_314' title='bbox 1409 2339 1565 2381; x_wconf 84' lang='lat' dir='ltr'>incidi-</span> 
     </span>
     <span class='ocr_line' id='line_1_40' title="bbox 118 2394 1566 2451; baseline 0.003 -17"><span class='ocrx_word' id='word_1_315' title='bbox 118 2404 188 2434; x_wconf 85' lang='lat' dir='ltr'>tur</span> <span class='ocrx_word' id='word_1_316' title='bbox 217 2394 271 2435; x_wconf 90' lang='lat' dir='ltr'>ad</span> <span class='ocrx_word' id='word_1_317' title='bbox 302 2394 609 2449; x_wconf 84' lang='lat' dir='ltr'>deplorandam</span> <span class='ocrx_word' id='word_1_318' title='bbox 641 2394 956 2435; x_wconf 86' lang='lat' dir='ltr'>calamitatem:</span> <span class='ocrx_word' id='word_1_319' title='bbox 997 2395 1166 2435; x_wconf 82' lang='lat' dir='ltr'>animus</span> <span class='ocrx_word' id='word_1_320' title='bbox 1200 2395 1480 2451; x_wconf 82' lang='lat' dir='ltr'>praecluditur</span> <span class='ocrx_word' id='word_1_321' title='bbox 1511 2397 1566 2439; x_wconf 84' lang='lat' dir='ltr'>ad</span> 
     </span>
     <span class='ocr_line' id='line_1_41' title="bbox 117 2450 1568 2510; baseline 0.003 -19"><span class='ocrx_word' id='word_1_322' title='bbox 117 2451 420 2506; x_wconf 82' lang='lat' dir='ltr'>exponendam</span> <span class='ocrx_word' id='word_1_323' title='bbox 453 2453 510 2491; x_wconf 81' lang='lat' dir='ltr'>iei</span> <span class='ocrx_word' id='word_1_324' title='bbox 545 2451 863 2507; x_wconf 80' lang='lat' dir='ltr'>indignitatem.</span> <span class='ocrx_word' id='word_1_325' title='bbox 925 2450 1231 2493; x_wconf 88' lang='lat' dir='ltr'>Humilitatem</span> <span class='ocrx_word' id='word_1_326' title='bbox 1254 2453 1425 2508; x_wconf 82' lang='lat' dir='ltr'>generis</span> <span class='ocrx_word' id='word_1_327' title='bbox 1451 2455 1568 2510; x_wconf 89' lang='lat' dir='ltr'>obji-</span> 
     </span>
     <span class='ocr_line' id='line_1_42' title="bbox 117 2507 1567 2567; baseline 0.003 -19"><span class='ocrx_word' id='word_1_328' title='bbox 117 2507 242 2549; x_wconf 87' lang='lat' dir='ltr'>ciunt</span> <span class='ocrx_word' id='word_1_329' title='bbox 271 2509 413 2559; x_wconf 92' lang='lat' dir='ltr'>nobis,</span> <span class='ocrx_word' id='word_1_330' title='bbox 436 2509 509 2563; x_wconf 89' lang='lat' dir='ltr'>qui</span> <span class='ocrx_word' id='word_1_331' title='bbox 543 2523 696 2550; x_wconf 86' lang='lat' dir='ltr'>novam</span> <span class='ocrx_word' id='word_1_332' title='bbox 732 2509 943 2549; x_wconf 75' lang='lat' dir='ltr'>lationem</span> <span class='ocrx_word' id='word_1_333' title='bbox 975 2509 1201 2560; x_wconf 86' lang='lat' dir='ltr'>suscitant,</span> <span class='ocrx_word' id='word_1_334' title='bbox 1234 2520 1397 2551; x_wconf 82' lang='lat' dir='ltr'>veteres</span> <span class='ocrx_word' id='word_1_335' title='bbox 1428 2526 1567 2567; x_wconf 69' lang='lat' dir='ltr'>majo-</span> 
     </span>
     <span class='ocr_line' id='line_1_43' title="bbox 118 2566 1568 2622; baseline 0.003 -17"><span class='ocrx_word' id='word_1_336' title='bbox 118 2579 214 2606; x_wconf 87' lang='lat' dir='ltr'>rum</span> <span class='ocrx_word' id='word_1_337' title='bbox 246 2566 446 2606; x_wconf 77' lang='lat' dir='ltr'>obterunt</span> <span class='ocrx_word' id='word_1_338' title='bbox 483 2566 641 2607; x_wconf 86' lang='lat' dir='ltr'>laudes.</span> <span class='ocrx_word' id='word_1_339' title='bbox 704 2566 788 2607; x_wconf 88' lang='lat' dir='ltr'>Sed</span> <span class='ocrx_word' id='word_1_340' title='bbox 818 2566 921 2622; x_wconf 91' lang='lat' dir='ltr'>quid</span> <span class='ocrx_word' id='word_1_341' title='bbox 944 2580 1027 2622; x_wconf 82' lang='lat' dir='ltr'>ego</span> <span class='ocrx_word' id='word_1_342' title='bbox 1060 2566 1182 2621; x_wconf 87' lang='lat' dir='ltr'>plura</span> <span class='ocrx_word' id='word_1_343' title='bbox 1211 2567 1264 2608; x_wconf 91' lang='lat' dir='ltr'>de</span> <span class='ocrx_word' id='word_1_344' title='bbox 1295 2567 1465 2609; x_wconf 89' lang='lat' dir='ltr'>illorum</span> <span class='ocrx_word' id='word_1_345' title='bbox 1492 2579 1568 2610; x_wconf 86' lang='lat' dir='ltr'>aut</span> 
     </span>
     <span class='ocr_line' id='line_1_44' title="bbox 118 2613 1566 2690; baseline 0.002 -27"><span class='ocrx_word' id='word_1_346' title='bbox 118 2622 163 2663; x_wconf 85' lang='lat' dir='ltr'>in</span> <span class='ocrx_word' id='word_1_347' title='bbox 196 2637 265 2662; x_wconf 86' lang='lat' dir='ltr'>me</span> <span class='ocrx_word' id='word_1_348' title='bbox 296 2623 550 2674; x_wconf 86' lang='lat' dir='ltr'>maledictis,</span> <span class='ocrx_word' id='word_1_349' title='bbox 572 2633 646 2664; x_wconf 83' lang='lat' dir='ltr'>ant</span> <span class='ocrx_word' id='word_1_350' title='bbox 677 2624 718 2664; x_wconf 92' lang='lat' dir='ltr'>in</span> <span class='ocrx_word' id='word_1_351' title='bbox 755 2638 830 2664; x_wconf 89' lang='lat' dir='ltr'>vos</span> <span class='ocrx_word' id='word_1_352' title='bbox 855 2613 1058 2664; x_wconf 85' lang='lat' dir='ltr'>scelerate</span> <span class='ocrx_word' id='word_1_353' title='bbox 1089 2623 1239 2678; x_wconf 77' lang='lat' dir='ltr'>loquar</span> <span class='ocrx_word' id='word_1_354' title='bbox 1261 2624 1415 2667; x_wconf 82' lang='lat' dir='ltr'>factis?</span> <span class='ocrx_word' id='word_1_355' title='bbox 1457 2641 1566 2690; x_wconf 82' lang='lat' dir='ltr'>quo-</span> 
     </span>
     <span class='ocr_line' id='line_1_45' title="bbox 117 2680 1564 2744; baseline 0.002 -24"><span class='ocrx_word' id='word_1_356' title='bbox 117 2693 214 2720; x_wconf 87' lang='lat' dir='ltr'>rum</span> <span class='ocrx_word' id='word_1_357' title='bbox 249 2681 428 2735; x_wconf 82' lang='lat' dir='ltr'>cognita</span> <span class='ocrx_word' id='word_1_358' title='bbox 460 2680 729 2744; x_wconf 63' lang='lat' dir='ltr'>improbitas,</span> <span class='ocrx_word' id='word_1_359' title='bbox 766 2695 836 2721; x_wconf 89' lang='lat' dir='ltr'>me</span> <span class='ocrx_word' id='word_1_360' title='bbox 873 2691 1058 2731; x_wconf 80' lang='lat' dir='ltr'>tacente,</span> <span class='ocrx_word' id='word_1_361' title='bbox 1091 2683 1342 2737; x_wconf 73' lang='lat' dir='ltr'>coarguitur</span> <span class='ocrx_word' id='word_1_362' title='bbox 1376 2684 1564 2738; x_wconf 84' lang='lat' dir='ltr'>tulpitu-</span> 
     </span>
     <span class='ocr_line' id='line_1_46' title="bbox 117 2736 1562 2794; baseline 0.003 -17"><span class='ocrx_word' id='word_1_363' title='bbox 117 2736 219 2778; x_wconf 89' lang='lat' dir='ltr'>dine</span> <span class='ocrx_word' id='word_1_364' title='bbox 261 2737 378 2787; x_wconf 79' lang='lat' dir='ltr'>vitae,</span> <span class='ocrx_word' id='word_1_365' title='bbox 432 2748 478 2778; x_wconf 86' lang='lat' dir='ltr'>ut</span> <span class='ocrx_word' id='word_1_366' title='bbox 521 2739 574 2779; x_wconf 89' lang='lat' dir='ltr'>de</span> <span class='ocrx_word' id='word_1_367' title='bbox 617 2753 667 2778; x_wconf 88' lang='lat' dir='ltr'>ns</span> <span class='ocrx_word' id='word_1_368' title='bbox 705 2752 794 2779; x_wconf 84' lang='lat' dir='ltr'>non</span> <span class='ocrx_word' id='word_1_369' title='bbox 835 2739 891 2779; x_wconf 89' lang='lat' dir='ltr'>sit</span> <span class='ocrx_word' id='word_1_370' title='bbox 931 2752 1104 2779; x_wconf 88' lang='lat' dir='ltr'>necesse</span> <span class='ocrx_word' id='word_1_371' title='bbox 1146 2739 1346 2779; x_wconf 87' lang='lat' dir='ltr'>inimicos</span> <span class='ocrx_word' id='word_1_372' title='bbox 1404 2741 1562 2794; x_wconf 83' lang='lat' dir='ltr'>praedi-</span> 
     </span>
     <span class='ocr_line' id='line_1_47' title="bbox 116 2794 1562 2853; baseline 0.002 -19"><span class='ocrx_word' id='word_1_373' title='bbox 116 2808 228 2845; x_wconf 89' lang='lat' dir='ltr'>care,</span> <span class='ocrx_word' id='word_1_374' title='bbox 259 2794 313 2835; x_wconf 88' lang='lat' dir='ltr'>de</span> <span class='ocrx_word' id='word_1_375' title='bbox 342 2809 525 2850; x_wconf 85' lang='lat' dir='ltr'>quorum</span> <span class='ocrx_word' id='word_1_376' title='bbox 569 2795 725 2836; x_wconf 85' lang='lat' dir='ltr'>scelere</span> <span class='ocrx_word' id='word_1_377' title='bbox 763 2809 815 2836; x_wconf 93' lang='lat' dir='ltr'>ne</span> <span class='ocrx_word' id='word_1_378' title='bbox 846 2795 973 2836; x_wconf 85' lang='lat' dir='ltr'>amici</span> <span class='ocrx_word' id='word_1_379' title='bbox 1010 2795 1202 2850; x_wconf 88' lang='lat' dir='ltr'>quidem,</span> <span class='ocrx_word' id='word_1_380' title='bbox 1232 2804 1307 2836; x_wconf 88' lang='lat' dir='ltr'>aut</span> <span class='ocrx_word' id='word_1_381' title='bbox 1347 2795 1430 2852; x_wconf 86' lang='lat' dir='ltr'>ipsi</span> <span class='ocrx_word' id='word_1_382' title='bbox 1461 2811 1562 2853; x_wconf 90' lang='lat' dir='ltr'>pos-</span> 
     </span>
     <span class='ocr_line' id='line_1_48' title="bbox 114 2852 1620 2910; baseline 0 -17"><span class='ocrx_word' id='word_1_383' title='bbox 114 2860 218 2893; x_wconf 85' lang='lat' dir='ltr'>sunt</span> <span class='ocrx_word' id='word_1_384' title='bbox 247 2865 420 2909; x_wconf 59' lang='lat' dir='ltr'>negare</span> <span class='ocrx_word' id='word_1_385' title='bbox 478 2852 568 2894; x_wconf 90' lang='lat' dir='ltr'>Vos</span> <span class='ocrx_word' id='word_1_386' title='bbox 609 2867 693 2910; x_wconf 84' lang='lat' dir='ltr'>ego</span> <span class='ocrx_word' id='word_1_387' title='bbox 723 2852 909 2910; x_wconf 81' lang='lat' dir='ltr'>appello,</span> <span class='ocrx_word' id='word_1_388' title='bbox 946 2866 1131 2909; x_wconf 87' lang='lat' dir='ltr'>quorum</span> <span class='ocrx_word' id='word_1_389' title='bbox 1165 2853 1219 2894; x_wconf 89' lang='lat' dir='ltr'>de</span> <span class='ocrx_word' id='word_1_390' title='bbox 1258 2867 1328 2895; x_wconf 86' lang='lat' dir='ltr'>me</span> <span class='ocrx_word' id='word_1_391' title='bbox 1368 2855 1620 2897; x_wconf 57' lang='lat' dir='ltr'>maximam</span> 
     </span>
    </p>
   </div>
  </div>
 </body>
</html>
