1769 3174
590 131 656 169 1N
682 130 996 169 VATINIUM.
1415 134 1512 168 1033

77 238 309 296 fregerisne
330 237 374 278 in
396 249 563 278 carcere
584 235 771 277 cervices
804 234 886 290 ipsi
910 234 968 275 illi
992 233 1156 283 Vettio,
1179 248 1232 274 ne
1253 234 1367 288 quod
1402 234 1514 275 indi-

76 298 190 338 cium
214 294 405 351 corrupti
437 292 586 334 indicii
608 300 791 343 extaret,
812 292 991 347 ejusque
1022 289 1189 332 sceleris
1224 291 1267 330 in
1300 302 1340 331 te
1373 291 1514 346 ipsum

77 353 261 409 quaestio
284 351 578 407 flagitaretur?

138 410 208 461 Et,
231 411 437 465 quoniam
458 408 608 449 crebro
630 420 822 462 usurpas,
853 405 992 461 legem
1016 413 1058 446 te
1080 407 1120 436 ⁵2
1133 403 1187 444 de
1216 403 1388 444 alternis
1411 417 1576 456 con-27

80 467 185 509 siliis
219 466 462 522 rejiciendis
495 465 664 505 tulisse:
697 473 745 504 ut
774 477 922 504 omnes
956 461 1213 517 intelligant,
1246 470 1287 501 te
1317 476 1369 501 ne
1402 472 1516 501 recte

79 525 254 582 quidem
287 523 426 564 faeere
459 522 549 563 sine
581 520 737 562 scelere
769 520 976 576 potuisse,
997 533 1160 575 quaero,
1182 533 1279 559 cuin
1313 518 1381 559 lex
1407 528 1518 558 esset

81 596 206 638 aequa
229 579 502 637 promulgata
522 578 648 619 initio
669 579 961 634 magistratus,
986 576 1141 618 multas
1163 576 1293 616 etiam
1325 575 1426 615 alias
1453 584 1518 614 tu-

80 640 215 689 lisses,
234 637 568 693 exspectarisne,
590 635 692 676 dum
718 636 768 677 C.
791 633 1008 676 Antonius
1036 648 1131 675 reus
1154 634 1273 674 fieret
1299 633 1411 688 apud
1436 631 1518 672 Cn.

85 695 315 738 Lentulum
343 693 630 735 Clodianum?
660 700 703 732 et
733 702 1013 748 posteaquam
1043 691 1113 732 ille
1144 701 1208 731 est
1239 704 1332 730 reus
1362 689 1517 739 factus,

83 754 230 795 statim
262 755 300 783 53
319 751 463 792 tuleris
495 751 558 804 [in
590 749 723 802 cum],
755 750 825 804 qui
852 756 964 790 tuam
989 756 1084 803 post
1112 747 1237 804 legem
1269 761 1355 787 reus
1372 745 1519 803 factus

83 817 201 852 esset:
234 818 281 850 ut
312 809 441 850 homo
463 807 697 848 consularis
729 806 943 857 exclusus,
966 806 1106 855 miser,
1128 814 1290 861 puncto
1314 804 1518 860 temporis

85 868 339 924 spoliaretur
362 864 571 906 beneficio
593 873 636 904 et
658 863 862 919 aequitate
883 863 989 919 legis
1011 865 1126 904 tuae?
1169 862 1315 913 Dices,
1338 861 1583 902 familia-‘28

85 927 254 967 ritatem
289 923 368 963 tibi
399 921 530 962 fuisse
552 935 650 962 eum
680 924 720 951 54
735 921 791 967 Q.
816 920 1033 962 Maximo.
1095 919 1308 961 Praeclara
1328 919 1521 960 defensio

85 981 290 1024 facinoris
314 980 390 1021 tui.
421 994 520 1020 nam
551 977 739 1019 Maximi
765 978 938 1033 quidem
971 992 1137 1019 summa
1156 977 1247 1018 laus
1270 985 1348 1028 est,
1371 977 1523 1017 sumtis

86 1037 343 1089 inimicitiis,
377 1044 576 1092 suscepta
611 1050 753 1086 causa,
784 1035 1015 1090 quaesitore
1047 1035 1313 1090 consilioque
1343 1034 1526 1084 delecto,

86 1095 427 1139 commodiorem
450 1093 627 1134 inimico
650 1108 727 1133 suo
749 1093 1043 1134 conditionem
1062 1092 1309 1148 rejectionis
1326 1093 1427 1133 dare
1450 1106 1528 1132 no-

88 1154 239 1196 luisse:
272 1151 464 1206 nihilque
486 1150 711 1191 Maximus
734 1148 837 1190 fecit
858 1149 1042 1190 alienum
1065 1160 1139 1190 aut
1161 1164 1236 1190 sua
1257 1149 1432 1201 virtute,
1454 1157 1529 1189 aut

89 1211 172 1253 illis
204 1209 305 1252 viris
327 1208 586 1258 clarissimis,
620 1207 793 1258 Paullis,
820 1207 1047 1258 Maximis,
1069 1206 1312 1258 Africanis3
1345 1221 1528 1262 quorum

89 1268 272 1325 gloriam
302 1266 432 1321 hujus
459 1265 617 1307 virtute
648 1274 896 1306 renovatam
929 1279 1014 1306 non
1048 1265 1177 1305 modo
1202 1279 1435 1320 speramus,
1456 1278 1529 1304 ve-

90 1340 185 1368 rum
207 1324 338 1366 etiam
354 1324 447 1379 jam
471 1322 680 1363 videmus.
707 1331 780 1363 tua
801 1321 930 1373 fraus,
956 1331 1078 1363 tuum
1108 1322 1383 1372 maleficium,
1406 1330 1530 1362 tuum

91 1383 228 1425 scelus
250 1381 352 1422 illud
376 1390 454 1430 est,
479 1390 520 1420 te
543 1380 600 1431 id,
622 1380 737 1435 quod
770 1379 1084 1435 promulgasses
1115 1379 1421 1420 misericordias
1453 1393 1532 1419 no-

90 1440 222 1490 mine,
253 1438 307 1480 ad
328 1436 593 1479 crudelitatis
625 1448 794 1493 tempus
825 1437 1054 1478 distulisse.
1113 1437 1180 1477 Ac
1212 1451 1325 1477 nunc
1356 1435 1530 1491 quidem

96 1497 150 1538 C.
172 1494 389 1537 Antonius
420 1494 502 1535 hac
535 1509 619 1534 una
648 1509 692 1535 re
723 1493 936 1534 miseriam
971 1509 1091 1534 suam
1121 1493 1381 1545 consolatur,
1414 1494 1531 1549 quod

94 1554 304 1609 imagines
335 1551 468 1608 patris
489 1560 532 1592 et
559 1551 702 1592 fratris
734 1551 814 1602 sui,
835 1553 875 1581 55
890 1551 1118 1606 fratrisque
1148 1551 1295 1602 filiam,
1318 1551 1455 1592 56non
1488 1551 1532 1592 in

93 1611 272 1662 familia,
303 1610 376 1651 sed
407 1609 452 1650 in
482 1623 652 1650 carcere
682 1608 912 1650 collocatas
943 1609 1090 1650 audire
1120 1608 1286 1661 maluit,
1317 1623 1445 1664 quam
1473 1609 1535 1649 vi-

93 1668 207 1710 dere.

153 1725 210 1766 Et
230 1723 435 1780 quoniam
457 1723 660 1779 pecunias
681 1722 860 1763 aliorum
884 1723 1084 1779 despicis,
1105 1722 1158 1764 de
1181 1722 1264 1763 tuis
1283 1722 1446 1764 divitiis
1468 1723 1533 1763 in-
1551 1711 1614 1758 12

95 1782 427 1824 tolerantissime
448 1780 658 1837 gloriariS‚
681 1780 779 1821 volo
801 1781 863 1821 uti
895 1781 1002 1821 mihi
1032 1780 1305 1836 respondeas,
1327 1780 1597 1821 fecerisne-‘29

97 1840 265 1881 foedera
287 1839 484 1880 tribunus
514 1837 653 1894 plebis
682 1852 782 1878 cum
804 1838 1070 1888 civitatibus,
1093 1852 1192 1878 cum
1225 1837 1414 1893 regibuS,
1436 1852 1535 1878 cum
1547 1841 1576 1871 P·
1593 1835 1645 1862 35·

98 1896 351 1939 tetrarchis?
389 1895 664 1951 erogarisque
702 1895 907 1951 pecunias
938 1910 993 1936 ex
1033 1895 1184 1936 aerario
1218 1895 1302 1935 tuis
1339 1884 1577 1951 legibus?³‘'

99 1953 361 2011 eripuerisne
387 1955 425 1988 57
439 1961 582 2008 partes
613 1952 686 1993 illo
717 1963 911 2008 tempore
932 1951 1172 1994 carissimas
1205 1952 1361 2007 partim
1392 1967 1416 1993 a
1439 1952 1538 1994 Cae-

141 2088 182 2118 52
205 2086 244 2116 de
268 2083 406 2115 anemis
432 2084 572 2114 consiliis
597 2082 795 2125 rejiciendis]

102 2127 324 2201 v⁹593¹atvzilerir
350 2170 387 2199 in
412 2178 500 2205 eum,
529 2168 584 2208 qui
610 2173 705 2200 tuam
727 2173 801 2208 post

841 2094 878 2114 ac
900 2082 1011 2120 domo,
1036 2093 1109 2124 quae
1136 2093 1258 2114 nomen
1281 2083 1458 2116 honestum
1481 2085 1538 2117 ha-

841 2126 929 2163 beat,
953 2125 1162 2157 nobilitatem
1187 2127 1244 2156 &c.
1290 2127 1354 2157 Pro
1367 2129 1540 2160 collocatas

842 2168 990 2198 Graevius
1006 2168 1095 2199 dedit
1109 2170 1314 2206 collocatam,
1327 2173 1365 2199 ut
1378 2171 1542 2206 referatur

101 2213 206 2251 legem
230 2211 303 2251 &c.]
330 2211 531 2242 Passeratius
553 2211 624 2241 haec
645 2211 742 2241 verba
765 2212 800 2241 in

100 2258 310 2291 eum—esset,
326 2254 436 2294 spuria
451 2258 559 2293 putat.
584 2255 618 2283 in
633 2263 708 2283 eum
722 2262 800 2284 sane

102 2296 249 2337 spurium
265 2300 328 2333 est,
342 2301 378 2327 et
399 2306 418 2326 a
432 2296 625 2336 glossatore,
642 2296 698 2334 qui
712 2295 799 2326 vole-

104 2339 162 2369 bat
186 2338 342 2376 indicare,
358 2338 391 2369 id
412 2338 448 2368 in
463 2338 534 2378 lege
556 2337 704 2369 additum
719 2347 799 2376 esse,

103 2385 142 2412 ut
157 2380 305 2411 Antonio
320 2385 473 2412 noceret:
498 2380 624 2420 reliqua
638 2385 717 2410 sunt
730 2390 801 2412 ver-

107 2423 150 2454 ba
163 2423 254 2463 legis.

145 2467 186 2496 54
207 2465 251 2507 Q.
267 2464 431 2505 BIam‘mo]
456 2465 654 2496 Accusatore
676 2465 715 2496 C.
732 2464 800 2495 An-

101 2507 200 2545 tonii,
217 2508 269 2538 cui
289 2513 422 2548 gratum
442 2507 548 2539 facere
569 2507 722 2538 Vatinius
744 2517 800 2537 vo-

104 2548 181 2580 luit.

149 2594 189 2623 55
192 2590 324 2631 fratris
325 2591 457 2632 filiam]
476 2592 526 2622 M.
539 2592 690 2629 Antonii,
705 2602 804 2631 quam

107 2633 261 2664 Vatinius
275 2634 311 2664 in
324 2634 575 2665 matrimonium
589 2634 738 2665 duxerat.

152 2676 193 2706 56
214 2685 278 2705 non
302 2677 339 2706 in
354 2676 512 2716 familia,
536 2677 594 2707 sed
615 2678 651 2707 in
675 2686 807 2707 carcere

111 2717 296 2757 collocatas]
322 2718 344 2748 i.
360 2729 388 2749 e.
411 2727 478 2749 non
493 2720 528 2749 in
543 2719 641 2750 domo
655 2718 807 2756 honesta,

111 2759 168 2789 sed
181 2759 216 2789 in
229 2770 280 2796 ea,
296 2769 380 2797 Quae,
396 2766 531 2800 propter
545 2761 671 2791 domini
687 2761 809 2801 impro-

111 2801 250 2832 bitatem
276 2806 311 2831 et
338 2802 497 2839 facinora,
525 2804 663 2833 carceris
699 2804 809 2842 potius

110 2844 244 2873 nomine
267 2843 366 2883 digna
379 2850 441 2875 est.
453 2845 601 2883 familia
622 2845 711 2876 enirn
729 2845 808 2875 dici-

111 2890 168 2917 tur
188 2886 288 2917 etiam
313 2895 411 2917 sensu
430 2886 623 2925 honestiori,
647 2887 686 2918 de
709 2891 809 2926 gente

843 2209 883 2240 ad
897 2210 1004 2241 solam
1017 2210 1120 2242 filiam
1133 2223 1139 2240 :
1162 2217 1202 2241 ut
1217 2216 1268 2242 est
1282 2212 1318 2241 in
1339 2211 1404 2243 Ms.
1419 2212 1491 2244 Erf.
1506 2219 1541 2244 et

843 2251 914 2283 edd.
937 2263 987 2293 pr.
1011 2253 1177 2290 omnibus,
1205 2253 1254 2294 (in
1274 2253 1329 2285 W.
1351 2259 1403 2285 est
1423 2256 1540 2286 vitiose

842 2294 1060 2335 collocatum.)
1078 2305 1146 2326 non
1159 2297 1331 2327 collocatas
1345 2297 1470 2336 primus
1483 2298 1541 2328 Al-

841 2336 902 2367 dus
923 2337 1044 2368 edidit:
1067 2337 1124 2369 sed
1149 2339 1321 2369 collocatas
1343 2340 1477 2377 retinui,
1501 2349 1541 2371 ut

842 2384 877 2409 et
899 2378 940 2410 ad
960 2380 1120 2420 imagines
1133 2380 1306 2418 referatur,
1323 2390 1395 2420 quae
1417 2383 1453 2413 in
1467 2393 1540 2413 eam

843 2421 991 2459 domum,
1009 2423 1044 2452 in
1066 2433 1165 2462 quam
1179 2422 1250 2454 filia
1262 2423 1400 2454 Antonii
1423 2435 1543 2466 nupse-

843 2468 908 2500 rat,
922 2465 1138 2495 transierunt.

885 2508 922 2540 57
941 2512 1059 2546 partes
1082 2509 1105 2537 z'.
1121 2512 1144 2538 t.
1166 2508 1356 2538 carissimas
1370 2509 1500 2547 partim
1521 2520 1544 2540 a

849 2547 925 2578 Coes.
952 2549 1026 2589 &c.]
1065 2548 1230 2589 Intelligit
1265 2555 1375 2591 partes
1401 2551 1543 2591 imperii,

847 2597 887 2621 ut
908 2591 1058 2622 civitates
1081 2593 1139 2623 &e.
1162 2592 1356 2631 vectigales:
1381 2602 1459 2631 quas
1482 2595 1544 2623 eri-

848 2633 922 2673 puit
937 2633 1063 2673 legibus
1078 2635 1161 2671 istis,
1177 2634 1294 2674 quibus
1316 2635 1545 2665 immunitates

849 2675 947 2706 datae.
969 2686 1023 2707 eas
1045 2676 1126 2706 dicit
1153 2681 1280 2716 ereptas
1303 2676 1436 2711 Caesari,
1460 2678 1546 2716 quod

850 2718 885 2748 in
899 2719 968 2757 ejus
982 2719 1151 2759 provincia
1172 2723 1280 2754 erant,
1296 2723 1330 2748 et
1349 2718 1546 2758 publicanis,

851 2761 906 2799 qui
921 2770 1034 2791 earum
1047 2760 1221 2800 vectigalia
1233 2759 1471 2791 conduxerant.
1488 2762 1549 2792 Di-

851 2803 901 2832 xit
916 2812 937 2832 α
958 2802 1095 2839 Caesare,
1111 2802 1340 2842 apublicxmis,
1352 2813 1412 2842 pro
1430 2802 1550 2834 Caesari

850 2849 884 2874 et
894 2845 1092 2883 publicanis,
1107 2854 1148 2874 ne
1162 2844 1202 2874 ad
1217 2845 1404 2875 carissimas
1415 2845 1551 2876 referre—

850 2890 926 2917 tur:
951 2886 1059 2918 forma
1072 2888 1196 2926 eripere
1216 2887 1256 2916 ab
1272 2887 1380 2926 aliquo
1400 2887 1483 2919 bene
1506 2888 1553 2919 la-
