<?xml version="1.0" encoding="UTF-8"?>
<!DOCTYPE html PUBLIC "-//W3C//DTD XHTML 1.0 Transitional//EN"
    "http://www.w3.org/TR/xhtml1/DTD/xhtml1-transitional.dtd">
<html xmlns="http://www.w3.org/1999/xhtml" xml:lang="en" lang="en">
 <head>
  <title>
</title>
<meta http-equiv="Content-Type" content="text/html;charset=utf-8" />
  <meta name='ocr-system' content='tesseract 3.04.00' />
  <meta name='ocr-capabilities' content='ocr_page ocr_carea ocr_par ocr_line ocrx_word'/>
</head>
<body>
  <div class='ocr_page' id='page_1' title='image "./p2operaomnia02ciceuoft_0165.png"; bbox 0 0 1812 3147; ppageno 0'>
   <div class='ocr_carea' id='block_1_1' title="bbox 387 102 1488 149">
    <p class='ocr_par' dir='ltr' id='par_1_1' title="bbox 387 102 1488 149">
     <span class='ocr_line' id='line_1_1' title="bbox 387 102 1488 149; baseline 0.001 -7"><span class='ocrx_word' id='word_1_1' title='bbox 387 103 495 142; x_wconf 85' lang='lat' dir='ltr'><strong>PRO</strong></span> <span class='ocrx_word' id='word_1_2' title='bbox 521 102 679 141; x_wconf 92' lang='lat' dir='ltr'><strong>DOMO</strong></span> <span class='ocrx_word' id='word_1_3' title='bbox 706 103 809 141; x_wconf 88' lang='lat' dir='ltr'><strong>SUA</strong></span> <span class='ocrx_word' id='word_1_4' title='bbox 834 102 907 140; x_wconf 94' lang='lat' dir='ltr'><strong>AD</strong></span> <span class='ocrx_word' id='word_1_5' title='bbox 933 102 1140 142; x_wconf 87' lang='lat' dir='ltr'>PONTIF.</span> <span class='ocrx_word' id='word_1_6' title='bbox 1411 108 1488 149; x_wconf 73' lang='lat'><strong>887</strong></span> 
     </span>
    </p>
   </div>
   <div class='ocr_carea' id='block_1_2' title="bbox 0 205 1590 2438">
    <p class='ocr_par' dir='ltr' id='par_1_2' title="bbox 39 205 1578 1062">
     <span class='ocr_line' id='line_1_2' title="bbox 48 205 1486 262; baseline -0.001 -11"><span class='ocrx_word' id='word_1_7' title='bbox 48 208 296 251; x_wconf 78' lang='lat' dir='ltr'>constitutae</span> <span class='ocrx_word' id='word_1_8' title='bbox 320 218 434 249; x_wconf 88' lang='lat' dir='ltr'><strong>sunt.</strong></span> <span class='ocrx_word' id='word_1_9' title='bbox 496 206 573 248; x_wconf 88' lang='lat' dir='ltr'><strong>Est</strong></span> <span class='ocrx_word' id='word_1_10' title='bbox 591 207 790 247; x_wconf 88' lang='lat' dir='ltr'><strong>inventus</strong></span> <span class='ocrx_word' id='word_1_11' title='bbox 813 206 1011 247; x_wconf 86' lang='lat' dir='ltr'><strong>tribunus</strong></span> <span class='ocrx_word' id='word_1_12' title='bbox 1029 205 1180 262; x_wconf 84' lang='lat' dir='ltr'><strong>plebis,</strong></span> <span class='ocrx_word' id='word_1_13' title='bbox 1200 206 1273 260; x_wconf 90' lang='lat' dir='ltr'><strong>qui</strong></span> <span class='ocrx_word' id='word_1_14' title='bbox 1290 208 1486 250; x_wconf 81' lang='lat' dir='ltr'><strong>consula·</strong></span> 
     </span>
     <span class='ocr_line' id='line_1_3' title="bbox 40 263 1486 321; baseline 0 -14"><span class='ocrx_word' id='word_1_15' title='bbox 40 267 159 308; x_wconf 81' lang='lat' dir='ltr'><strong>ribus</strong></span> <span class='ocrx_word' id='word_1_16' title='bbox 181 266 317 321; x_wconf 74' lang='lat' dir='ltr'><strong>cd&#39;piis</strong></span> <span class='ocrx_word' id='word_1_17' title='bbox 349 265 596 314; x_wconf 83' lang='lat' dir='ltr'><strong>instructus,</strong></span> <span class='ocrx_word' id='word_1_18' title='bbox 618 264 734 304; x_wconf 89' lang='lat' dir='ltr'><strong>omni</strong></span> <span class='ocrx_word' id='word_1_19' title='bbox 767 264 930 319; x_wconf 83' lang='lat' dir='ltr'><strong>impetu</strong></span> <span class='ocrx_word' id='word_1_20' title='bbox 964 263 1118 304; x_wconf 84' lang='lat' dir='ltr'><strong>furoris</strong></span> <span class='ocrx_word' id='word_1_21' title='bbox 1152 264 1194 303; x_wconf 88' lang='lat' dir='ltr'><strong>in</strong></span> <span class='ocrx_word' id='word_1_22' title='bbox 1225 278 1323 304; x_wconf 88' lang='lat' dir='ltr'><strong>eum</strong></span> <span class='ocrx_word' id='word_1_23' title='bbox 1347 267 1486 307; x_wconf 79' lang='lat' dir='ltr'><strong>civem</strong></span> 
     </span>
     <span class='ocr_line' id='line_1_4' title="bbox 41 319 1487 378; baseline 0 -14"><span class='ocrx_word' id='word_1_24' title='bbox 41 323 226 372; x_wconf 85' lang='lat' dir='ltr'><strong>irruerit,</strong></span> <span class='ocrx_word' id='word_1_25' title='bbox 245 337 372 378; x_wconf 86' lang='lat' dir='ltr'><strong>quem</strong></span> <span class='ocrx_word' id='word_1_26' title='bbox 396 321 637 378; x_wconf 85' lang='lat' dir='ltr'><strong>perculsum</strong></span> <span class='ocrx_word' id='word_1_27' title='bbox 667 321 760 377; x_wconf 80' lang='lat' dir='ltr'><strong>ipsa</strong></span> <span class='ocrx_word' id='word_1_28' title='bbox 788 319 1032 377; x_wconf 80' lang='lat' dir='ltr'>respublica</span> <span class='ocrx_word' id='word_1_29' title='bbox 1063 320 1148 360; x_wconf 86' lang='lat' dir='ltr'><strong>suis</strong></span> <span class='ocrx_word' id='word_1_30' title='bbox 1181 322 1378 362; x_wconf 55' lang='lat' dir='ltr'><strong>manibus</strong></span> <span class='ocrx_word' id='word_1_31' title='bbox 1410 337 1487 364; x_wconf 78' lang='lat' dir='ltr'><strong>cx-</strong></span> 
     </span>
     <span class='ocr_line' id='line_1_5' title="bbox 39 377 1571 437; baseline 0 -17"><span class='ocrx_word' id='word_1_32' title='bbox 39 379 223 421; x_wconf 83' lang='lat' dir='ltr'><strong>tolleret.</strong></span> <span class='ocrx_word' id='word_1_33' title='bbox 305 379 438 429; x_wconf 78' lang='lat' dir='ltr'><strong>Quid,</strong></span> <span class='ocrx_word' id='word_1_34' title='bbox 480 379 513 419; x_wconf 90' lang='lat' dir='ltr'><strong>si</strong></span> <span class='ocrx_word' id='word_1_35' title='bbox 551 378 645 432; x_wconf 90' lang='lat' dir='ltr'><strong>quis</strong></span> <span class='ocrx_word' id='word_1_36' title='bbox 686 378 837 419; x_wconf 87' lang='lat' dir='ltr'><strong>similis</strong></span> <span class='ocrx_word' id='word_1_37' title='bbox 878 377 999 418; x_wconf 85' lang='lat' dir='ltr'><strong>istius</strong></span> <span class='ocrx_word' id='word_1_38' title='bbox 1042 382 1199 431; x_wconf 85' lang='lat' dir='ltr'><strong>(neque</strong></span> <span class='ocrx_word' id='word_1_39' title='bbox 1242 378 1356 418; x_wconf 84' lang='lat' dir='ltr'><strong>enim</strong></span> <span class='ocrx_word' id='word_1_40' title='bbox 1392 379 1484 434; x_wconf 83' lang='lat' dir='ltr'><strong>jain</strong></span> <span class='ocrx_word' id='word_1_41' title='bbox 1497 382 1571 437; x_wconf 75' lang='lat'><strong>46</strong></span> 
     </span>
     <span class='ocr_line' id='line_1_6' title="bbox 40 434 1577 494; baseline 0 -17"><span class='ocrx_word' id='word_1_42' title='bbox 40 436 236 486; x_wconf 86' lang='lat' dir='ltr'><strong>deerunt,</strong></span> <span class='ocrx_word' id='word_1_43' title='bbox 267 438 339 491; x_wconf 89' lang='lat' dir='ltr'><strong>qui</strong></span> <span class='ocrx_word' id='word_1_44' title='bbox 384 436 537 477; x_wconf 85' lang='lat' dir='ltr'><strong>imitari</strong></span> <span class='ocrx_word' id='word_1_45' title='bbox 584 435 734 486; x_wconf 85' lang='lat' dir='ltr'><strong>velint)</strong></span> <span class='ocrx_word' id='word_1_46' title='bbox 776 436 961 490; x_wconf 81' lang='lat' dir='ltr'>aliquem</span> <span class='ocrx_word' id='word_1_47' title='bbox 994 435 1078 475; x_wconf 86' lang='lat' dir='ltr'><strong>mei</strong></span> <span class='ocrx_word' id='word_1_48' title='bbox 1110 434 1375 485; x_wconf 78' lang='lat' dir='ltr'>dissimilem,</span> <span class='ocrx_word' id='word_1_49' title='bbox 1417 438 1577 494; x_wconf 53' lang='lat' dir='ltr'><strong>culmo</strong></span> 
     </span>
     <span class='ocr_line' id='line_1_7' title="bbox 42 491 1530 548; baseline -0.001 -13"><span class='ocrx_word' id='word_1_50' title='bbox 42 493 285 548; x_wconf 68' lang='lat' dir='ltr'>respublica</span> <span class='ocrx_word' id='word_1_51' title='bbox 325 508 411 533; x_wconf 84' lang='lat' dir='ltr'><strong>non</strong></span> <span class='ocrx_word' id='word_1_52' title='bbox 445 502 613 533; x_wconf 85' lang='lat' dir='ltr'><strong>tantum</strong></span> <span class='ocrx_word' id='word_1_53' title='bbox 646 492 814 543; x_wconf 85' lang='lat' dir='ltr'><strong>debeat,</strong></span> <span class='ocrx_word' id='word_1_54' title='bbox 846 506 921 547; x_wconf 85' lang='lat' dir='ltr'><strong>per</strong></span> <span class='ocrx_word' id='word_1_55' title='bbox 953 492 1040 532; x_wconf 79' lang='lat' dir='ltr'><strong>vim</strong></span> <span class='ocrx_word' id='word_1_56' title='bbox 1071 491 1289 541; x_wconf 78' lang='lat' dir='ltr'><strong>afflixerit,</strong></span> <span class='ocrx_word' id='word_1_57' title='bbox 1311 493 1487 533; x_wconf 83' lang='lat' dir='ltr'><strong>domum</strong></span> <span class='ocrx_word' id='word_1_58' title='bbox 1500 507 1530 537; x_wconf 87' lang='lat' dir='ltr'><strong>b.</strong></span> 
     </span>
     <span class='ocr_line' id='line_1_8' title="bbox 43 549 1489 606; baseline 0 -15"><span class='ocrx_word' id='word_1_59' title='bbox 43 549 136 605; x_wconf 89' lang='lat' dir='ltr'><strong>ejus</strong></span> <span class='ocrx_word' id='word_1_60' title='bbox 159 565 233 606; x_wconf 85' lang='lat' dir='ltr'><strong>per</strong></span> <span class='ocrx_word' id='word_1_61' title='bbox 255 551 501 606; x_wconf 78' lang='lat' dir='ltr'><strong>pontificem</strong></span> <span class='ocrx_word' id='word_1_62' title='bbox 524 550 753 590; x_wconf 83' lang='lat' dir='ltr'><strong>dedicarit:</strong></span> <span class='ocrx_word' id='word_1_63' title='bbox 787 549 843 598; x_wconf 86' lang='lat' dir='ltr'><strong>id,</strong></span> <span class='ocrx_word' id='word_1_64' title='bbox 868 564 942 589; x_wconf 84' lang='lat' dir='ltr'><strong>vos</strong></span> <span class='ocrx_word' id='word_1_65' title='bbox 974 552 992 579; x_wconf 83' lang='lat'>3</span> <span class='ocrx_word' id='word_1_66' title='bbox 1007 550 1088 589; x_wconf 84' lang='lat' dir='ltr'><strong>ista</strong></span> <span class='ocrx_word' id='word_1_67' title='bbox 1109 549 1365 589; x_wconf 76' lang='lat' dir='ltr'><strong>auctoritate</strong></span> <span class='ocrx_word' id='word_1_68' title='bbox 1387 564 1489 591; x_wconf 82' lang='lat' dir='ltr'><strong>con-</strong></span> 
     </span>
     <span class='ocr_line' id='line_1_9' title="bbox 46 606 1490 662; baseline 0 -15"><span class='ocrx_word' id='word_1_69' title='bbox 46 607 247 657; x_wconf 80' lang='lat' dir='ltr'><strong>stituetis,</strong></span> <span class='ocrx_word' id='word_1_70' title='bbox 272 618 409 647; x_wconf 75' lang='lat' dir='ltr'><strong>ratum</strong></span> <span class='ocrx_word' id='word_1_71' title='bbox 437 622 527 648; x_wconf 84' lang='lat' dir='ltr'><strong>esse</strong></span> <span class='ocrx_word' id='word_1_72' title='bbox 558 609 783 662; x_wconf 73' lang='lat' dir='ltr'>oportere?</span> <span class='ocrx_word' id='word_1_73' title='bbox 818 606 1000 657; x_wconf 62' lang='lat' dir='ltr'><strong>Dicens,</strong></span> <span class='ocrx_word' id='word_1_74' title='bbox 1019 620 1147 661; x_wconf 80' lang='lat' dir='ltr'><strong>quem</strong></span> <span class='ocrx_word' id='word_1_75' title='bbox 1178 607 1361 661; x_wconf 75' lang='lat' dir='ltr'><strong>reperiet</strong></span> <span class='ocrx_word' id='word_1_76' title='bbox 1385 621 1490 662; x_wconf 88' lang='lat' dir='ltr'><strong>pon-</strong></span> 
     </span>
     <span class='ocr_line' id='line_1_10' title="bbox 45 663 1492 719; baseline -0.001 -14"><span class='ocrx_word' id='word_1_77' title='bbox 45 664 232 705; x_wconf 85' lang='lat' dir='ltr'><strong>tificem?</strong></span> <span class='ocrx_word' id='word_1_78' title='bbox 265 664 409 710; x_wconf 76' lang='lat' dir='ltr'><strong>Quid?</strong></span> <span class='ocrx_word' id='word_1_79' title='bbox 431 677 474 705; x_wconf 82' lang='lat' dir='ltr'><strong>et</strong></span> <span class='ocrx_word' id='word_1_80' title='bbox 497 664 693 705; x_wconf 74' lang='lat' dir='ltr'><strong>tribunus</strong></span> <span class='ocrx_word' id='word_1_81' title='bbox 718 663 852 719; x_wconf 84' lang='lat' dir='ltr'><strong>plebis</strong></span> <span class='ocrx_word' id='word_1_82' title='bbox 875 663 988 703; x_wconf 86' lang='lat' dir='ltr'><strong>idem</strong></span> <span class='ocrx_word' id='word_1_83' title='bbox 1004 677 1095 703; x_wconf 78' lang='lat' dir='ltr'><strong>esse</strong></span> <span class='ocrx_word' id='word_1_84' title='bbox 1114 677 1200 703; x_wconf 88' lang='lat' dir='ltr'><strong>non</strong></span> <span class='ocrx_word' id='word_1_85' title='bbox 1220 673 1362 718; x_wconf 87' lang='lat' dir='ltr'><strong>potest</strong></span> <span class='ocrx_word' id='word_1_86' title='bbox 1384 679 1492 719; x_wconf 88' lang='lat' dir='ltr'><strong>pon-</strong></span> 
     </span>
     <span class='ocr_line' id='line_1_11' title="bbox 41 720 1492 775; baseline 0 -14"><span class='ocrx_word' id='word_1_87' title='bbox 41 720 179 763; x_wconf 82' lang='lat' dir='ltr'><strong>tifex?</strong></span> <span class='ocrx_word' id='word_1_88' title='bbox 211 720 278 761; x_wconf 88' lang='lat' dir='ltr'><strong>M.</strong></span> <span class='ocrx_word' id='word_1_89' title='bbox 303 720 561 772; x_wconf 74' lang='lat' dir='ltr'><strong>Drusus,ille</strong></span> <span class='ocrx_word' id='word_1_90' title='bbox 585 721 874 761; x_wconf 55' lang='lat' dir='ltr'><strong>*relacissimus</strong></span> <span class='ocrx_word' id='word_1_91' title='bbox 898 721 1094 760; x_wconf 81' lang='lat' dir='ltr'><strong>tribunus</strong></span> <span class='ocrx_word' id='word_1_92' title='bbox 1117 720 1268 775; x_wconf 86' lang='lat' dir='ltr'><strong>plebis,</strong></span> <span class='ocrx_word' id='word_1_93' title='bbox 1293 720 1492 775; x_wconf 68' lang='lat' dir='ltr'><strong>pontifex</strong></span> 
     </span>
     <span class='ocr_line' id='line_1_12' title="bbox 51 776 1493 834; baseline 0 -16"><span class='ocrx_word' id='word_1_94' title='bbox 51 776 150 819; x_wconf 83' lang='lat' dir='ltr'><strong>fuit.</strong></span> <span class='ocrx_word' id='word_1_95' title='bbox 172 792 290 834; x_wconf 87' lang='lat' dir='ltr'><strong>ergo,</strong></span> <span class='ocrx_word' id='word_1_96' title='bbox 309 779 341 818; x_wconf 87' lang='lat' dir='ltr'><strong>si</strong></span> <span class='ocrx_word' id='word_1_97' title='bbox 363 778 397 818; x_wconf 88' lang='lat' dir='ltr'><strong>is</strong></span> <span class='ocrx_word' id='word_1_98' title='bbox 422 779 478 825; x_wconf 81' lang='lat' dir='ltr'><strong>Q.</strong></span> <span class='ocrx_word' id='word_1_99' title='bbox 500 778 736 832; x_wconf 66' lang='lat' dir='ltr'><strong>Caepionis,</strong></span> <span class='ocrx_word' id='word_1_100' title='bbox 760 778 923 818; x_wconf 83' lang='lat' dir='ltr'><strong>inimici</strong></span> <span class='ocrx_word' id='word_1_101' title='bbox 956 778 1034 827; x_wconf 87' lang='lat' dir='ltr'><strong>sui,</strong></span> <span class='ocrx_word' id='word_1_102' title='bbox 1058 787 1225 832; x_wconf 81' lang='lat' dir='ltr'><strong>postem</strong></span> <span class='ocrx_word' id='word_1_103' title='bbox 1249 778 1407 818; x_wconf 82' lang='lat' dir='ltr'><strong>aedium</strong></span> <span class='ocrx_word' id='word_1_104' title='bbox 1430 788 1493 818; x_wconf 87' lang='lat' dir='ltr'><strong>te-</strong></span> 
     </span>
     <span class='ocr_line' id='line_1_13' title="bbox 47 833 1493 891; baseline -0.001 -15"><span class='ocrx_word' id='word_1_105' title='bbox 47 835 224 886; x_wconf 83' lang='lat' dir='ltr'><strong>nuisset,</strong></span> <span class='ocrx_word' id='word_1_106' title='bbox 246 844 290 875; x_wconf 87' lang='lat' dir='ltr'><strong>et</strong></span> <span class='ocrx_word' id='word_1_107' title='bbox 313 849 447 891; x_wconf 77' lang='lat' dir='ltr'><strong>pauca</strong></span> <span class='ocrx_word' id='word_1_108' title='bbox 470 837 596 875; x_wconf 77' lang='lat' dir='ltr'><strong>verba</strong></span> <span class='ocrx_word' id='word_1_109' title='bbox 614 835 799 884; x_wconf 75' lang='lat' dir='ltr'><strong>fecisset,</strong></span> <span class='ocrx_word' id='word_1_110' title='bbox 823 835 934 875; x_wconf 83' lang='lat' dir='ltr'><strong>aedes</strong></span> <span class='ocrx_word' id='word_1_111' title='bbox 956 833 1178 889; x_wconf 65' lang='lat' dir='ltr'><strong>Caepionis</strong></span> <span class='ocrx_word' id='word_1_112' title='bbox 1200 845 1342 875; x_wconf 86' lang='lat' dir='ltr'><strong>essent</strong></span> <span class='ocrx_word' id='word_1_113' title='bbox 1373 836 1493 875; x_wconf 82' lang='lat' dir='ltr'><strong>dedi-</strong></span> 
     </span>
     <span class='ocr_line' id='line_1_14' title="bbox 48 891 1578 947; baseline -0.001 -14"><span class='ocrx_word' id='word_1_114' title='bbox 48 894 183 934; x_wconf 82' lang='lat' dir='ltr'><strong>catae?</strong></span> <span class='ocrx_word' id='word_1_115' title='bbox 217 892 337 933; x_wconf 76' lang='lat' dir='ltr'><strong>Nihil</strong></span> <span class='ocrx_word' id='word_1_116' title='bbox 369 891 520 947; x_wconf 84' lang='lat' dir='ltr'><strong>loquor</strong></span> <span class='ocrx_word' id='word_1_117' title='bbox 542 892 594 932; x_wconf 88' lang='lat' dir='ltr'><strong>de</strong></span> <span class='ocrx_word' id='word_1_118' title='bbox 617 892 841 947; x_wconf 81' lang='lat' dir='ltr'><strong>pontificio</strong></span> <span class='ocrx_word' id='word_1_119' title='bbox 858 892 971 947; x_wconf 82' lang='lat' dir='ltr'><strong>jure,</strong></span> <span class='ocrx_word' id='word_1_120' title='bbox 993 891 1099 932; x_wconf 76' lang='lat' dir='ltr'><strong>nihil</strong></span> <span class='ocrx_word' id='word_1_121' title='bbox 1124 892 1176 932; x_wconf 88' lang='lat' dir='ltr'><strong>de</strong></span> <span class='ocrx_word' id='word_1_122' title='bbox 1196 891 1329 947; x_wconf 90' lang='lat' dir='ltr'><strong>ipsius</strong></span> <span class='ocrx_word' id='word_1_123' title='bbox 1353 893 1491 932; x_wconf 87' lang='lat' dir='ltr'><strong>verbis</strong></span> <span class='ocrx_word' id='word_1_124' title='bbox 1508 892 1578 928; x_wconf 71' lang='lat'><strong>121</strong></span> 
     </span>
     <span class='ocr_line' id='line_1_15' title="bbox 48 949 1494 1004; baseline 0 -14"><span class='ocrx_word' id='word_1_125' title='bbox 48 949 347 1000; x_wconf 78' lang='lat' dir='ltr'><strong>dedicationis,</strong></span> <span class='ocrx_word' id='word_1_126' title='bbox 370 950 474 990; x_wconf 80' lang='lat' dir='ltr'><strong>nihil</strong></span> <span class='ocrx_word' id='word_1_127' title='bbox 507 949 559 990; x_wconf 90' lang='lat' dir='ltr'><strong>de</strong></span> <span class='ocrx_word' id='word_1_128' title='bbox 589 949 811 1004; x_wconf 79' lang='lat' dir='ltr'><strong>religione,</strong></span> <span class='ocrx_word' id='word_1_129' title='bbox 829 949 1120 990; x_wconf 54' lang='lat' dir='ltr'><strong>caeremoniis:</strong></span> <span class='ocrx_word' id='word_1_130' title='bbox 1153 963 1240 989; x_wconf 87' lang='lat' dir='ltr'><strong>nou</strong></span> <span class='ocrx_word' id='word_1_131' title='bbox 1270 949 1494 990; x_wconf 86' lang='lat' dir='ltr'><strong>dissimulo</strong></span> 
     </span>
     <span class='ocr_line' id='line_1_16' title="bbox 46 1006 1494 1062; baseline 0 -14"><span class='ocrx_word' id='word_1_132' title='bbox 46 1020 117 1048; x_wconf 89' lang='lat' dir='ltr'><strong>me</strong></span> <span class='ocrx_word' id='word_1_133' title='bbox 146 1006 308 1047; x_wconf 86' lang='lat' dir='ltr'><strong>nescire</strong></span> <span class='ocrx_word' id='word_1_134' title='bbox 339 1020 403 1057; x_wconf 87' lang='lat' dir='ltr'><strong>ea,</strong></span> <span class='ocrx_word' id='word_1_135' title='bbox 424 1022 537 1062; x_wconf 88' lang='lat' dir='ltr'><strong>quae,</strong></span> <span class='ocrx_word' id='word_1_136' title='bbox 558 1007 726 1047; x_wconf 87' lang='lat' dir='ltr'><strong>etiamsi</strong></span> <span class='ocrx_word' id='word_1_137' title='bbox 762 1006 930 1056; x_wconf 88' lang='lat' dir='ltr'><strong>scirem,</strong></span> <span class='ocrx_word' id='word_1_138' title='bbox 961 1006 1287 1056; x_wconf 80' lang='lat' dir='ltr'><strong>dissimularem,</strong></span> <span class='ocrx_word' id='word_1_139' title='bbox 1319 1020 1372 1046; x_wconf 90' lang='lat' dir='ltr'><strong>ne</strong></span> <span class='ocrx_word' id='word_1_140' title='bbox 1402 1006 1494 1048; x_wconf 86' lang='lat' dir='ltr'><strong>aliis</strong></span> 
     </span>
    </p>

    <p class='ocr_par' dir='ltr' id='par_1_3' title="bbox 21 1063 1498 1176">
     <span class='ocr_line' id='line_1_17' title="bbox 21 1063 1497 1115; baseline -0.001 -10"><span class='ocrx_word' id='word_1_141' title='bbox 21 1096 23 1098; x_wconf 75' lang='grc'><strong>-</strong></span> <span class='ocrx_word' id='word_1_142' title='bbox 48 1063 269 1115; x_wconf 87' lang='lat' dir='ltr'><strong>molestus,</strong></span> <span class='ocrx_word' id='word_1_143' title='bbox 289 1064 411 1104; x_wconf 80' lang='lat' dir='ltr'><strong>vobis</strong></span> <span class='ocrx_word' id='word_1_144' title='bbox 441 1065 571 1104; x_wconf 85' lang='lat' dir='ltr'><strong>etiam</strong></span> <span class='ocrx_word' id='word_1_145' title='bbox 608 1063 800 1104; x_wconf 88' lang='lat' dir='ltr'><strong>curiosus</strong></span> <span class='ocrx_word' id='word_1_146' title='bbox 833 1063 1022 1104; x_wconf 85' lang='lat' dir='ltr'><strong>viderer:</strong></span> <span class='ocrx_word' id='word_1_147' title='bbox 1054 1063 1133 1104; x_wconf 88' lang='lat' dir='ltr'><strong>etsi</strong></span> <span class='ocrx_word' id='word_1_148' title='bbox 1158 1063 1339 1104; x_wconf 87' lang='lat' dir='ltr'><strong>effluunt</strong></span> <span class='ocrx_word' id='word_1_149' title='bbox 1361 1063 1497 1105; x_wconf 85' lang='lat' dir='ltr'><strong>multa</strong></span> 
     </span>
     <span class='ocr_line' id='line_1_18' title="bbox 49 1120 1498 1176; baseline 0 -14"><span class='ocrx_word' id='word_1_150' title='bbox 49 1135 104 1163; x_wconf 76' lang='lat' dir='ltr'><strong>ex</strong></span> <span class='ocrx_word' id='word_1_151' title='bbox 119 1130 258 1162; x_wconf 86' lang='lat' dir='ltr'><strong>vestra</strong></span> <span class='ocrx_word' id='word_1_152' title='bbox 270 1120 619 1176; x_wconf 76' lang='lat' dir='ltr'><strong>disciplina‚quae</strong></span> <span class='ocrx_word' id='word_1_153' title='bbox 641 1120 771 1161; x_wconf 81' lang='lat' dir='ltr'><strong>etiam</strong></span> <span class='ocrx_word' id='word_1_154' title='bbox 794 1121 845 1161; x_wconf 87' lang='lat' dir='ltr'><strong>ad</strong></span> <span class='ocrx_word' id='word_1_155' title='bbox 869 1129 1034 1160; x_wconf 88' lang='lat' dir='ltr'><strong>nostras</strong></span> <span class='ocrx_word' id='word_1_156' title='bbox 1052 1134 1172 1161; x_wconf 84' lang='lat' dir='ltr'><strong>aures</strong></span> <span class='ocrx_word' id='word_1_157' title='bbox 1197 1134 1311 1176; x_wconf 86' lang='lat' dir='ltr'><strong>saepe</strong></span> <span class='ocrx_word' id='word_1_158' title='bbox 1331 1135 1498 1175; x_wconf 86' lang='lat' dir='ltr'><strong>perma-</strong></span> 
     </span>
    </p>

    <p class='ocr_par' dir='ltr' id='par_1_4' title="bbox 0 1177 1498 1232">
     <span class='ocr_line' id='line_1_19' title="bbox 0 1177 1498 1232; baseline 0.001 -13"><span class='ocrx_word' id='word_1_159' title='bbox 0 1209 1 1227; x_wconf 49' lang='lat'>2</span> <span class='ocrx_word' id='word_1_160' title='bbox 51 1188 170 1219; x_wconf 88' lang='lat' dir='ltr'><strong>nant.</strong></span> <span class='ocrx_word' id='word_1_161' title='bbox 232 1177 407 1225; x_wconf 81' lang='lat' dir='ltr'><strong>Rostem</strong></span> <span class='ocrx_word' id='word_1_162' title='bbox 431 1179 564 1218; x_wconf 89' lang='lat' dir='ltr'><strong>teneri</strong></span> <span class='ocrx_word' id='word_1_163' title='bbox 587 1178 629 1218; x_wconf 90' lang='lat' dir='ltr'><strong>in</strong></span> <span class='ocrx_word' id='word_1_164' title='bbox 648 1178 920 1219; x_wconf 81' lang='lat' dir='ltr'><strong>dedicatione</strong></span> <span class='ocrx_word' id='word_1_165' title='bbox 941 1186 1139 1232; x_wconf 85' lang='lat' dir='ltr'><strong>oportere</strong></span> <span class='ocrx_word' id='word_1_166' title='bbox 1162 1177 1309 1218; x_wconf 88' lang='lat' dir='ltr'><strong>videor</strong></span> <span class='ocrx_word' id='word_1_167' title='bbox 1330 1178 1498 1220; x_wconf 85' lang='lat' dir='ltr'><strong>audisse</strong></span> 
     </span>
    </p>

    <p class='ocr_par' dir='ltr' id='par_1_5' title="bbox 0 1234 1500 1520">
     <span class='ocr_line' id='line_1_20' title="bbox 0 1234 1496 1291; baseline 0.001 -15"><span class='ocrx_word' id='word_1_168' title='bbox 0 1263 1 1268; x_wconf 65' lang='lat'><strong>,</strong></span> <span class='ocrx_word' id='word_1_169' title='bbox 50 1234 214 1291; x_wconf 87' lang='lat' dir='ltr'><strong>templi.</strong></span> <span class='ocrx_word' id='word_1_170' title='bbox 239 1235 297 1276; x_wconf 89' lang='lat' dir='ltr'><strong>ibi</strong></span> <span class='ocrx_word' id='word_1_171' title='bbox 320 1235 434 1276; x_wconf 86' lang='lat' dir='ltr'><strong>enim</strong></span> <span class='ocrx_word' id='word_1_172' title='bbox 459 1235 593 1291; x_wconf 84' lang='lat' dir='ltr'><strong>postis</strong></span> <span class='ocrx_word' id='word_1_173' title='bbox 627 1243 706 1287; x_wconf 89' lang='lat' dir='ltr'><strong>est,</strong></span> <span class='ocrx_word' id='word_1_174' title='bbox 728 1236 803 1276; x_wconf 92' lang='lat' dir='ltr'><strong>ubi</strong></span> <span class='ocrx_word' id='word_1_175' title='bbox 834 1234 984 1290; x_wconf 88' lang='lat' dir='ltr'><strong>templi</strong></span> <span class='ocrx_word' id='word_1_176' title='bbox 1015 1235 1156 1275; x_wconf 85' lang='lat' dir='ltr'><strong>aditus</strong></span> <span class='ocrx_word' id='word_1_177' title='bbox 1187 1243 1251 1275; x_wconf 87' lang='lat' dir='ltr'><strong>est</strong></span> <span class='ocrx_word' id='word_1_178' title='bbox 1282 1243 1325 1275; x_wconf 85' lang='lat' dir='ltr'><strong>et</strong></span> <span class='ocrx_word' id='word_1_179' title='bbox 1347 1234 1496 1277; x_wconf 79' lang='lat' dir='ltr'><strong>valvae.</strong></span> 
     </span>
     <span class='ocr_line' id='line_1_21' title="bbox 51 1291 1497 1348; baseline 0 -14"><span class='ocrx_word' id='word_1_180' title='bbox 51 1292 372 1334; x_wconf 87' lang='lat' dir='ltr'><strong>Ambulationis</strong></span> <span class='ocrx_word' id='word_1_181' title='bbox 403 1302 546 1348; x_wconf 88' lang='lat' dir='ltr'><strong>postes</strong></span> <span class='ocrx_word' id='word_1_182' title='bbox 577 1306 705 1333; x_wconf 87' lang='lat' dir='ltr'><strong>nemo</strong></span> <span class='ocrx_word' id='word_1_183' title='bbox 737 1306 942 1347; x_wconf 87' lang='lat' dir='ltr'><strong>umquam</strong></span> <span class='ocrx_word' id='word_1_184' title='bbox 977 1292 1116 1332; x_wconf 88' lang='lat' dir='ltr'><strong>tenuit</strong></span> <span class='ocrx_word' id='word_1_185' title='bbox 1158 1291 1200 1332; x_wconf 90' lang='lat' dir='ltr'><strong>in</strong></span> <span class='ocrx_word' id='word_1_186' title='bbox 1232 1292 1497 1335; x_wconf 84' lang='lat' dir='ltr'><strong>dedicando:</strong></span> 
     </span>
     <span class='ocr_line' id='line_1_22' title="bbox 52 1348 1498 1404; baseline 0.001 -14"><span class='ocrx_word' id='word_1_187' title='bbox 52 1350 326 1391; x_wconf 82' lang='lat' dir='ltr'><strong>simulacrum</strong></span> <span class='ocrx_word' id='word_1_188' title='bbox 348 1360 506 1399; x_wconf 85' lang='lat' dir='ltr'><strong>autem,</strong></span> <span class='ocrx_word' id='word_1_189' title='bbox 530 1359 602 1390; x_wconf 87' lang='lat' dir='ltr'><strong>aut</strong></span> <span class='ocrx_word' id='word_1_190' title='bbox 624 1364 740 1390; x_wconf 83' lang='lat' dir='ltr'><strong>aram</strong></span> <span class='ocrx_word' id='word_1_191' title='bbox 763 1350 795 1390; x_wconf 89' lang='lat' dir='ltr'><strong>si</strong></span> <span class='ocrx_word' id='word_1_192' title='bbox 819 1348 1042 1400; x_wconf 85' lang='lat' dir='ltr'><strong>dedicasti,</strong></span> <span class='ocrx_word' id='word_1_193' title='bbox 1063 1348 1152 1389; x_wconf 88' lang='lat' dir='ltr'><strong>sine</strong></span> <span class='ocrx_word' id='word_1_194' title='bbox 1171 1348 1380 1404; x_wconf 82' lang='lat' dir='ltr'><strong>religione</strong></span> <span class='ocrx_word' id='word_1_195' title='bbox 1401 1349 1498 1391; x_wconf 89' lang='lat' dir='ltr'><strong>loco</strong></span> 
     </span>
     <span class='ocr_line' id='line_1_23' title="bbox 51 1405 1500 1462; baseline 0.001 -15"><span class='ocrx_word' id='word_1_196' title='bbox 51 1407 215 1448; x_wconf 86' lang='lat' dir='ltr'><strong>moveri</strong></span> <span class='ocrx_word' id='word_1_197' title='bbox 240 1415 395 1462; x_wconf 89' lang='lat' dir='ltr'><strong>potest.</strong></span> <span class='ocrx_word' id='word_1_198' title='bbox 457 1408 540 1448; x_wconf 83' lang='lat' dir='ltr'><strong>Sed</strong></span> <span class='ocrx_word' id='word_1_199' title='bbox 556 1407 650 1462; x_wconf 74' lang='lat' dir='ltr'><strong>jam</strong></span> <span class='ocrx_word' id='word_1_200' title='bbox 674 1407 757 1448; x_wconf 90' lang='lat' dir='ltr'><strong>hoc</strong></span> <span class='ocrx_word' id='word_1_201' title='bbox 778 1407 921 1448; x_wconf 90' lang='lat' dir='ltr'><strong>dicere</strong></span> <span class='ocrx_word' id='word_1_202' title='bbox 944 1406 1023 1448; x_wconf 89' lang='lat' dir='ltr'><strong>tibi</strong></span> <span class='ocrx_word' id='word_1_203' title='bbox 1046 1420 1134 1447; x_wconf 90' lang='lat' dir='ltr'><strong>non</strong></span> <span class='ocrx_word' id='word_1_204' title='bbox 1157 1405 1321 1458; x_wconf 89' lang='lat' dir='ltr'><strong>licebit,</strong></span> <span class='ocrx_word' id='word_1_205' title='bbox 1344 1407 1500 1461; x_wconf 89' lang='lat' dir='ltr'><strong>quoni-</strong></span> 
     </span>
     <span class='ocr_line' id='line_1_24' title="bbox 53 1463 984 1520; baseline -0.001 -16"><span class='ocrx_word' id='word_1_206' title='bbox 53 1477 123 1504; x_wconf 89' lang='lat' dir='ltr'><strong>am</strong></span> <span class='ocrx_word' id='word_1_207' title='bbox 146 1464 395 1519; x_wconf 88' lang='lat' dir='ltr'><strong>pontificem</strong></span> <span class='ocrx_word' id='word_1_208' title='bbox 418 1474 586 1520; x_wconf 86' lang='lat' dir='ltr'><strong>postem</strong></span> <span class='ocrx_word' id='word_1_209' title='bbox 608 1463 795 1505; x_wconf 87' lang='lat' dir='ltr'><strong>tenuisse</strong></span> <span class='ocrx_word' id='word_1_210' title='bbox 817 1463 984 1504; x_wconf 80' lang='lat' dir='ltr'><strong>dixisti.</strong></span> 
     </span>
    </p>

    <p class='ocr_par' dir='ltr' id='par_1_6' title="bbox 53 1520 1587 1920">
     <span class='ocr_line' id='line_1_25' title="bbox 111 1520 1587 1577; baseline 0.001 -16"><span class='ocrx_word' id='word_1_211' title='bbox 111 1521 385 1576; x_wconf 84' lang='lat' dir='ltr'><strong>Quamquam</strong></span> <span class='ocrx_word' id='word_1_212' title='bbox 418 1521 522 1576; x_wconf 91' lang='lat' dir='ltr'><strong>quid</strong></span> <span class='ocrx_word' id='word_1_213' title='bbox 552 1535 635 1577; x_wconf 84' lang='lat' dir='ltr'><strong>ego</strong></span> <span class='ocrx_word' id='word_1_214' title='bbox 666 1522 719 1562; x_wconf 89' lang='lat' dir='ltr'><strong>de</strong></span> <span class='ocrx_word' id='word_1_215' title='bbox 751 1520 1024 1563; x_wconf 84' lang='lat' dir='ltr'><strong>dedicatione</strong></span> <span class='ocrx_word' id='word_1_216' title='bbox 1047 1520 1259 1576; x_wconf 85' lang='lat' dir='ltr'><strong>5loquo1·?</strong></span> <span class='ocrx_word' id='word_1_217' title='bbox 1289 1530 1364 1562; x_wconf 88' lang='lat' dir='ltr'><strong>aut</strong></span> <span class='ocrx_word' id='word_1_218' title='bbox 1394 1522 1498 1577; x_wconf 90' lang='lat' dir='ltr'><strong>quid</strong></span> <span class='ocrx_word' id='word_1_219' title='bbox 1514 1535 1587 1571; x_wconf 73' lang='lat'><strong>122</strong></span> 
     </span>
     <span class='ocr_line' id='line_1_26' title="bbox 53 1577 1499 1634; baseline 0.001 -16"><span class='ocrx_word' id='word_1_220' title='bbox 53 1577 108 1618; x_wconf 88' lang='lat' dir='ltr'><strong>de</strong></span> <span class='ocrx_word' id='word_1_221' title='bbox 147 1588 289 1619; x_wconf 86' lang='lat' dir='ltr'><strong>vestro</strong></span> <span class='ocrx_word' id='word_1_222' title='bbox 320 1578 434 1634; x_wconf 86' lang='lat' dir='ltr'><strong>jure,</strong></span> <span class='ocrx_word' id='word_1_223' title='bbox 476 1588 518 1619; x_wconf 91' lang='lat' dir='ltr'><strong>et</strong></span> <span class='ocrx_word' id='word_1_224' title='bbox 558 1577 766 1634; x_wconf 80' lang='lat' dir='ltr'><strong>religione</strong></span> <span class='ocrx_word' id='word_1_225' title='bbox 806 1586 970 1629; x_wconf 84' lang='lat' dir='ltr'><strong>contra,</strong></span> <span class='ocrx_word' id='word_1_226' title='bbox 1012 1592 1142 1633; x_wconf 88' lang='lat' dir='ltr'><strong>quam</strong></span> <span class='ocrx_word' id='word_1_227' title='bbox 1177 1592 1499 1634; x_wconf 83' lang='lat' dir='ltr'><strong>proposueram,</strong></span> 
     </span>
     <span class='ocr_line' id='line_1_27' title="bbox 53 1634 1581 1698; baseline 0.002 -23"><span class='ocrx_word' id='word_1_228' title='bbox 53 1635 257 1691; x_wconf 84' lang='lat' dir='ltr'><strong>disputo?</strong></span> <span class='ocrx_word' id='word_1_229' title='bbox 289 1634 384 1691; x_wconf 86' lang='lat' dir='ltr'><strong>Ego</strong></span> <span class='ocrx_word' id='word_1_230' title='bbox 416 1649 530 1686; x_wconf 84' lang='lat' dir='ltr'><strong>vero,</strong></span> <span class='ocrx_word' id='word_1_231' title='bbox 554 1635 588 1676; x_wconf 90' lang='lat' dir='ltr'><strong>si</strong></span> <span class='ocrx_word' id='word_1_232' title='bbox 620 1636 766 1676; x_wconf 85' lang='lat' dir='ltr'><strong>omnia</strong></span> <span class='ocrx_word' id='word_1_233' title='bbox 797 1635 1073 1676; x_wconf 85' lang='lat' dir='ltr'><strong>sollemnibus</strong></span> <span class='ocrx_word' id='word_1_234' title='bbox 1105 1636 1260 1687; x_wconf 83' lang='lat' dir='ltr'><strong>verbis,</strong></span> <span class='ocrx_word' id='word_1_235' title='bbox 1283 1637 1498 1678; x_wconf 76' lang='lat' dir='ltr'><strong>veteribus</strong></span> <span class='ocrx_word' id='word_1_236' title='bbox 1511 1643 1581 1698; x_wconf 80' lang='lat'><strong>47</strong></span> 
     </span>
     <span class='ocr_line' id='line_1_28' title="bbox 56 1691 1500 1750; baseline 0.002 -18"><span class='ocrx_word' id='word_1_237' title='bbox 56 1701 100 1732; x_wconf 90' lang='lat' dir='ltr'><strong>et</strong></span> <span class='ocrx_word' id='word_1_238' title='bbox 127 1692 276 1748; x_wconf 89' lang='lat' dir='ltr'><strong>priscis</strong></span> <span class='ocrx_word' id='word_1_239' title='bbox 309 1691 519 1733; x_wconf 90' lang='lat' dir='ltr'><strong>institutis</strong></span> <span class='ocrx_word' id='word_1_240' title='bbox 554 1701 652 1734; x_wconf 83' lang='lat' dir='ltr'><strong>acta</strong></span> <span class='ocrx_word' id='word_1_241' title='bbox 700 1707 792 1734; x_wconf 88' lang='lat' dir='ltr'><strong>esse</strong></span> <span class='ocrx_word' id='word_1_242' title='bbox 830 1693 1042 1734; x_wconf 85' lang='lat' dir='ltr'><strong>dicerem:</strong></span> <span class='ocrx_word' id='word_1_243' title='bbox 1084 1702 1227 1733; x_wconf 82' lang='lat' dir='ltr'><strong>tamen</strong></span> <span class='ocrx_word' id='word_1_244' title='bbox 1258 1708 1327 1734; x_wconf 89' lang='lat' dir='ltr'><strong>me</strong></span> <span class='ocrx_word' id='word_1_245' title='bbox 1358 1695 1500 1750; x_wconf 89' lang='lat' dir='ltr'><strong>reipu-</strong></span> 
     </span>
     <span class='ocr_line' id='line_1_29' title="bbox 58 1749 1501 1805; baseline 0.002 -15"><span class='ocrx_word' id='word_1_246' title='bbox 58 1749 183 1790; x_wconf 87' lang='lat' dir='ltr'><strong>blicae</strong></span> <span class='ocrx_word' id='word_1_247' title='bbox 201 1749 300 1804; x_wconf 88' lang='lat' dir='ltr'><strong>jure</strong></span> <span class='ocrx_word' id='word_1_248' title='bbox 322 1749 610 1791; x_wconf 86' lang='lat' dir='ltr'><strong>defenderem.</strong></span> <span class='ocrx_word' id='word_1_249' title='bbox 669 1749 755 1802; x_wconf 90' lang='lat' dir='ltr'><strong>An,</strong></span> <span class='ocrx_word' id='word_1_250' title='bbox 788 1765 888 1792; x_wconf 90' lang='lat' dir='ltr'><strong>cum</strong></span> <span class='ocrx_word' id='word_1_251' title='bbox 930 1758 977 1790; x_wconf 90' lang='lat' dir='ltr'><strong>tu</strong></span> <span class='ocrx_word' id='word_1_252' title='bbox 1015 1749 1107 1805; x_wconf 85' lang='lat' dir='ltr'><strong>ejus</strong></span> <span class='ocrx_word' id='word_1_253' title='bbox 1146 1750 1253 1791; x_wconf 86' lang='lat' dir='ltr'><strong>civis</strong></span> <span class='ocrx_word' id='word_1_254' title='bbox 1296 1751 1501 1803; x_wconf 87' lang='lat' dir='ltr'><strong>discessu,</strong></span> 
     </span>
     <span class='ocr_line' id='line_1_30' title="bbox 57 1806 1504 1863; baseline 0.002 -16"><span class='ocrx_word' id='word_1_255' title='bbox 57 1806 182 1861; x_wconf 87' lang='lat' dir='ltr'><strong>cujus</strong></span> <span class='ocrx_word' id='word_1_256' title='bbox 203 1807 328 1847; x_wconf 91' lang='lat' dir='ltr'><strong>unius</strong></span> <span class='ocrx_word' id='word_1_257' title='bbox 350 1821 481 1862; x_wconf 86' lang='lat' dir='ltr'><strong>opera</strong></span> <span class='ocrx_word' id='word_1_258' title='bbox 508 1816 678 1848; x_wconf 87' lang='lat' dir='ltr'><strong>senatus</strong></span> <span class='ocrx_word' id='word_1_259' title='bbox 710 1817 838 1863; x_wconf 87' lang='lat' dir='ltr'><strong>atque</strong></span> <span class='ocrx_word' id='word_1_260' title='bbox 869 1821 1018 1848; x_wconf 88' lang='lat' dir='ltr'><strong>omnes</strong></span> <span class='ocrx_word' id='word_1_261' title='bbox 1044 1808 1142 1848; x_wconf 92' lang='lat' dir='ltr'><strong>boni</strong></span> <span class='ocrx_word' id='word_1_262' title='bbox 1166 1807 1388 1849; x_wconf 76' lang='lat' dir='ltr'><strong>civitatem</strong></span> <span class='ocrx_word' id='word_1_263' title='bbox 1411 1823 1504 1851; x_wconf 89' lang='lat' dir='ltr'><strong>esse</strong></span> 
     </span>
     <span class='ocr_line' id='line_1_31' title="bbox 58 1863 1504 1920; baseline 0.002 -16"><span class='ocrx_word' id='word_1_264' title='bbox 58 1863 317 1905; x_wconf 87' lang='lat' dir='ltr'><strong>incolumem</strong></span> <span class='ocrx_word' id='word_1_265' title='bbox 339 1864 467 1905; x_wconf 89' lang='lat' dir='ltr'><strong>toties</strong></span> <span class='ocrx_word' id='word_1_266' title='bbox 483 1863 766 1919; x_wconf 84' lang='lat' dir='ltr'><strong>judicassent,</strong></span> <span class='ocrx_word' id='word_1_267' title='bbox 789 1878 1040 1920; x_wconf 82' lang='lat' dir='ltr'><strong>oppressam</strong></span> <span class='ocrx_word' id='word_1_268' title='bbox 1071 1865 1306 1906; x_wconf 82' lang='lat' dir='ltr'><strong>taeterrimo</strong></span> <span class='ocrx_word' id='word_1_269' title='bbox 1330 1865 1504 1908; x_wconf 87' lang='lat' dir='ltr'><strong>latroci-</strong></span> 
     </span>
    </p>

    <p class='ocr_par' dir='ltr' id='par_1_7' title="bbox 29 1920 1590 2438">
     <span class='ocr_line' id='line_1_32' title="bbox 55 1920 1505 1978; baseline 0.001 -16"><span class='ocrx_word' id='word_1_270' title='bbox 55 1920 131 1962; x_wconf 90' lang='lat' dir='ltr'><strong>nio</strong></span> <span class='ocrx_word' id='word_1_271' title='bbox 153 1935 251 1962; x_wconf 90' lang='lat' dir='ltr'><strong>cum</strong></span> <span class='ocrx_word' id='word_1_272' title='bbox 272 1921 440 1962; x_wconf 87' lang='lat' dir='ltr'><strong>duobus</strong></span> <span class='ocrx_word' id='word_1_273' title='bbox 471 1921 806 1963; x_wconf 88' lang='lat' dir='ltr'><strong>sceleratissimis</strong></span> <span class='ocrx_word' id='word_1_274' title='bbox 836 1921 1084 1963; x_wconf 90' lang='lat' dir='ltr'><strong>consulibus</strong></span> <span class='ocrx_word' id='word_1_275' title='bbox 1106 1922 1418 1978; x_wconf 88' lang='lat' dir='ltr'><strong>rempublicam</strong></span> <span class='ocrx_word' id='word_1_276' title='bbox 1440 1933 1505 1965; x_wconf 91' lang='lat' dir='ltr'><strong>te-</strong></span> 
     </span>
     <span class='ocr_line' id='line_1_33' title="bbox 29 1977 1504 2035; baseline 0.002 -16"><span class='ocrx_word' id='word_1_277' title='bbox 29 1982 204 2020; x_wconf 81' lang='lat' dir='ltr'><strong>‘neres:</strong></span> <span class='ocrx_word' id='word_1_278' title='bbox 235 1977 410 2020; x_wconf 85' lang='lat' dir='ltr'><strong>domum</strong></span> <span class='ocrx_word' id='word_1_279' title='bbox 437 1978 544 2033; x_wconf 83' lang='lat' dir='ltr'><strong>ejuS,</strong></span> <span class='ocrx_word' id='word_1_280' title='bbox 566 1979 640 2034; x_wconf 90' lang='lat' dir='ltr'><strong>qui</strong></span> <span class='ocrx_word' id='word_1_281' title='bbox 671 1980 855 2035; x_wconf 87' lang='lat' dir='ltr'><strong>patriam</strong></span> <span class='ocrx_word' id='word_1_282' title='bbox 886 1994 911 2020; x_wconf 88' lang='lat' dir='ltr'><strong>a</strong></span> <span class='ocrx_word' id='word_1_283' title='bbox 941 1993 985 2019; x_wconf 91' lang='lat' dir='ltr'><strong>se</strong></span> <span class='ocrx_word' id='word_1_284' title='bbox 1015 1989 1225 2020; x_wconf 86' lang='lat' dir='ltr'><strong>servatam</strong></span> <span class='ocrx_word' id='word_1_285' title='bbox 1256 1980 1394 2035; x_wconf 87' lang='lat' dir='ltr'><strong>perire</strong></span> <span class='ocrx_word' id='word_1_286' title='bbox 1425 1995 1504 2023; x_wconf 90' lang='lat' dir='ltr'><strong>suo</strong></span> 
     </span>
     <span class='ocr_line' id='line_1_34' title="bbox 57 2035 1504 2093; baseline 0.003 -18"><span class='ocrx_word' id='word_1_287' title='bbox 57 2035 233 2089; x_wconf 86' lang='lat' dir='ltr'><strong>nomine</strong></span> <span class='ocrx_word' id='word_1_288' title='bbox 254 2035 474 2085; x_wconf 86' lang='lat' dir='ltr'><strong>noluisset,</strong></span> <span class='ocrx_word' id='word_1_289' title='bbox 494 2050 570 2091; x_wconf 88' lang='lat' dir='ltr'><strong>per</strong></span> <span class='ocrx_word' id='word_1_290' title='bbox 590 2036 841 2092; x_wconf 83' lang='lat' dir='ltr'><strong>pontificem</strong></span> <span class='ocrx_word' id='word_1_291' title='bbox 863 2036 1049 2091; x_wconf 89' lang='lat' dir='ltr'><strong>aliquem</strong></span> <span class='ocrx_word' id='word_1_292' title='bbox 1070 2036 1334 2079; x_wconf 88' lang='lat' dir='ltr'><strong>dedicasses:</strong></span> <span class='ocrx_word' id='word_1_293' title='bbox 1357 2048 1504 2093; x_wconf 83' lang='lat' dir='ltr'><strong>posset</strong></span> 
     </span>
     <span class='ocr_line' id='line_1_35' title="bbox 58 2092 1590 2150; baseline 0.005 -18"><span class='ocrx_word' id='word_1_294' title='bbox 58 2101 248 2133; x_wconf 86' lang='lat' dir='ltr'><strong>recreata</strong></span> <span class='ocrx_word' id='word_1_295' title='bbox 277 2092 517 2148; x_wconf 87' lang='lat' dir='ltr'><strong>respublica</strong></span> <span class='ocrx_word' id='word_1_296' title='bbox 544 2094 779 2135; x_wconf 84' lang='lat' dir='ltr'><strong>sustinere?</strong></span> <span class='ocrx_word' id='word_1_297' title='bbox 813 2093 926 2135; x_wconf 88' lang='lat' dir='ltr'><strong>Date</strong></span> <span class='ocrx_word' id='word_1_298' title='bbox 956 2093 1057 2135; x_wconf 88' lang='lat' dir='ltr'><strong>huic</strong></span> <span class='ocrx_word' id='word_1_299' title='bbox 1089 2093 1286 2150; x_wconf 84' lang='lat' dir='ltr'><strong>religioni</strong></span> <span class='ocrx_word' id='word_1_300' title='bbox 1321 2096 1501 2148; x_wconf 90' lang='lat' dir='ltr'><strong>aditum,</strong></span> <span class='ocrx_word' id='word_1_301' title='bbox 1517 2107 1590 2141; x_wconf 78' lang='lat'><strong>123</strong></span> 
     </span>
     <span class='ocr_line' id='line_1_36' title="bbox 58 2147 1504 2209; baseline 0.003 -20"><span class='ocrx_word' id='word_1_302' title='bbox 58 2147 311 2205; x_wconf 86' lang='lat' dir='ltr'><strong>pontifices:</strong></span> <span class='ocrx_word' id='word_1_303' title='bbox 336 2151 430 2204; x_wconf 82' lang='lat' dir='ltr'><strong>jam</strong></span> <span class='ocrx_word' id='word_1_304' title='bbox 459 2149 624 2192; x_wconf 88' lang='lat' dir='ltr'><strong>nullum</strong></span> <span class='ocrx_word' id='word_1_305' title='bbox 655 2150 839 2192; x_wconf 84' lang='lat' dir='ltr'><strong>fortunis</strong></span> <span class='ocrx_word' id='word_1_306' title='bbox 870 2151 1172 2192; x_wconf 88' lang='lat' dir='ltr'><strong>communibus</strong></span> <span class='ocrx_word' id='word_1_307' title='bbox 1195 2152 1361 2193; x_wconf 80' lang='lat' dir='ltr'><strong>exitum</strong></span> <span class='ocrx_word' id='word_1_308' title='bbox 1383 2168 1504 2209; x_wconf 89' lang='lat' dir='ltr'><strong>repe-</strong></span> 
     </span>
     <span class='ocr_line' id='line_1_37' title="bbox 60 2205 1506 2264; baseline 0.004 -18"><span class='ocrx_word' id='word_1_309' title='bbox 60 2205 194 2247; x_wconf 86' lang='lat' dir='ltr'><strong>rietis.</strong></span> <span class='ocrx_word' id='word_1_310' title='bbox 252 2205 338 2257; x_wconf 89' lang='lat' dir='ltr'><strong>An,</strong></span> <span class='ocrx_word' id='word_1_311' title='bbox 369 2207 403 2248; x_wconf 88' lang='lat' dir='ltr'><strong>si</strong></span> <span class='ocrx_word' id='word_1_312' title='bbox 438 2218 606 2262; x_wconf 89' lang='lat' dir='ltr'><strong>postem</strong></span> <span class='ocrx_word' id='word_1_313' title='bbox 636 2209 823 2249; x_wconf 89' lang='lat' dir='ltr'><strong>tenuerit</strong></span> <span class='ocrx_word' id='word_1_314' title='bbox 853 2207 1070 2264; x_wconf 80' lang='lat' dir='ltr'><strong>pontifeX,</strong></span> <span class='ocrx_word' id='word_1_315' title='bbox 1103 2217 1146 2249; x_wconf 90' lang='lat' dir='ltr'><strong>et</strong></span> <span class='ocrx_word' id='word_1_316' title='bbox 1179 2210 1322 2260; x_wconf 87' lang='lat' dir='ltr'><strong>verba,</strong></span> <span class='ocrx_word' id='word_1_317' title='bbox 1344 2210 1397 2251; x_wconf 88' lang='lat' dir='ltr'><strong>ad</strong></span> <span class='ocrx_word' id='word_1_318' title='bbox 1439 2225 1506 2252; x_wconf 87' lang='lat' dir='ltr'><strong>re-</strong></span> 
     </span>
     <span class='ocr_line' id='line_1_38' title="bbox 61 2261 1504 2323; baseline 0.003 -19"><span class='ocrx_word' id='word_1_319' title='bbox 61 2261 267 2319; x_wconf 86' lang='lat' dir='ltr'><strong>ligionem</strong></span> <span class='ocrx_word' id='word_1_320' title='bbox 307 2264 485 2304; x_wconf 85' lang='lat' dir='ltr'><strong>deorum</strong></span> <span class='ocrx_word' id='word_1_321' title='bbox 526 2265 834 2307; x_wconf 87' lang='lat' dir='ltr'><strong>immortalium</strong></span> <span class='ocrx_word' id='word_1_322' title='bbox 875 2265 1130 2321; x_wconf 81' lang='lat' dir='ltr'><strong>composita,</strong></span> <span class='ocrx_word' id='word_1_323' title='bbox 1173 2266 1227 2307; x_wconf 88' lang='lat' dir='ltr'><strong>ad</strong></span> <span class='ocrx_word' id='word_1_324' title='bbox 1267 2267 1504 2323; x_wconf 87' lang='lat' dir='ltr'><strong>perniciem</strong></span> 
     </span>
     <span class='ocr_line' id='line_1_39' title="bbox 62 2320 1505 2377; baseline 0.004 -17"><span class='ocrx_word' id='word_1_325' title='bbox 62 2320 222 2361; x_wconf 90' lang='lat' dir='ltr'><strong>civium</strong></span> <span class='ocrx_word' id='word_1_326' title='bbox 240 2320 516 2372; x_wconf 86' lang='lat' dir='ltr'><strong>transtulerit,</strong></span> <span class='ocrx_word' id='word_1_327' title='bbox 540 2322 698 2364; x_wconf 83' lang='lat' dir='ltr'><strong>valebit</strong></span> <span class='ocrx_word' id='word_1_328' title='bbox 718 2323 770 2364; x_wconf 89' lang='lat' dir='ltr'><strong>ad</strong></span> <span class='ocrx_word' id='word_1_329' title='bbox 794 2322 996 2377; x_wconf 80' lang='lat' dir='ltr'><strong>injuriam</strong></span> <span class='ocrx_word' id='word_1_330' title='bbox 1009 2337 1165 2364; x_wconf 90' lang='lat' dir='ltr'><strong>nomen</strong></span> <span class='ocrx_word' id='word_1_331' title='bbox 1185 2324 1505 2367; x_wconf 88' lang='lat' dir='ltr'><strong>sanctissimum</strong></span> 
     </span>
     <span class='ocr_line' id='line_1_40' title="bbox 62 2376 1507 2438; baseline 0.003 -20"><span class='ocrx_word' id='word_1_332' title='bbox 62 2376 305 2434; x_wconf 84' lang='lat' dir='ltr'><strong>religionis:</strong></span> <span class='ocrx_word' id='word_1_333' title='bbox 337 2377 370 2419; x_wconf 82' lang='lat' dir='ltr'><strong>si</strong></span> <span class='ocrx_word' id='word_1_334' title='bbox 403 2378 599 2421; x_wconf 89' lang='lat' dir='ltr'><strong>tribunus</strong></span> <span class='ocrx_word' id='word_1_335' title='bbox 631 2380 768 2436; x_wconf 83' lang='lat' dir='ltr'><strong>plebis</strong></span> <span class='ocrx_word' id='word_1_336' title='bbox 797 2380 939 2421; x_wconf 86' lang='lat' dir='ltr'><strong>verbis</strong></span> <span class='ocrx_word' id='word_1_337' title='bbox 970 2395 1057 2421; x_wconf 91' lang='lat' dir='ltr'><strong>non</strong></span> <span class='ocrx_word' id='word_1_338' title='bbox 1078 2380 1220 2422; x_wconf 89' lang='lat' dir='ltr'><strong>minus</strong></span> <span class='ocrx_word' id='word_1_339' title='bbox 1243 2381 1263 2411; x_wconf 89' lang='lat'>6</span> <span class='ocrx_word' id='word_1_340' title='bbox 1274 2381 1439 2438; x_wconf 88' lang='lat' dir='ltr'><strong>priscis,</strong></span> <span class='ocrx_word' id='word_1_341' title='bbox 1461 2391 1507 2424; x_wconf 89' lang='lat' dir='ltr'><strong>et</strong></span> 
     </span>
    </p>
   </div>
   <div class='ocr_carea' id='block_1_3' title="bbox 65 2513 1511 2891">
    <p class='ocr_par' dir='ltr' id='par_1_8' title="bbox 65 2513 1511 2891">
     <span class='ocr_line' id='line_1_41' title="bbox 105 2513 1503 2556; baseline 0.005 -15"><span class='ocrx_word' id='word_1_342' title='bbox 105 2513 124 2542; x_wconf 89' lang='lat'>3</span> <span class='ocrx_word' id='word_1_343' title='bbox 144 2513 210 2542; x_wconf 74' lang='lat' dir='ltr'><strong>isca</strong></span> <span class='ocrx_word' id='word_1_344' title='bbox 231 2514 440 2554; x_wconf 66' lang='lat' dir='ltr'><strong>auctoritate]</strong></span> <span class='ocrx_word' id='word_1_345' title='bbox 468 2515 520 2545; x_wconf 91' lang='lat' dir='ltr'><strong>Sc.</strong></span> <span class='ocrx_word' id='word_1_346' title='bbox 542 2517 759 2546; x_wconf 82' lang='lat' dir='ltr'><strong>consecratio·</strong></span> <span class='ocrx_word' id='word_1_347' title='bbox 801 2518 951 2555; x_wconf 83' lang='lat' dir='ltr'><strong>tempore</strong></span> <span class='ocrx_word' id='word_1_348' title='bbox 977 2516 1143 2556; x_wconf 78' lang='lat' dir='ltr'><strong>praesenti.</strong></span> <span class='ocrx_word' id='word_1_349' title='bbox 1188 2516 1233 2547; x_wconf 85' lang='lat' dir='ltr'><strong>Et</strong></span> <span class='ocrx_word' id='word_1_350' title='bbox 1253 2516 1320 2555; x_wconf 75' lang='lat' dir='ltr'><strong>jam</strong></span> <span class='ocrx_word' id='word_1_351' title='bbox 1342 2522 1413 2548; x_wconf 86' lang='lat' dir='ltr'><strong>erat</strong></span> <span class='ocrx_word' id='word_1_352' title='bbox 1440 2516 1503 2548; x_wconf 88' lang='lat' dir='ltr'><strong>dis-</strong></span> 
     </span>
     <span class='ocr_line' id='line_1_42' title="bbox 65 2553 1500 2597; baseline 0.003 -13"><span class='ocrx_word' id='word_1_353' title='bbox 65 2553 116 2584; x_wconf 82' lang='lat' dir='ltr'><strong>nis</strong></span> <span class='ocrx_word' id='word_1_354' title='bbox 130 2564 150 2584; x_wconf 89' lang='lat' dir='ltr'><strong>a</strong></span> <span class='ocrx_word' id='word_1_355' title='bbox 163 2555 318 2594; x_wconf 74' lang='lat' dir='ltr'><strong>pontifice</strong></span> <span class='ocrx_word' id='word_1_356' title='bbox 332 2555 440 2587; x_wconf 76' lang='lat' dir='ltr'><strong>factae.</strong></span> <span class='ocrx_word' id='word_1_357' title='bbox 801 2561 970 2597; x_wconf 78' lang='lat' dir='ltr'><strong>putatum,</strong></span> <span class='ocrx_word' id='word_1_358' title='bbox 1001 2564 1039 2588; x_wconf 87' lang='lat' dir='ltr'><strong>ut</strong></span> <span class='ocrx_word' id='word_1_359' title='bbox 1060 2558 1173 2588; x_wconf 78' lang='lat' dir='ltr'><strong>futuro</strong></span> <span class='ocrx_word' id='word_1_360' title='bbox 1195 2559 1286 2588; x_wconf 87' lang='lat' dir='ltr'><strong>locus</strong></span> <span class='ocrx_word' id='word_1_361' title='bbox 1309 2569 1377 2589; x_wconf 90' lang='lat' dir='ltr'><strong>non</strong></span> <span class='ocrx_word' id='word_1_362' title='bbox 1405 2567 1500 2590; x_wconf 84' lang='lat' dir='ltr'><strong>esset.</strong></span> 
     </span>
     <span class='ocr_line' id='line_1_43' title="bbox 105 2597 1375 2639; baseline 0.005 -14"><span class='ocrx_word' id='word_1_363' title='bbox 105 2597 127 2626; x_wconf 77' lang='lat'><strong>4</strong></span> <span class='ocrx_word' id='word_1_364' title='bbox 147 2597 346 2628; x_wconf 73' lang='lat' dir='ltr'><strong>clarissimus</strong></span> <span class='ocrx_word' id='word_1_365' title='bbox 368 2599 519 2629; x_wconf 75' lang='lat' dir='ltr'><strong>tribunus</strong></span> <span class='ocrx_word' id='word_1_366' title='bbox 534 2600 584 2638; x_wconf 78' lang='lat' dir='ltr'><strong>pl.</strong></span> <span class='ocrx_word' id='word_1_367' title='bbox 592 2598 680 2639; x_wconf 82' lang='lat' dir='ltr'><strong>p.f.]</strong></span> <span class='ocrx_word' id='word_1_368' title='bbox 707 2600 760 2630; x_wconf 87' lang='lat' dir='ltr'><strong>Sic</strong></span> <span class='ocrx_word' id='word_1_369' title='bbox 803 2600 921 2639; x_wconf 75' lang='lat' dir='ltr'><strong>Repeti</strong></span> <span class='ocrx_word' id='word_1_370' title='bbox 935 2600 1050 2630; x_wconf 83' lang='lat' dir='ltr'><strong>deinde</strong></span> <span class='ocrx_word' id='word_1_371' title='bbox 1065 2600 1098 2630; x_wconf 86' lang='lat' dir='ltr'><strong>in</strong></span> <span class='ocrx_word' id='word_1_372' title='bbox 1115 2601 1222 2631; x_wconf 76' lang='lat' dir='ltr'><strong>Guelf.</strong></span> <span class='ocrx_word' id='word_1_373' title='bbox 1239 2602 1375 2639; x_wconf 74' lang='lat' dir='ltr'><strong>disputo.</strong></span> 
     </span>
     <span class='ocr_line' id='line_1_44' title="bbox 66 2638 1505 2682; baseline 0.005 -16"><span class='ocrx_word' id='word_1_374' title='bbox 66 2646 141 2667; x_wconf 87' lang='lat' dir='ltr'><strong>cum</strong></span> <span class='ocrx_word' id='word_1_375' title='bbox 153 2638 281 2669; x_wconf 82' lang='lat' dir='ltr'><strong>Graevio</strong></span> <span class='ocrx_word' id='word_1_376' title='bbox 294 2639 391 2676; x_wconf 85' lang='lat' dir='ltr'><strong>edidi,</strong></span> <span class='ocrx_word' id='word_1_377' title='bbox 406 2641 514 2671; x_wconf 85' lang='lat' dir='ltr'><strong>deleto</strong></span> <span class='ocrx_word' id='word_1_378' title='bbox 526 2642 578 2670; x_wconf 70' lang='lat' dir='ltr'><strong>vir</strong></span> <span class='ocrx_word' id='word_1_379' title='bbox 591 2647 663 2681; x_wconf 86' lang='lat' dir='ltr'><strong>post</strong></span> <span class='ocrx_word' id='word_1_380' title='bbox 676 2644 758 2672; x_wconf 69' lang='lat' dir='ltr'><strong>clar.</strong></span> <span class='ocrx_word' id='word_1_381' title='bbox 826 2671 828 2673; x_wconf 81' lang='grc'>,</span> <span class='ocrx_word' id='word_1_382' title='bbox 845 2642 865 2671; x_wconf 87' lang='grc'><em>6</em></span> <span class='ocrx_word' id='word_1_383' title='bbox 882 2643 1001 2681; x_wconf 73' lang='lat' dir='ltr'><strong>priscis</strong></span> <span class='ocrx_word' id='word_1_384' title='bbox 1021 2647 1052 2672; x_wconf 79' lang='lat' dir='ltr'><strong>et</strong></span> <span class='ocrx_word' id='word_1_385' title='bbox 1069 2652 1161 2682; x_wconf 69' lang='lat' dir='ltr'><strong>ptem:</strong></span> <span class='ocrx_word' id='word_1_386' title='bbox 1174 2643 1380 2682; x_wconf 73' lang='lat' dir='ltr'><strong>solemnibus]</strong></span> <span class='ocrx_word' id='word_1_387' title='bbox 1404 2643 1505 2673; x_wconf 81' lang='lat' dir='ltr'><strong>Lam-</strong></span> 
     </span>
     <span class='ocr_line' id='line_1_45' title="bbox 65 2679 1510 2724; baseline 0.006 -16"><span class='ocrx_word' id='word_1_388' title='bbox 65 2679 151 2718; x_wconf 90' lang='lat' dir='ltr'><strong>quod</strong></span> <span class='ocrx_word' id='word_1_389' title='bbox 163 2680 204 2710; x_wconf 84' lang='lat' dir='ltr'><strong>ab</strong></span> <span class='ocrx_word' id='word_1_390' title='bbox 213 2682 364 2712; x_wconf 83' lang='lat' dir='ltr'><strong>omnibus</strong></span> <span class='ocrx_word' id='word_1_391' title='bbox 373 2682 495 2713; x_wconf 87' lang='lat' dir='ltr'><strong>Mss.et</strong></span> <span class='ocrx_word' id='word_1_392' title='bbox 507 2682 577 2713; x_wconf 85' lang='lat' dir='ltr'><strong>edd.</strong></span> <span class='ocrx_word' id='word_1_393' title='bbox 591 2693 640 2723; x_wconf 91' lang='lat' dir='ltr'><strong>pr.</strong></span> <span class='ocrx_word' id='word_1_394' title='bbox 657 2684 758 2714; x_wconf 77' lang='lat' dir='ltr'><strong>abest.</strong></span> <span class='ocrx_word' id='word_1_395' title='bbox 802 2683 880 2715; x_wconf 84' lang='lat' dir='ltr'><strong>bino</strong></span> <span class='ocrx_word' id='word_1_396' title='bbox 897 2684 1066 2714; x_wconf 71' lang='lat' dir='ltr'><strong>videbatur</strong></span> <span class='ocrx_word' id='word_1_397' title='bbox 1085 2685 1258 2723; x_wconf 68' lang='lat' dir='ltr'><strong>legendum</strong></span> <span class='ocrx_word' id='word_1_398' title='bbox 1270 2686 1378 2724; x_wconf 80' lang='lat' dir='ltr'><strong>plane.</strong></span> <span class='ocrx_word' id='word_1_399' title='bbox 1421 2685 1510 2717; x_wconf 75' lang='lat' dir='ltr'><strong>Tale</strong></span> 
     </span>
     <span class='ocr_line' id='line_1_46' title="bbox 108 2722 1511 2768; baseline 0.005 -17"><span class='ocrx_word' id='word_1_400' title='bbox 108 2723 126 2751; x_wconf 92' lang='grc'><strong>5</strong></span> <span class='ocrx_word' id='word_1_401' title='bbox 149 2722 269 2762; x_wconf 77' lang='lat' dir='ltr'><strong>loquor,</strong></span> <span class='ocrx_word' id='word_1_402' title='bbox 285 2724 526 2764; x_wconf 56' lang='lat' dir='ltr'><strong>mcc—disputo]</strong></span> <span class='ocrx_word' id='word_1_403' title='bbox 552 2725 605 2755; x_wconf 89' lang='lat' dir='ltr'><strong>Sic</strong></span> <span class='ocrx_word' id='word_1_404' title='bbox 619 2726 762 2756; x_wconf 79' lang='lat' dir='ltr'><strong>scriben-</strong></span> <span class='ocrx_word' id='word_1_405' title='bbox 805 2725 882 2764; x_wconf 84' lang='lat' dir='ltr'><strong>quid</strong></span> <span class='ocrx_word' id='word_1_406' title='bbox 910 2736 988 2756; x_wconf 84' lang='lat' dir='ltr'><strong>sane</strong></span> <span class='ocrx_word' id='word_1_407' title='bbox 1018 2737 1067 2756; x_wconf 83' lang='lat' dir='ltr'><strong>res</strong></span> <span class='ocrx_word' id='word_1_408' title='bbox 1094 2726 1266 2757; x_wconf 81' lang='lat' dir='ltr'><strong>desiderat.</strong></span> <span class='ocrx_word' id='word_1_409' title='bbox 1311 2727 1511 2768; x_wconf 66' lang='lat' dir='ltr'><strong>Suspicabar&#39;</strong></span> 
     </span>
     <span class='ocr_line' id='line_1_47' title="bbox 67 2761 1507 2809; baseline 0.006 -17"><span class='ocrx_word' id='word_1_410' title='bbox 67 2761 145 2793; x_wconf 84' lang='lat' dir='ltr'><strong>dum</strong></span> <span class='ocrx_word' id='word_1_411' title='bbox 159 2773 226 2794; x_wconf 85' lang='lat' dir='ltr'><strong>esse</strong></span> <span class='ocrx_word' id='word_1_412' title='bbox 250 2775 322 2796; x_wconf 85' lang='lat' dir='ltr'><strong>mea</strong></span> <span class='ocrx_word' id='word_1_413' title='bbox 343 2772 459 2806; x_wconf 87' lang='lat' dir='ltr'><strong>sponte</strong></span> <span class='ocrx_word' id='word_1_414' title='bbox 474 2767 551 2802; x_wconf 79' lang='lat' dir='ltr'><strong>vidi,</strong></span> <span class='ocrx_word' id='word_1_415' title='bbox 567 2776 635 2797; x_wconf 90' lang='lat' dir='ltr'><strong>non</strong></span> <span class='ocrx_word' id='word_1_416' title='bbox 650 2768 764 2807; x_wconf 73' lang='lat' dir='ltr'><strong>loquar</strong></span> <span class='ocrx_word' id='word_1_417' title='bbox 778 2797 781 2799; x_wconf 84' lang='grc'><em>,</em></span> <span class='ocrx_word' id='word_1_418' title='bbox 807 2769 883 2798; x_wconf 82' lang='lat' dir='ltr'><strong>bene</strong></span> <span class='ocrx_word' id='word_1_419' title='bbox 893 2769 1098 2805; x_wconf 71' lang='lat' dir='ltr'><strong>solemnibus,</strong></span> <span class='ocrx_word' id='word_1_420' title='bbox 1108 2770 1184 2809; x_wconf 86' lang='lat' dir='ltr'><strong>quia</strong></span> <span class='ocrx_word' id='word_1_421' title='bbox 1194 2769 1228 2799; x_wconf 82' lang='lat' dir='ltr'><strong>iu</strong></span> <span class='ocrx_word' id='word_1_422' title='bbox 1241 2769 1331 2800; x_wconf 78' lang='lat' dir='ltr'><strong>libris</strong></span> <span class='ocrx_word' id='word_1_423' title='bbox 1344 2769 1507 2801; x_wconf 75' lang='lat' dir='ltr'><strong>veteribus</strong></span> 
     </span>
     <span class='ocr_line' id='line_1_48' title="bbox 67 2805 1070 2851; baseline 0.007 -18"><span class='ocrx_word' id='word_1_424' title='bbox 67 2808 128 2851; x_wconf 55' lang='lat' dir='ltr'><strong>fmt</strong></span> <span class='ocrx_word' id='word_1_425' title='bbox 141 2805 322 2845; x_wconf 76' lang='lat' dir='ltr'><strong>disputabo,</strong></span> <span class='ocrx_word' id='word_1_426' title='bbox 336 2813 375 2838; x_wconf 87' lang='lat' dir='ltr'><strong>ut</strong></span> <span class='ocrx_word' id='word_1_427' title='bbox 390 2814 441 2839; x_wconf 87' lang='lat' dir='ltr'><strong>est</strong></span> <span class='ocrx_word' id='word_1_428' title='bbox 456 2809 492 2838; x_wconf 88' lang='lat' dir='ltr'><strong>in</strong></span> <span class='ocrx_word' id='word_1_429' title='bbox 505 2808 647 2847; x_wconf 77' lang='lat' dir='ltr'><strong>vulgatis</strong></span> <span class='ocrx_word' id='word_1_430' title='bbox 659 2821 666 2838; x_wconf 90' lang='lat'>:</span> <span class='ocrx_word' id='word_1_431' title='bbox 691 2819 769 2839; x_wconf 83' lang='lat' dir='ltr'><strong>nam</strong></span> <span class='ocrx_word' id='word_1_432' title='bbox 813 2809 968 2841; x_wconf 83' lang='lat' dir='ltr'><strong>scribitur</strong></span> <span class='ocrx_word' id='word_1_433' title='bbox 979 2820 1070 2850; x_wconf 78' lang='lat' dir='ltr'><strong>pene.</strong></span> 
     </span>
     <span class='ocr_line' id='line_1_49' title="bbox 69 2846 770 2891; baseline 0.01 -15"><span class='ocrx_word' id='word_1_434' title='bbox 69 2854 103 2876; x_wconf 84' lang='lat' dir='ltr'><strong>m</strong></span> <span class='ocrx_word' id='word_1_435' title='bbox 138 2846 198 2878; x_wconf 85' lang='lat' dir='ltr'><strong>bac</strong></span> <span class='ocrx_word' id='word_1_436' title='bbox 225 2849 332 2881; x_wconf 74' lang='lat' dir='ltr'><strong>forma</strong></span> <span class='ocrx_word' id='word_1_437' title='bbox 356 2859 486 2891; x_wconf 87' lang='lat' dir='ltr'><strong>semper</strong></span> <span class='ocrx_word' id='word_1_438' title='bbox 513 2850 620 2882; x_wconf 78' lang='lat' dir='ltr'><strong>utitur</strong></span> <span class='ocrx_word' id='word_1_439' title='bbox 656 2850 770 2882; x_wconf 77' lang='lat' dir='ltr'><strong>Cic-ero</strong></span> 
     </span>
    </p>
   </div>
  </div>
 </body>
</html>
