1769 3174
251 130 349 164 10:34
846 128 1093 167 ORATIO

249 243 355 280 sare,
378 229 534 286 partim
556 245 582 272 a
603 230 876 288 publicanis?
907 234 1018 280 Quae
1044 248 1142 275 cum
1169 232 1228 273 ita
1257 234 1356 283 sint,
1378 247 1524 288 quaero
1547 249 1601 276 ex
1626 243 1681 287 te,

250 285 363 327 sisne
386 300 440 328 ex
461 289 735 344 pauperrimo
758 290 876 331 dives
908 290 1046 331 factus
1070 290 1141 331 illo
1174 291 1268 346 ipso
1300 304 1427 340 ann0,
1449 306 1534 347 quo
1558 296 1596 324 58
1611 292 1679 334 lex

249 342 336 383 lata
354 352 417 384 est
447 345 499 386 de
530 346 722 400 pecuniis
754 348 1000 402 repetundis
1032 348 1263 389 acerrima:
1299 356 1345 388 ut
1375 362 1522 390 omncs
1555 350 1679 391 intel-

252 399 386 455 ligere
416 412 603 457 possent,
629 418 653 444 a
682 412 722 444 te
752 419 837 444 non
871 404 998 445 modo
1030 413 1175 445 nostra
1205 414 1314 454 acta,
1337 419 1443 460 quos
1477 415 1681 459 tyrannos

251 471 393 508 vocaS,
416 458 488 499 scd
519 460 646 500 etiam
682 463 721 495 59
734 461 982 501 amicissimi
1016 462 1077 501 tui
1108 461 1246 517 legem
1278 475 1368 501 esse
1399 471 1679 504 contemtam.

249 515 362 570 apud
401 530 528 570 quem
559 527 604 557 tu
636 517 766 558 etiam
797 532 874 558 nos
906 518 1123 558 criminari
1154 517 1278 568 soles,
1316 518 1389 572 qui
1430 518 1488 559 illi
1533 533 1678 560 sumus

249 571 516 624 amicissimi,
538 588 636 614 cum
669 583 712 615 tu
745 573 782 614 ei
815 573 1244 615 contumeliosissime
1275 575 1403 615 toties
1435 575 1679 628 maledicas,

248 629 418 684 quoties
442 629 499 670 illi
521 631 692 671 affinem
718 642 758 670 te
780 645 871 671 esse
893 631 1016 672 dicis.

185 698 238 731 30
305 684 450 741 Atque
485 686 587 728 illud
617 687 748 728 etiam
779 688 887 729 scire
916 703 969 729 ex
1006 697 1045 729 te
1079 688 1222 743 cupio,
1257 702 1342 743 quo
1376 688 1571 741 consilio,
1606 699 1681 731 aut

249 755 336 796 qua
357 753 499 784 mente
521 743 686 794 feceris,
708 754 755 785 ut
777 745 818 785 in
840 745 966 800 epulo
990 746 1046 792 Q.
1062 744 1190 796 Arrii,
1214 744 1434 785 familiaris
1457 746 1556 797 mei,
1580 762 1679 788 cum

247 808 351 854 toga
382 799 496 855 pulla
520 803 795 843 accumbercs
815 805 828 844 ἓ
859 818 985 858 quem
1014 817 1216 857 umquam
1239 802 1426 843 videris?
1457 817 1584 858 quem
1606 818 1681 844 au-

246 854 373 897 dieris
393 860 406 898 ?
443 872 530 912 quo
571 858 786 914 exemplo,
829 874 914 914 quo
954 875 1071 901 more
1107 858 1256 900 feceris
1278 862 1290 899 ?
1335 858 1480 910 Dices,
1521 860 1562 892 60
1580 875 1680 917 sup-

247 912 500 967 plicationes
539 923 580 956 te
622 915 712 956 illas
752 930 840 957 non
879 918 1094 973 probasse.
1135 917 1312 972 optime.
1353 915 1480 958 nullae
1520 916 1679 959 fuerint

246 971 596 1025 supplicationes.
656 973 692 1003 61
712 973 911 1024 Videsne,
939 988 1007 1014 me
1039 973 1146 1014 nihil
1180 973 1233 1014 de
1261 974 1359 1013 anni
1394 973 1505 1015 illius
1535 989 1676 1025 causa,

246 1026 354 1068 nihil
375 1028 427 1068 dc
449 1041 514 1079 eo,
537 1028 653 1084 quod
686 1030 765 1071 tibi
796 1045 893 1072 cum
925 1031 1101 1072 summis
1125 1031 1225 1071 viris
1252 1044 1482 1072 commune
1502 1045 1593 1073 esse
1618 1033 1680 1073 vi-

246 1082 410 1135 deatur,
433 1085 504 1126 sed
528 1085 580 1128 de
602 1085 687 1126 tuis
708 1088 890 1143 propriis
914 1088 1143 1129 sceleribus
1161 1102 1215 1128 ex
1239 1097 1280 1128 te
1299 1091 1519 1143 quaercrc?
1552 1088 1682 1130 Nulla

248 1141 508 1196 supplicatio
550 1142 693 1184 fuerit.
733 1145 854 1195 cedo,
896 1145 991 1199 quis
1034 1159 1236 1200 umquam
1279 1146 1442 1185 cenarit
1484 1156 1645 1187 atratus
1667 1149 1680 1188 ?

250 1197 310 1237 ita
330 1199 444 1238 enim
468 1199 569 1241 illud
593 1201 767 1256 epulum
790 1210 854 1243 est
883 1201 1077 1253 funebre,
1101 1211 1149 1243 ut
1175 1202 1215 1231 ⁶2
1231 1216 1384 1242 munus
1416 1202 1472 1243 sit
1502 1202 1678 1253 funeris,

169 1249 233 1296 13
248 1255 386 1310 epulae
406 1256 581 1310 quidem
605 1258 726 1313 ipsae,
749 1258 990 1315 dignitatis,
1051 1259 1133 1301 Sed
1156 1259 1312 1300 omitto
1334 1259 1507 1314 epulum
1531 1261 1677 1316 populi

183 1321 230 1354 31
251 1310 451 1364 Romani,
475 1312 634 1355 festum
658 1315 787 1367 diem,
809 1325 1004 1372 argento,
1028 1325 1159 1366 veste,
1182 1316 1299 1356 omni
1331 1325 1536 1372 apparatu
1560 1318 1599 1348 63
1612 1332 1680 1358 or-

246 1377 436 1424 natuque
460 1371 650 1412 visendo.
682 1373 777 1428 quis
807 1388 1010 1430 umquam
1033 1374 1077 1414 in
1102 1373 1219 1414 luctu
1242 1373 1495 1424 domestico,
1518 1374 1613 1428 quis
1637 1375 1679 1415 in

244 1424 394 1467 funere
431 1426 630 1470 familiari
667 1430 838 1471 cenavit
872 1446 972 1472 cum
1010 1440 1115 1486 toga
1151 1429 1298 1485 pulla?
1329 1430 1397 1470 cui
1431 1430 1484 1471 de
1517 1431 1678 1472 balneis

243 1484 441 1534 exeunti,
463 1494 620 1540 praeter
642 1495 697 1538 tc,
720 1496 824 1543 toga
852 1488 968 1544 pulla
993 1502 1198 1543 umquam
1221 1487 1321 1528 data
1348 1495 1412 1528 est
1433 1490 1445 1528 ἓ
1478 1486 1591 1529 Cum
1615 1497 1680 1529 tot

246 1540 471 1582 hominum
494 1543 629 1584 millia
649 1545 967 1597 accumberent,
989 1560 1087 1586 cum
1116 1544 1207 1600 ipse
1237 1543 1350 1599 epuli
1383 1544 1598 1596 dominus,
1621 1546 1679 1592 Q.

248 1598 413 1649 Arrius,
437 1598 602 1641 albatus
625 1611 764 1653 esset3
797 1610 843 1642 tu
872 1603 968 1643 6⁴in
997 1600 1205 1657 templum
1230 1601 1421 1643 Castoris
1445 1610 1486 1642 te
1505 1616 1602 1642 cum
1627 1602 1678 1643 C.

205 1658 237 1689 b·
250 1653 404 1696 Fidulo
425 1666 565 1698 atrato
583 1658 820 1713 ceterisque
843 1659 926 1700 tuis
947 1659 1066 1700 furiis
1090 1658 1305 1699 funestum
1333 1658 1527 1699 intulisti.
1569 1659 1678 1706 Quis

248 1721 339 1752 tum
382 1726 468 1753 non
511 1714 750 1770 ingemuit?
782 1716 876 1770 quis
915 1731 998 1757 non
1040 1715 1178 1757 doluit
1216 1715 1464 1771 reipublicae
1504 1720 1678 1758 casum?

243 1769 340 1822 quis
362 1783 501 1811 sermo
522 1771 629 1812 alius
653 1773 696 1813 in
719 1771 791 1814 illo
815 1773 942 1828 epulo
964 1773 1062 1824 fuit,
1084 1773 1181 1824 nisi,
1205 1773 1316 1813 hanc
1340 1781 1502 1813 tantam
1526 1783 1568 1813 et
1591 1782 1677 1815 tam

243 1840 419 1881 gravem
448 1827 684 1880 civitatem,
708 1830 949 1885 subjectam
981 1844 1072 1871 esse
1099 1845 1185 1871 non
1209 1830 1337 1871 modo
1361 1830 1510 1881 furori,
1531 1845 1673 1872 verum

180 1893 230 1928 32
243 1882 373 1924 etiam
396 1883 581 1926 irrisioni
605 1888 718 1928 tuae?
749 1887 881 1930 Hunc
905 1899 950 1929 tu
972 1902 1135 1929 morem
1160 1888 1413 1944 ignorabas?
1443 1902 1672 1943 numquam

238 1996 311 2026 tina
339 2001 400 2033 est,
430 2006 489 2028 nec
518 1998 669 2030 Ciceroni
706 2000 874 2032 inusitata.
904 2012 934 2032 v.
979 2001 1043 2032 vid.
1060 2001 1416 2040 Clav.ins11pplicac2·0.
1440 2000 1467 2031 E
1483 2001 1589 2031 verbis
1604 2002 1675 2040 qui-

239 2038 372 2069 Clavem
396 2039 429 2069 in
453 2041 587 2080 eripere.
633 2041 715 2072 Haec
729 2049 778 2073 est
801 2053 874 2074 mea
896 2044 935 2074 de
978 2044 1052 2074 dem
1069 2044 1101 2074 in
1120 2044 1184 2074 fine
1199 2055 1226 2073 e.
1243 2046 1292 2074 153.
1309 2043 1434 2073 clarum
1450 2048 1511 2080 est,
1526 2042 1584 2074 has
1599 2054 1674 2083 sup-

238 2079 271 2110 h.
289 2079 311 2110 l.
333 2082 517 2113 sententia:
543 2083 598 2114 alii
613 2083 710 2116 aliter
731 2084 804 2115 illas
822 2090 936 2125 partes

236 2122 415 2162 explicant,
447 2124 522 2155 inde
557 2131 591 2156 et
619 2131 740 2164 cetera,
770 2127 826 2157 sed
854 2128 935 2158 mihi

236 2173 304 2194 non
332 2166 550 2203 satisfaciunt,
579 2173 722 2208 suntque
747 2179 862 2200 eorum
886 2171 933 2201 in-

237 2208 491 2246 terpretationes
514 2208 611 2246 huius
625 2211 688 2241 loci
703 2213 935 2249 contortioreS,

238 2258 312 2279 meo
327 2249 457 2288 quidem
480 2260 587 2282 sensu.
631 2253 818 2293 Suspicatus
836 2255 937 2285 etiam

236 2290 410 2329 aliquando
440 2301 513 2322 sum
541 2295 759 2325 certissimas:
796 2305 872 2326 nam
900 2302 934 2327 et

236 2333 414 2372 vectigalia
429 2336 609 2366 certissima
623 2342 701 2368 sunt
725 2337 758 2368 in
781 2337 935 2369 Manilia-

238 2384 283 2405 na
297 2381 331 2405 et
347 2375 435 2407 alibi.

279 2420 319 2448 58
336 2419 386 2447 lex
401 2419 471 2448 lata
486 2424 531 2449 est
547 2419 620 2459 &c.]
646 2420 727 2451 Julii
744 2422 880 2454 Caesaris
895 2422 933 2453 de

239 2459 448 2499 repetundis:
473 2461 511 2490 de
527 2471 590 2501 qua
604 2472 634 2492 v.
649 2463 793 2493 Clavem.

283 2504 322 2536 59
337 2503 526 2533 amicissimi
540 2503 604 2543 tui]
623 2504 659 2534 C.
674 2505 822 2543 Caesaris,
837 2516 934 2545 quem

240 2548 315 2583 post
329 2543 409 2574 dicit
430 2555 450 2576 a
463 2545 597 2575 Vatinio
612 2545 746 2587 affinem
763 2557 859 2578 suurn
877 2559 934 2588 ap-

239 2585 371 2624 pellari:
395 2595 441 2617 se.
461 2588 538 2627 quia
556 2588 736 2619 Antoniam
763 2590 830 2630 ipse
853 2601 934 2620 uxo-

237 2637 307 2658 rem
337 2627 500 2667 habebat3
528 2639 604 2660 cum
630 2630 807 2672 eademque
834 2640 932 2672 gente

238 2670 359 2701 Caesari
373 2675 444 2701 erat
459 2672 695 2711 propinquitas.

277 2712 319 2742 60
339 2714 589 2753 supplicaciones
602 2716 679 2745 illas
698 2715 772 2756 &c.]
799 2715 933 2747 Fluctu-

234 2758 294 2784 ant
308 2754 504 2795 interpretes
518 2756 551 2786 in
566 2757 757 2797 explicando
769 2758 933 2799 supplica-

233 2796 364 2826 tionum
388 2798 506 2828 verbo:
530 2798 601 2829 aliis
623 2799 689 2830 alio
709 2799 930 2832 trahentibus.

235 2837 422 2870 Difficultas
438 2845 501 2875 est,
515 2840 541 2869 si
555 2841 597 2871 ad
611 2842 744 2872 Arrium
766 2843 931 2882 pertinere

232 2879 398 2919 dicantur,
422 2892 461 2913 ex
485 2882 558 2914 loco
584 2883 669 2916 Phil.
698 2886 725 2921 1,
749 2885 780 2915 6.
804 2884 844 2917 de
865 2895 931 2925 quo

978 2086 1172 2126 plicationes
1187 2086 1228 2117 ad
1241 2094 1309 2115 rem
1324 2086 1493 2115 funebrem
1511 2087 1674 2125 pertinere

978 2135 1012 2159 et
1028 2128 1068 2158 ad
1083 2128 1194 2168 epulas
1210 2128 1372 2158 funebres.

1021 2171 1057 2201 61
1085 2170 1221 2201 Videsne
1233 2170 1263 2209 7]
1285 2171 1345 2200 Pro
1361 2180 1464 2199 nonne
1480 2169 1567 2200 vides
1580 2170 1595 2199 ‚7
1619 2180 1675 2199 cu-

971 2213 1028 2252 jus
1043 2214 1168 2252 generis
1183 2217 1215 2243 et
1233 2212 1297 2242 alia
1320 2212 1469 2252 exempla
1485 2212 1558 2252 jain
1578 2218 1673 2242 nota-

981 2255 1097 2285 vimus.

1019 2297 1060 2328 62
1076 2306 1194 2327 munus
1202 2295 1398 2336 siestmeris]
1417 2296 1472 2325 i.e.
1486 2295 1517 2325 id
1533 2295 1618 2334 quod
1628 2295 1675 2326 fa-

977 2338 1036 2375 cit5
1052 2340 1106 2379 qui
1123 2338 1210 2369 istud
1224 2338 1359 2379 epulum
1385 2337 1506 2378 populu
1529 2338 1674 2378 praebet3

978 2390 1055 2411 nam
1073 2380 1105 2411 id
1120 2381 1197 2411 facit
1211 2380 1333 2411 funeris
1352 2389 1458 2410 cansa.

1019 2423 1058 2453 63
1082 2427 1263 2462 ornatuque
1287 2422 1427 2461 visendo]
1459 2420 1605 2452 Ornatus
1626 2423 1674 2451 vi-

976 2465 1093 2495 sendus
1121 2465 1168 2494 ita
1195 2466 1327 2501 dicitur,
1355 2471 1393 2494 ut
1419 2464 1669 2504 conspiciendus,

977 2508 999 2537 i.
1015 2518 1045 2537 e.
1063 2507 1270 2546 magnificus,
1295 2506 1470 2547 praeclarus
1490 2508 1548 2536 ἃς.
1570 2507 1674 2546 suspi-

974 2554 1067 2580 catus
1082 2554 1194 2579 tamen
1210 2560 1281 2579 suin
1301 2547 1479 2586 interdum,
1495 2547 1670 2588 legendum

974 2600 1042 2621 esse
1062 2591 1243 2627 visendum,
1258 2596 1295 2621 ut
1319 2591 1359 2622 ad
1381 2591 1465 2621 diem
1476 2590 1607 2631 festum
1622 2600 1670 2620 ri·-

974 2633 1116 2664 ferretur
1131 2645 1136 2661 :
1162 2635 1238 2673 quia
1255 2633 1454 2673 1-ulcritud0,
1471 2638 1529 2663 aut
1544 2633 1672 2671 magni-

975 2675 1056 2706 tudo
1071 2682 1207 2706 ornatus
1216 2677 1286 2714 jam
1300 2685 1448 2716 expressa
1463 2680 1512 2705 est
1525 2675 1559 2704 in
1573 2676 1670 2704 omni.

1017 2719 1057 2749 64
1078 2719 1113 2747 in
1130 2720 1287 2758 templum
1311 2718 1465 2757 Castoris]
1483 2717 1610 2757 Nempe
1627 2717 1669 2746 ibi

974 2759 1150 2791 coenabant
1162 2764 1340 2797 senatores,
1354 2761 1391 2790 ut
1407 2761 1534 2798 equites
1549 2759 1582 2788 in
1598 2759 1670 2788 foro

975 2803 1135 2841 proximo,
1166 2802 1305 2842 populus
1335 2812 1392 2842 per
1422 2803 1489 2832 vias
1523 2800 1669 2842 publicas

973 2845 1084 2876 stratis
1100 2845 1265 2877 tricliniis.
