1785 3185
272 109 370 146 1398
871 106 1122 153 ORATIO

270 215 373 250 vato
397 208 622 264 imperium
655 216 777 249 extra
799 209 988 252 ordinem
1023 226 1106 252 non
1130 211 1241 252 dedi.
1300 211 1361 252 At
1384 210 1602 254 hominem
1635 214 1699 255 di-

274 280 407 320 gnum
430 265 617 306 mittent.
670 265 786 306 Num
810 269 848 296 5³
867 266 916 307 P.
941 267 1119 308 berwino
1131 268 1401 324 digniorem
1421 279 1464 310 at
1485 284 1582 310 eum
1603 273 1697 325 qui·

274 323 371 363 dem
393 321 545 363 civitas
566 335 651 363 non
673 321 817 363 habet.
879 323 1006 370 Quod
1030 339 1132 379 ergo
1156 340 1245 388 ips-e
1267 326 1427 367 nemini
1451 337 1574 382 putat
1594 328 1699 369 <ian-

275 379 393 429 dum,
428 393 481 419 ne
509 394 535 419 a
566 389 711 420 senatu
744 380 941 434 quidem3
974 381 1014 421 id
1045 395 1126 436 ego
1158 396 1280 422 umus
1309 383 1475 438 judicio
1506 383 1693 425 delatum

214 439 265 473 26
277 436 582 500 comprobem?
607 433 822 491 Expedito
845 437 967 477 nobis
992 437 1163 478 bomine
1185 448 1227 478 et
1250 448 1412 493 parato,
1435 449 1575 494 patres
1596 455 1699 481 con-

278 493 440 549 scripti,
460 507 567 549 opus
588 503 666 543 est,
684 502 727 533 et
748 505 813 544 eo,
836 493 907 547 qui
926 494 1149 549 imperium
1171 494 1409 550 legitimum
1426 496 1601 538 habeat:
1623 500 1698 559 qui

277 559 516 606 praeterea
504 525 773 590 auctoritate
764 564 818 600 n,
837 563 1005 601 nomen,
1033 552 1284 602 exercitum,
1307 562 1576 608 perspectum
1605 567 1697 594 ani-

280 621 395 648 mum
418 622 461 648 m
484 605 702 661 iepublica
722 582 953 647 libeinndeu

337 667 374 694 54
390 664 498 710 Quis
521 663 652 714 ifritur
675 678 708 703 is
730 664 820 704 cst?
853 673 924 703 aut
949 662 1015 703 M.
1039 663 1211 714 Brutus,
1244 674 1317 705 aut
1340 664 1390 705 C.
1415 664 1601 717 Cassius,
1623 675 1698 706 aut

282 716 812 775 uterquc.Dec.·erue1e1n
849 719 984 775 plane,
1023 723 1061 750 55
1077 721 1187 762 sicut
1215 720 1361 772 multa,
1391 722 1608 763 consulem
1638 723 1698 763 al·

279 789 430 827 tcr,um
454 777 649 827 amboxe,
673 776 766 816 5⁶1st
803 776 983 818 Brutum
1020 777 1337 833 colligassemus
1371 778 1413 818 in
1447 777 1633 829 Graecia,
1655 788 1699 820 et

272 834 368 889 ejus
392 833 598 874 auxilium
623 833 674 873 ad
701 830 867 874 Itali¹1m
886 848 1072 890 xergere,
1094 849 1220 890 quam
1243 835 1295 876 ad
1318 834 1464 875 Asiam
1481 835 1697 876 maluisse·

275 905 392 932 mus:
425 894 563 930 5711011
597 900 644 930 ut
675 904 729 930 ex
768 903 818 930 ea
849 891 940 931 acie
974 901 1211 946 respectum
1250 891 1517 942 haberemus,
1544 892 1617 934 sed
1649 903 1696 933 ut

274 949 368 1003 ipsa
400 947 510 988 acies
544 946 780 987 subsidium
813 947 988 988 haberet
1017 948 1146 988 etiam
1189 950 1532 990 transmarinum.
1577 949 1694 990 Prae-

271 1015 399 1055 terea,
423 1013 560 1060 patres
583 1004 831 1058 conscripti,
855 1003 921 1044 Μ.
947 1004 1126 1045 Brutum
1160 1006 1314 1046 retinet
1340 1006 1466 1047 etiam
1495 1020 1608 1047 nunc
1643 1005 1695 1046 C

271 1061 500 1112 Antonius,
514 1061 586 1115 qui
606 1069 721 1101 tenet
737 1060 1026 1116 Apolloniam,
1045 1075 1243 1117 magnam
1268 1063 1414 1103 urbem
1431 1074 1474 1103 et
1493 1076 1692 1118 gravem:

271 1127 402 1169 tenet,
436 1117 604 1173 opinor,
639 1116 875 1172 Byllidem:
910 1127 1025 1159 tenet
1056 1096 1330 1161 Amantiam.
1365 1120 1496 1160 instat
1536 1119 1692 1175 Epiro:

272 1183 398 1231 uiget
420 1173 666 1230 Illyricum:
699 1175 739 1214 h¹
731 1175 829 1215 1bet
860 1174 1024 1230 aliquot
1055 1176 1268 1226 cohortes,
1291 1175 1420 1217 habet
1439 1177 1693 1231 equitatum

227 1229 259 1259 b.
274 1232 389 1284 hinc,
411 1232 445 1272 si
476 1231 635 1272 Brutus
672 1231 751 1271 erit
787 1232 1005 1273 traductus
1038 1232 1090 1273 ad
1121 1232 1233 1274 aliud
1269 1232 1439 1282 bellum,
1477 1233 1694 1274 Graeciam

272 1302 387 1330 certe
411 1289 689 1329 amiserimus.
751 1287 828 1329 Est
868 1298 1008 1330 autem
1042 1290 1171 1330 eti-un
1207 1290 1259 1330 de
1292 1289 1537 1340 Brundisio,
1567 1299 1695 1344 atque

271 1346 342 1388 illa
363 1359 437 1386 ora
456 1344 594 1386 Italiae
629 1345 954 1401 providendum.
976 1361 1235 1401 quamquam
1269 1347 1398 1388 miror
1420 1347 1580 1387 tamdiu
1603 1361 1695 1387 mo·

269 1402 352 1444 rari
374 1402 626 1444 Antonium.
649 1402 757 1443 solet
787 1417 900 1444 enim
933 1404 1127 1459 accipere
1150 1405 1239 1459 ipse
1267 1404 1469 1455 manicas,
1491 1418 1570 1445 nec
1601 1404 1695 1444 diu-

268 1460 353 1500 tius
375 1459 612 1501 obsidionis
635 1470 796 1500 metum
830 1460 1049 1500 sustinere.
1111 1461 1241 1507 Quod
1268 1461 1300 1501 si
1324 1459 1558 1502 confecerit
1587 1461 1695 1501 Bru-

268 1526 352 1568 tus,
374 1526 417 1558 et
438 1516 710 1567 intellexerit,
734 1516 826 1573 plus
851 1530 894 1557 se
917 1517 1164 1581 reipublicae
1199 1517 1481 1573 profuturum,
1503 1517 1535 1558 si
1564 1516 1695 1558 Dola-

267 1574 422 1615 bellam
446 1583 736 1630 persequatur,
758 1588 885 1628 quam
920 1589 953 1615 st
990 1589 1032 1615 in
1057 1574 1230 1616 Graecia
1256 1584 1448 1616 maneat:
1481 1582 1582 1629 ¹1get
1602 1574 1693 1629 ipse

267 1645 343 1686 per
379 1645 484 1682 sese,
515 1641 561 1671 ut
588 1631 727 1672 adbuc
758 1644 928 1686 quoque
969 1630 1092 1672 fecit:
1126 1646 1262 1686 neque
1292 1632 1335 1674 in
1371 1640 1435 1672 tot
1471 1631 1693 1682 incendiis,

268 1688 424 1743 quibus
453 1688 680 1729 confestim
712 1687 1041 1728 succurrendum
1075 1699 1154 1739 est,
1185 1689 1456 1744 exspectabit
1484 1697 1692 1729 senatum.

207 1749 256 1788 27
273 1745 385 1786 Nam
406 1755 449 1787 et
472 1745 630 1786 Brutus
652 1753 695 1785 et
717 1744 889 1785 Cassius
912 1745 1163 1801 multisjam
1191 1745 1233 1785 in
1258 1747 1381 1786 rebus
1411 1746 1502 1801 ipse
1524 1745 1604 1786 sibi
1629 1759 1692 1785 se-

269 1812 394 1843 natus
428 1802 526 1843 fuit.
588 1802 772 1843 Necesse
805 1812 869 1842 est
900 1802 1029 1853 enim,
1056 1803 1151 1843 5⁸in
1185 1811 1305 1843 tanta
1338 1802 1617 1844 conversione
1649 1810 1693 1842 et

200 651 262 698 11

1045 1918 1083 1949 57
1108 1926 1167 1945 non
1183 1920 1220 1946 ut
1241 1925 1280 1945 at·
1300 1925 1338 1945 ea
1352 1916 1421 1946 acie
1436 1925 1464 1946 r.
1482 1914 1531 1955 h.]
1558 1915 1622 1946 Hic
1639 1919 1690 1945 est

312 1918 350 1946 53
376 1915 419 1946 P.
431 1915 567 1946 Servilio
589 1914 636 1955 d.]
661 1915 724 1955 Qui
749 1915 817 1945 istis
833 1916 865 1945 In
882 1914 960 1945 locis

1003 1958 1106 1987 nodus
1143 1957 1197 1987 illc
1225 1958 1373 1988 Gordius.
1425 1956 1586 1988 Ferrarius
1613 1966 1691 1987 con-

270 1958 336 1988 'am
351 1964 411 1989 est.

262 1969 278 1998 ,J
312 2003 352 2030 54
374 2000 459 2041 ‚Quis
472 2000 499 2029 is
515 2000 620 2038 igitur
635 2004 680 2030 est
697 1999 771 2038 δια]
798 1999 896 2029 Hunc
912 2000 960 2030 lo-

269 2051 346 2072 cum
360 2043 429 2072 sine
445 2051 500 2082 spe
516 2041 650 2072 medelae
666 2046 856 2081 corruptum
878 2052 958 2078 esse,

271 2084 305 2114 ni
334 2084 450 2114 melior
479 2084 560 2114 liber
587 2085 726 2124 scriptus
756 2084 937 2123 reperiatur
951 2096 957 2113 z

269 2135 348 2156 nam
362 2127 540 2157 Vaticanus
563 2125 615 2156 bic
632 2126 760 2156 deficit:
785 2135 898 2156 omncs
914 2127 960 2156 fa-

269 2173 396 2198 tentur.
443 2168 531 2208 Ergo
559 2177 626 2197 non
652 2167 795 2198 multum
813 2168 846 2198 in
861 2178 900 2198 eo
915 2169 961 2198 la-

267 2208 468 2247 borabimus,
490 2210 537 2240 vel
565 2209 858 2240 commemorandis
882 2210 961 2240 alio-

267 2261 341 2281 rum
357 2253 563 2291 conjecturis,
581 2251 630 2282 vel
645 2252 740 2281 variis
761 2251 955 2282 lectionibus

268 2302 330 2323 scr.
347 2297 380 2323 et
395 2294 466 2323 cdd.
481 2294 588 2324 Gnelf.
612 2293 740 2332 quidem
767 2294 863 2333 plane.
879 2304 954 2324 con-

268 2335 370 2365 sentit
386 2336 528 2375 vulgatae
546 2346 572 2366 s.
587 2335 792 2366 Gruterianae
809 2335 954 2373 lectioni,

239 2414 244 2418 .
264 2377 348 2417 jtem
366 2378 473 2418 Huyd.

311 2422 350 2449 55
372 2421 456 2450 sieut
472 2419 592 2459 mulla]
622 2419 644 2449 i.
669 2419 702 2448 in
727 2419 839 2449 multis
863 2420 955 2450 rebus

267 2461 319 2491 vel
341 2463 406 2501 ipse
429 2461 567 2498 decrevi,
589 2461 638 2491 vel
661 2461 715 2490 alii
735 2471 821 2501 saepe
848 2462 957 2492 decre-

267 2513 353 2534 vere.
371 2513 437 2534 non
453 2513 534 2544 opus
548 2503 666 2541 corrigi
688 2505 795 2534 multi.
847 2504 880 2534 (v'.
909 2506 958 2534 al-

268 2547 540 2584 terum‚amboz·e,
557 2547 616 2576 int.
632 2545 745 2575 ducein
760 2545 957 2576 mittendum

265 2597 347 2618 esse.

308 2631 349 2660 56
370 2631 405 2660 m'
428 2629 472 2661 B.
498 2630 736 2666 colligassemus
752 2629 786 2659 in
807 2629 947 2668 Groecz'a]

265 2672 366 2709 SCto,
394 2672 480 2711 quod
507 2671 618 2711 paullo
642 2675 719 2701 ante
744 2671 881 2707 sactum,
908 2672 949 2701 X.

263 2720 346 2743 extr.
363 2724 426 2753 quo
442 2714 470 2743 ei
494 2714 621 2743 Graecia
647 2713 802 2744 mandata
827 2719 876 2743 est
899 2713 958 2746 dc<

263 2756 425 2786 fendenda
451 2761 567 2786 contra
594 2755 790 2793 Antonium,
816 2759 853 2784 ut
878 2755 952 2785 inde

261 2798 376 2828 deduci
398 2808 465 2828 non
485 2797 598 2838 possit.
641 2797 705 2827 Ms.
730 2797 773 2828 H.
797 2798 831 2827 in
863 2799 952 2828 (im-

262 2849 359 2870 emm.

997 2000 1079 2038 jecit
1108 2010 1171 2029 non
1193 2004 1231 2029 ut
1259 2009 1292 2029 eo
1316 2010 1355 2030 ex
1382 2001 1462 2036 acie,
1489 2009 1687 2038 quamquam

1003 2042 1190 2082 improbant
1213 2042 1352 2072 Faernus
1380 2046 1412 2072 et
1441 2041 1511 2071 alii:
1543 2050 1608 2071 non
1637 2047 1689 2077 ut,

1003 2084 1027 2113 si
1058 2084 1136 2123 quid
1164 2084 1197 2114 iu
1225 2084 1322 2114 ltalia
1350 2084 1542 2114 exercitibus
1571 2083 1690 2113 nostris

1003 2126 1186 2162 accidisset,
1201 2126 1384 2166 perfugium
1399 2126 1554 2155 sciremus
1568 2125 1605 2155 iis
1622 2134 1690 2155 esse

1003 2167 1043 2197 ad
1058 2168 1220 2204 Brutum
1244 2168 1298 2198 sed
1313 2174 1363 2203 ut,
1377 2168 1403 2197 si
1419 2167 1452 2197 in
1469 2167 1565 2197 ltalia
1583 2175 1634 2197 res
1648 2166 1689 2197 ad

1004 2209 1155 2249 proelium
1185 2209 1408 2246 deduceretur,
1435 2209 1596 2239 exercitus
1629 2218 1688 2238 no-

999 2257 1065 2281 ster
1090 2251 1282 2287 subsidium,
1310 2252 1419 2291 copias
1445 2250 1632 2290 adjutrices,
1658 2251 1684 2280 si

999 2302 1127 2323 necesse.
1143 2298 1237 2329 esset,
1251 2294 1349 2324 ctiam
1365 2304 1381 2323 e
1394 2292 1620 2323 transmarinis
1635 2302 1686 2332 pe·

998 2340 1066 2365 tere
1084 2341 1203 2375 posset,
1219 2336 1240 2364 i.
1254 2346 1283 2365 e.
1300 2345 1365 2365 non
1379 2341 1416 2365 ut
1441 2334 1624 2375 perfugium
1648 2344 1687 2364 co

999 2377 1091 2408 nobis
1120 2383 1215 2414 essct,
1244 2378 1299 2408 sed
1333 2378 1579 2408 firmamentum
1613 2376 1687 2406 iude

998 2420 1158 2449 exercitus
1173 2419 1291 2449 nostris
1315 2427 1464 2459 paratum
1489 2425 1585 2449 esset.
1622 2418 1686 2448 Hie

999 2467 1086 2492 cerie
1102 2470 1212 2491 sensus
1228 2461 1289 2490 loci
1305 2468 1364 2492 est.

1044 2506 1082 2534 58
1105 2505 1137 2533 in
1153 2506 1248 2533 tanta
1263 2513 1349 2533 mnu.
1368 2507 1397 2533 et
1413 2513 1446 2543 p.
1473 2501 1518 2542 on]
1545 2503 1597 2532 Sic
1612 2500 1688 2531 Fer-

1002 2546 1104 2575 rarius
1120 2546 1258 2575 correxit
1273 2556 1282 2582 3
1305 2546 1405 2576 etiam
1426 2556 1443 2576 e
1467 2545 1551 2574 libro
1566 2544 1689 2583 scripto

994 2587 1124 2617 Maffaei.
1171 2587 1209 2616 Iu
1235 2596 1296 2617 scr.
1317 2593 1351 2617 ct
1369 2586 1440 2617 edd.
1460 2592 1510 2616 est
1533 2587 1568 2616 in
1586 2590 1684 2617 tanta

993 2631 1244 2664 concursatione,
1260 2628 1310 2658 vel
1327 2634 1363 2659 ut
1378 2630 1411 2659 in
1427 2628 1536 2658 Guelf.
1551 2637 1687 2658 concur-

992 2672 1089 2707 sione,
1100 2672 1391 2710 perturbationem,
1407 2681 1532 2701 rerum.
1548 2670 1690 2700 Concur-

996 2714 1042 2743 eio
1069 2713 1148 2743 mihi
1176 2722 1242 2742 non
1262 2712 1429 2753 displicet:
1453 2722 1530 2742 nam
1552 2719 1587 2742 et
1611 2722 1683 2742 con-

995 2765 1108 2785 cursus
1130 2764 1188 2794 pro
1211 2754 1423 2785 multitudine
1454 2760 1503 2785 est
1531 2754 1607 2784 alibi
1633 2764 1688 2793 ap.

996 2797 1186 2827 Ciceronem
1207 2797 1240 2826 iu
1266 2797 1324 2827 tali
1349 2797 1534 2827 sententia:
1559 2800 1592 2826 et
1614 2805 1687 2826 con-

995 2840 1094 2869 venio
1110 2839 1161 2869 hic
1178 2838 1281 2868 lenius
1306 2844 1354 2868 cst
1378 2847 1475 2878 quam
1496 2847 1554 2878 pro
1570 2848 1614 2868 re.
1641 2838 1688 2868 al-
