1785 3185
523 131 640 171 PRO
666 131 722 170 M.
749 129 1095 172 MARCELLO.
1429 138 1524 173 1211

31 228 39 232 ”
95 237 309 280 scribendi
331 244 452 278 tanta
471 236 549 288 vis,
572 243 692 276 tanta
711 235 853 291 copia,
884 249 980 290 quae
1012 249 1099 276 non
1132 234 1274 277 dicam
1304 251 1526 291 exornare,

96 294 169 335 sed
190 307 400 345 enarrare,
419 293 472 334 C.
487 292 647 343 Caesar,
670 306 734 332 res
758 302 850 333 tuas
873 301 1016 348 gestas
1038 291 1189 348 possit.
1213 296 1230 326 7
1247 302 1388 335 tamen
1412 298 1526 337 affir-

92 365 190 393 mo:
222 362 266 393 et
294 351 379 393 hoc
408 365 515 406 pace
545 350 686 390 dicam
719 359 816 391 tua:
849 348 1009 391 nullam
1039 351 1083 390 in
1115 348 1179 389 his
1211 363 1302 390 esse
1325 351 1526 396 alaudem

93 407 360 464 ampliorem,
390 422 518 463 quam
553 421 662 458 eam,
684 421 813 462 quam
846 406 1055 447 hodierno
1081 405 1151 447 die
1182 419 1437 449 consecutus
1465 425 1523 452 es.

94 465 221 507 Soleo
236 479 351 522 saepe
371 469 503 506 9ante
521 464 668 507 oculos
689 478 862 520 ponere,
881 464 1010 519 idque
1028 463 1210 504 libenter
1227 465 1387 506 crebris
1405 481 1524 507 usur-
1538 474 1560 507 5

93 536 195 578 pare
233 521 524 564 sermonibus:
557 535 704 562 omnes
744 531 986 562 nostrorum
1022 521 1343 577 imperatorum,
1376 538 1526 565 omnes

93 589 336 621 exterarum
354 579 565 636 gentium,
585 578 1066 634 potentissimorumque
1079 577 1361 643 populorum,
1379 595 1528 622 omnes

93 635 426 678 clarissimorum
449 651 598 693 regum
618 650 681 676 res
705 644 846 692 gestas
868 651 965 676 cuin
991 636 1074 676 tuis
1097 650 1176 676 nec
1197 638 1530 680 contentionum

93 695 407 749 magnitudine,
440 708 520 735 nec
548 707 726 734 numero
749 693 1016 748 proeliorum,
1049 706 1127 734 nec
1154 694 1358 735 varietate
1390 696 1529 750 regio-

93 764 213 802 num,
244 766 324 793 nec
353 751 570 792 celeritate
601 750 875 800 conficiendi,
909 764 988 791 nec
1021 750 1369 792 dissimilitudine
1399 753 1530 794 bello-

94 821 190 849 rum
227 823 351 865 posse
372 806 573 849 conferri.
603 820 683 848 nec
715 820 814 847 vero
845 807 1203 862 disjunctissimas
1234 818 1365 849 terras
1402 811 1530 850 citius

94 865 351 921 cujusquam
382 865 576 921 passibus
607 864 798 920 potuisse
831 864 1062 920 peragrari,
1084 879 1211 919 quam
1244 866 1327 905 tuis
1358 881 1442 907 non
1466 868 1531 908 di-

97 937 194 963 cam
223 923 432 973 cursibus,
458 921 577 962 10sed
609 922 800 962 victoriis
830 921 1020 962 lustratae
1051 922 1150 962 sint.
1212 922 1324 968 Qnae
1355 924 1566 979 quidem6

96 992 180 1036 ego
202 980 286 1020 nisi
318 980 379 1020 ita
400 993 558 1035 magna
577 992 668 1019 esse
698 977 848 1029 fatear,
870 988 918 1019 ut
947 993 998 1019 ea
1028 979 1100 1020 vix
1124 978 1379 1035 cujusquam
1410 996 1531 1022 mens

96 1047 170 1076 aut
191 1036 402 1093 cogitatio
423 1050 576 1092 capere
597 1036 747 1092 possit,
769 1049 914 1076 amens
938 1036 1041 1076 sim:
1066 1036 1139 1077 sed
1163 1046 1304 1077 tamen
1329 1048 1428 1079 sunt
1448 1039 1531 1080 alia

95 1093 274 1149 majora.
335 1093 450 1134 Nam
472 1093 644 1134 bellicas
665 1093 810 1134 laudes
832 1092 970 1134 solent
988 1093 1165 1148 quidam
1183 1104 1416 1136 extenuare
1439 1111 1533 1137 ver-

98 1150 179 1202 bis,
201 1165 356 1207 easque
378 1151 599 1192 detrahere
620 1151 817 1201 ducibus,
834 1151 1154 1191 communicare
1175 1166 1272 1192 cum
1299 1152 1456 1204 multis,
1479 1168 1532 1194 ne

97 1209 284 1264 propriae
316 1209 403 1249 sint
423 1208 744 1264 imperatorum.
775 1217 818 1248 et
839 1217 955 1249 certe
986 1208 1030 1248 in
1064 1208 1207 1259 armis,
1239 1208 1424 1250 militum
1448 1211 1531 1251 vir-

97 1274 182 1317 tus,
211 1265 404 1307 locorum
429 1265 746 1322 opportunitas,
779 1264 940 1306 auxilia
970 1264 1201 1316 sociorum,
1222 1265 1390 1318 classes,
1413 1283 1530 1309 com-
1543 1284 1574 1314 p.
1594 1277 1663 1315 132.

96 1332 279 1374 meatus,
299 1323 684 1378 multumjuvant:
715 1322 950 1363 maximam
982 1336 1084 1363 vero
1102 1332 1282 1378 partem,
1302 1325 1422 1379 quasi
1454 1341 1531 1367 suo
1545 1328 1574 1348 ²²·

91 1378 193 1434 jure
224 1379 398 1422 fortuna
430 1381 511 1421 sibi
542 1380 747 1430 vindicat,
780 1389 839 1431 et,
870 1379 1080 1435 quidquid
1116 1389 1181 1420 est
1215 1395 1418 1437 prospere
1457 1397 1531 1438 ge-

97 1445 227 1488 stum,
258 1437 302 1478 id
332 1452 454 1494 paene
484 1451 612 1478 omne
640 1437 760 1479 ducit
792 1451 931 1478 suum.
989 1436 1050 1477 At
1082 1451 1181 1478 vero
1204 1437 1332 1494 hujus
1367 1439 1571 1495 gloriaeff

99 1493 153 1534 C.
177 1492 338 1546 Caesar,
359 1510 487 1550 quam
510 1509 554 1536 es
585 1493 728 1551 paullo
750 1503 849 1535 ante
879 1494 1074 1551 adeptus,
1097 1495 1264 1536 socium
1296 1496 1426 1538 habes
1459 1512 1532 1538 ne-

98 1550 274 1593 minem.
298 1560 439 1593 totum
461 1552 558 1604 hoc,
581 1560 977 1607 quantumcumque
1007 1562 1086 1601 est,
1108 1553 1223 1607 quod
1247 1563 1363 1594 certe
1393 1556 1534 1596 maxi-

97 1621 218 1649 mum
238 1618 319 1660 est,
341 1619 482 1650 totum
504 1619 583 1660 est,
604 1610 796 1665 inquam,
819 1618 955 1650 tuum.
988 1609 1096 1650 nihil
1117 1610 1199 1650 sibi
1221 1624 1275 1651 ex
1307 1611 1390 1652 ista
1411 1612 1535 1654 laude

98 1665 310 1718 centurio,
339 1666 449 1708 nihil
481 1665 726 1722 praefectus,
757 1666 866 1708 nihil
886 1667 1057 1717 cohors,
1088 1667 1195 1708 nihil
1226 1677 1368 1709 turma
1390 1669 1536 1711 decer-

98 1722 180 1778 pit.
210 1723 314 1778 quin
335 1724 465 1766 etiam
495 1724 568 1764 illa
597 1724 691 1781 ipsa
716 1737 856 1765 rerum
891 1723 1176 1766 humanarum
1209 1724 1398 1777 domina,
1431 1727 1534 1768 For-

99 1790 218 1832 tuna,
241 1780 285 1822 in
309 1781 431 1822 istius
463 1795 506 1822 se
537 1783 786 1823 societatem
809 1780 959 1838 gloriae
993 1796 1080 1822 non
1102 1780 1250 1824 offert:
1285 1784 1362 1824 tibi
1387 1785 1533 1826 cedit:

100 1839 133 1867 ¹¹
153 1846 271 1878 tuam
292 1852 382 1879 esse
404 1848 540 1880 totam
562 1847 606 1879 et
629 1839 844 1895 propriam
868 1838 1042 1880 fatetur.
1075 1853 1309 1895 numquam
1332 1842 1445 1882 enim
1471 1851 1533 1883 te-

98 1894 272 1935 meritas
294 1909 392 1936 cum
414 1896 626 1952 sapientia
642 1895 962 1946 commiscetur,
982 1911 1062 1938 nec
1083 1897 1137 1937 ad
1159 1898 1386 1940 consilium
1408 1914 1530 1940 casus

98 1950 356 1992 admittitur.
419 1951 639 1994 Domnisti
665 1962 814 2009 gentes
845 1954 1114 1995 immanitate
1149 1955 1362 2007 barbaras,
1384 1950 1575 1998 multi-3

99 2008 248 2051 tudine
270 2009 614 2062 innumerabiles,
632 2011 737 2052 locis
759 2010 965 2063 infinitas,
983 2011 1102 2052 omni
1124 2013 1346 2068 copiarum
1376 2027 1531 2070 genere
1545 2022 1570 2054 8

140 2167 159 2200 7
176 2169 288 2196 tamen
301 2166 447 2207 affirmo]
466 2167 581 2198 Delevi
596 2168 665 2204 hoc,
682 2171 796 2198 aucto-

99 2208 189 2239 ribus
212 2208 292 2239 Mss.
314 2210 460 2249 optimis,
475 2220 550 2239 cnm
567 2210 706 2240 Graevio.
729 2219 796 2240 non

100 2256 285 2288 senserunt,
302 2252 470 2290 sequentia
480 2261 547 2282 esse
562 2253 595 2281 in
611 2253 798 2292 parenthesi

100 2293 288 2333 accipienda
302 2304 310 2325 :
326 2294 433 2333 itaque
446 2303 479 2324 et
493 2294 545 2324 hic
557 2300 719 2334 putarunt
730 2304 798 2325 csse

101 2335 218 2366 debere
245 2337 320 2366 hoc:
342 2346 541 2375 quamquam
564 2343 599 2366 et
621 2346 689 2366 non
711 2342 796 2367 esset

101 2379 332 2416 necessarium,
360 2379 386 2408 si
414 2379 553 2408 maxime
590 2378 660 2409 haec
687 2384 795 2409 essent

101 2422 291 2460 conjuncta.
334 2421 388 2452 Sic
412 2431 489 2451 mox
512 2430 578 2450 non
602 2426 652 2451 est
677 2431 797 2461 prono-

103 2471 180 2492 men
208 2462 269 2492 hoc
296 2463 330 2493 in
357 2463 471 2493 verbo:
508 2465 588 2493 soleo
612 2472 692 2503 scz’pe
720 2470 796 2494 arie

101 2507 208 2534 oculo-5
215 2514 347 2544 ponere,
363 2506 457 2545 idque
471 2506 606 2536 libenter
619 2516 665 2536 cr.
679 2515 714 2537 u.
730 2517 797 2537 ser-

103 2548 260 2578 monibus.

145 2592 163 2620 8
192 2589 323 2620 laudem
349 2591 554 2628 ampliorem,
581 2599 683 2629 quam
712 2600 798 2628 eam,

103 2640 204 2670 quam
231 2631 305 2669 δῖα]
337 2631 440 2661 Nullo
466 2631 562 2661 modo
589 2642 700 2662 verum
726 2641 797 2663 est:

101 2682 200 2714 quam
227 2683 312 2710 eam,
335 2683 445 2713 quam.
490 2674 625 2713 Cori-ige
647 2681 705 2705 ant
728 2685 799 2706 am-

96 2715 238 2757 pliorem
260 2727 311 2751 ca,
336 2725 454 2754 quam:
476 2725 534 2746 aut
557 2726 632 2746 cum
657 2718 798 2749 Patricio

103 2757 175 2790 dele
189 2768 288 2798 quam
303 2767 387 2787 enm.

145 2804 166 2834 9
194 2805 271 2830 ante
297 2802 401 2830 oculos
429 2800 564 2839 ponere]
595 2802 647 2831 An
676 2801 797 2832 excidit

103 2843 212 2875 mihi?
243 2843 418 2883 Sequentia
443 2842 594 2873 videntur
615 2844 794 2883 postulare,

838 2177 910 2208 quae
938 2167 978 2198 ad
1014 2168 1093 2200 alios
1120 2170 1302 2209 pertinent,
1329 2174 1369 2201 ut
1395 2170 1467 2201 haec
1495 2171 1536 2203 ad

839 2211 956 2251 ipsum.
1001 2210 1046 2241 Ni
1073 2211 1231 2250 fallimur,
1261 2219 1375 2244 tamen
1411 2214 1457 2243 sic
1486 2224 1536 2245 re·

839 2253 984 2292 perimus
999 2260 1034 2283 et
1047 2253 1122 2283 alibi
1127 2275 1143 2291 ‚-
1153 2264 1183 2284 v.
1197 2265 1227 2285 c.
1244 2265 1340 2295 pone,
1356 2254 1407 2285 vel
1423 2258 1537 2295 ponite

841 2299 918 2325 ante
930 2297 1046 2332 oeulos,
1062 2296 1131 2326 sine
1146 2298 1227 2327 milri
1242 2305 1300 2328 aut
1314 2299 1409 2328 vobis.

885 2340 921 2367 10
946 2339 1003 2367 sed
1026 2339 1167 2369 victoriis
1188 2341 1336 2370 lustrata·
1358 2340 1437 2379 sint]
1464 2340 1535 2371 Lu·

837 2384 950 2410 εἰν-αἰῶ
984 2390 1043 2420 pro
1069 2381 1245 2412 illustrato?
1271 2387 1359 2412 reete
1394 2384 1536 2413 correxit

839 2425 1029 2462 conjectura
1049 2422 1232 2454 Victorius:
1256 2425 1432 2455 firmarunt
1455 2425 1533 2455 Mss.

840 2465 874 2494 in
901 2464 951 2494 his
977 2465 1199 2497 Erfurtensis:
1223 2467 1278 2496 sed
1304 2466 1535 2506 corrigendum

840 2507 938 2537 etiam
955 2513 1025 2537 erat
1039 2508 1104 2537 sint
1126 2518 1184 2548 pro
1198 2513 1294 2539 sunt.-
1316 2509 1404 2548 quod
1425 2514 1475 2539 est
1490 2510 1535 2539 vi·

839 2549 925 2578 tium
948 2548 1135 2587 latinitatis,
1159 2550 1394 2581 alienissimum
1411 2562 1429 2580 a
1445 2552 1537 2582 Cice*

842 2592 929 2621 ronis
943 2591 1116 2622 eleffantia.

887 2636 917 2663 11
938 2639 1031 2664 tuam
1055 2644 1119 2663 esse
1141 2634 1256 2674 totam]
1285 2634 1373 2665 Male
1390 2634 1535 2665 Graevius

842 2679 935 2705 tunm
957 2686 990 2705 se
1012 2686 1037 2705 e.
1062 2680 1085 2706 t.
1107 2687 1125 2707 e
1151 2677 1230 2707 Mss.
1257 2677 1326 2707 Erf.
1353 2681 1387 2706 et
1417 2676 1535 2707 Colon.

841 2721 935 2748 tetam
959 2723 1060 2748 Ιυέτιηι
1089 2720 1231 2758 pertinet
1255 2719 1295 2750 ad
1317 2719 1444 2757 glorioe,
1469 2728 1539 2749 non

839 2759 1084 2798 adjut-tunam,
1098 2766 1134 2790 ut
1158 2766 1252 2800 patet
1273 2772 1291 2794 e
1312 2761 1534 2801 sequentibus.

839 2801 956 2842 Itaque
970 2812 1002 2833 se
1017 2809 1066 2833 est
1083 2803 1239 2836 alienum.-
