1785 3185
530 111 879 149 PHILIPPICA
905 111 1109 149 SEXTA.
1455 115 1552 150 1845

112 213 243 271 paulo
264 222 365 257 ante
385 214 469 256 feci
502 213 544 254 in
576 222 740 263 senatu,
764 212 919 253 faciam
950 214 1062 268 apud
1099 229 1186 254 vos.
1235 215 1454 266 testificor,
1476 215 1586 264 ‹le-5

112 272 281 323 nuntio,
303 281 402 313 ante
429 270 632 326 praedico,
652 269 758 310 nihil
783 269 850 309 M.
874 269 1113 310 Antonium
1149 285 1311 322 eorum,
1334 288 1430 327 quae
1451 286 1552 315 sunt

111 327 266 384 legatis
304 328 519 375 mandata,
558 326 797 367 facturum:
844 336 1108 367 vastaturum
1151 341 1292 381 agros,
1331 328 1551 372 Mutinam

112 385 400 433 obsessurum,
434 384 636 434 delectus,
667 398 753 439 qua
782 384 932 438 possit,
965 383 1224 424 habiturum.
1269 385 1302 424 is
1336 396 1400 425 cst
1434 387 1550 428 enim

112 441 196 492 ille,
212 442 284 497 qui
318 455 484 496 semper
519 450 689 481 senatus
716 440 932 495 judicium
969 449 1012 480 et
1044 441 1361 490 auctoritatem,
1385 456 1552 498 semper

112 498 375 539 voluntatem
414 508 597 538 vestram
634 507 976 554 potestatemque
1009 497 1300 538 contemserit.
1379 498 1448 538 An
1483 500 1551 541 ille

109 555 155 596 id
184 555 328 604 faciat,
351 555 464 610 qnod
489 555 615 611 paulo
643 564 741 595 ante
763 554 980 595 decretum
1004 564 1082 604 est,
1106 564 1153 595 ut
1180 554 1418 595 exercitum
1441 556 1550 598 citra

109 611 272 652 flumen
306 612 593 662 Rubiconem,
616 613 687 666 qui
722 611 818 651 finis
839 621 904 651 est
937 611 1106 661 Galliae,
1125 611 1338 662 educeret,
1370 612 1472 652 dum
1496 627 1547 654 ne

109 672 287 725 propius
311 670 458 710 urbem
485 669 668 709 Romam
693 667 770 709 CC
794 668 896 708 mill.
919 668 1193 710 admoveret?
1226 667 1325 709 huic
1347 668 1547 710 denunti-

109 726 246 767 ationi
273 726 341 767 ille
365 729 532 782 pareat?
571 726 639 766 ille
659 740 701 766 se
727 725 859 766 fluvio
886 724 1112 765 Rubicone
1136 724 1213 766 CC
1239 725 1341 766 mill.
1363 726 1546 767 circum-

108 783 315 839 scriptum
335 798 425 824 esse
442 783 657 839 patiatur?
718 782 819 822 Non
840 782 873 822 is
892 791 956 821 est
972 783 1203 822 Antonius.
1234 796 1333 823 nam
1352 783 1385 823 si
1409 794 1519 825 esset
1535 791 1583 826 :6

107 854 196 881 non
225 841 522 890 commisisset,
545 848 592 879 ut
622 838 661 878 ei
692 849 877 888 senatus,
903 849 1122 894 tamquam
1154 838 1391 880 Hannibali
1423 841 1548 882 initio

107 896 206 937 belli
231 897 400 947 Punici,
419 896 703 947 denuntiaret,
722 910 775 936 ne
797 905 1069 952 oppugnaret
1093 896 1350 952 Saguntum.
1412 897 1546 944 Quod

106 968 208 995 vero
238 955 300 995 ita
320 963 526 995 avocatur
547 968 571 993 a
595 952 784 1003 Mutina,
808 964 855 993 ut
874 954 927 993 ab
952 954 1069 1003 urbe,
1094 963 1313 1008 tamquam
1340 954 1547 1009 pestifera

111 1010 300 1060 flamma,
322 1020 529 1061 arceatur,
551 1025 680 1066 quam
703 1009 832 1050 habet
856 1010 1166 1065 ignominiam?
1197 1010 1312 1065 quod
1328 1011 1548 1064 judicium

107 1070 306 1110 senatus?
368 1067 500 1118 Quid,
522 1067 637 1121 quod
670 1082 694 1107 a
724 1077 872 1107 senatu
905 1067 1060 1107 dantur
1085 1068 1285 1108 mandata
1308 1067 1476 1123 legatis,
1500 1079 1548 1110 ut

108 1123 166 1165 D.
210 1124 409 1175 Brutum,
438 1125 680 1179 militesque
721 1124 812 1179 ejus
855 1123 1024 1174 adeant,
1053 1124 1190 1178 iisque
1211 1125 1545 1177 demonstrent,

103 1183 125 1212 ⁵
148 1195 316 1222 summa
337 1182 379 1222 in
402 1181 712 1238 rempublicam
735 1181 901 1232 merita,
927 1180 1222 1236 beneficiaque
1243 1196 1392 1222 eorum
1422 1193 1548 1238 grata

103 1252 197 1279 esse
232 1239 397 1280 senatui
434 1239 679 1294 populoque
715 1237 928 1289 Romano,
952 1238 1088 1293 iisque
1121 1252 1216 1278 eam
1251 1253 1340 1279 rem
1374 1254 1546 1296 magnae

102 1294 234 1347 laudi,
254 1310 499 1352 magnoque
530 1295 682 1336 honori
712 1294 831 1337 fore?
874 1309 1153 1350 passurumne
1187 1296 1370 1336 censetis
1404 1296 1546 1338 Anto-

104 1352 241 1405 nium,
263 1353 440 1394 introire
473 1352 691 1394 Mutinam
726 1352 918 1408 legatos?
961 1352 1084 1392 exire
1122 1352 1221 1393 inde
1254 1356 1378 1395 tuto?
1420 1368 1544 1395 num-

103 1423 235 1463 quam
264 1410 466 1466 patietur,
488 1410 594 1451 mihi
626 1409 800 1451 credite.
848 1409 949 1450 novi
983 1409 1246 1461 violentiam,
1267 1410 1368 1451 novi
1402 1410 1542 1467 impu-

102 1466 311 1518 dentiam,
329 1467 431 1508 novi
454 1468 692 1508 audaciam.
736 1466 830 1507 Nec
852 1481 952 1507 vero
975 1467 1027 1507 de
1050 1466 1136 1518 illo,
1159 1467 1271 1508 sicut
1292 1467 1344 1508 de
1367 1467 1579 1516 homine7

103 1522 247 1579 aliquo
269 1525 488 1575 debemus,
512 1525 584 1566 sed
613 1535 661 1565 ut
681 1524 734 1564 de
762 1523 1130 1579 importunissima
1155 1524 1309 1576 bellua,
1332 1525 1539 1581 cogitare.

101 1579 214 1627 Quae
237 1596 336 1623 cum
358 1582 418 1622 ita
436 1582 536 1633 sint,
558 1596 643 1622 non
668 1581 845 1622 omnino
874 1581 1131 1622 dissolutum
1152 1591 1231 1632 est,
1253 1581 1369 1638 quod
1391 1582 1538 1625 decre-

99 1637 166 1678 vit
185 1648 372 1680 senatus.
402 1639 534 1679 habet
564 1638 802 1680 atrocitatis
834 1637 994 1693 aliquid
1027 1637 1211 1694 legatio:
1245 1639 1409 1680 utinam
1430 1639 1540 1681 nihil

101 1693 280 1737 haberet
302 1697 459 1738 morae!
492 1710 590 1737 nam
613 1711 710 1736 cum
734 1695 944 1752 plerisque
965 1695 1007 1735 in
1032 1697 1157 1736 rebus
1189 1696 1385 1751 gerendis
1408 1697 1539 1738 tardi.-

99 1759 165 1792 tas
187 1762 231 1794 et
247 1753 576 1809 procrastinatio
595 1753 744 1794 odiosa
762 1762 849 1794 est:
884 1761 972 1794 tum
994 1752 1078 1793 hoc
1098 1752 1255 1793 bellum
1279 1753 1446 1809 indiget
1467 1768 1536 1795 ce-
1551 1769 1583 1799 p.
1596 1762 1670 1795 207.

100 1808 297 1852 leritatis.
339 1811 671 1852 succurrendum
692 1820 757 1851 est
780 1809 837 1850 D.
862 1809 1024 1851 Bruto:
1067 1823 1215 1850 omnes
1245 1810 1435 1865 undique
1465 1812 1583 1853 co-a·

99 1866 186 1922 piae
207 1867 487 1923 colligendas:
512 1867 695 1909 Ghoram
716 1866 921 1908 exhibere
949 1865 1123 1916 nullam,
1146 1867 1189 1907 in
1218 1867 1291 1908 tali
1313 1867 1407 1908 cive
1432 1867 1539 1909 libe-

99 1924 250 1976 rando,
275 1925 366 1965 sine
396 1924 552 1966 scelere
581 1939 665 1966 non
697 1938 939 1980 possumus.
998 1923 1068 1963 An
1100 1923 1168 1964 ille
1198 1938 1285 1965 non
1316 1925 1474 1980 potuit,
1501 1927 1573 1970 si8

99 1979 343 2023 Antonium
379 1981 614 2032 consulem,
643 1981 678 2022 si
718 1981 905 2022 Galliam
945 1979 1128 2021 Antonii
1164 1981 1432 2037 provinciam
1460 1981 1536 2038 ju-

99 2038 300 2090 dicasset,
353 2037 544 2094 legiones
584 2039 778 2079 Antonio
822 2047 865 2078 et
906 2037 1173 2093 provinciam
1216 2038 1408 2081 tradere?
1457 2040 1535 2081 do-

98 2108 219 2136 mum
251 2096 412 2138 redire?
443 2095 736 2152 triumphare?
767 2095 929 2151 primus
963 2094 1042 2135 Tin
1075 2094 1158 2135 hoc
1193 2095 1357 2147 ordine,
1391 2098 1534 2151 quoad

95 2153 398 2209 magistratum
425 2152 568 2204 iniret,
600 2154 856 2193 sententiam
890 2151 1060 2193 dicere?
1089 2151 1192 2207 quid
1226 2151 1390 2208 negotii
1419 2151 1532 2197 fuit?

92 2208 193 2262 Sed,
235 2225 335 2254 cum
373 2224 417 2251 se
452 2210 636 2252 Brutum
677 2224 768 2251 esse
804 2208 1083 2260 meminisset,
1125 2217 1364 2266 vestraeque
1400 2209 1564 2254 liber-9

138 2322 157 2351 5
178 2329 241 2351 sua
254 2320 289 2350 in.
300 2329 403 2360 remp.
417 2319 552 2359 merita]
567 2319 670 2350 Recte
682 2329 700 2348 e
709 2318 787 2349 Vat.
830 2327 927 2348 sensu
941 2321 1073 2356 notum,
1087 2319 1124 2348 in
1138 2318 1286 2349 exhibere
1300 2322 1423 2350 mutet.
1457 2318 1532 2351 Ex-

93 2361 222 2394 editum
246 2366 296 2393 est
322 2371 453 2392 summa
465 2374 475 2391 :
506 2371 583 2392 nam
607 2370 789 2401 pronomen
832 2361 951 2397 hibere,
979 2361 1036 2391 Gr.
1064 2360 1224 2404 παρέχειν,
1252 2364 1302 2390 est
1330 2360 1456 2391 adferre
1488 2363 1532 2393 ad

93 2414 207 2436 eorum
221 2408 270 2435 est
284 2409 359 2444 post
375 2404 539 2445 beneficia.
832 2412 927 2433 usum
942 2403 978 2432 in
991 2412 1026 2433 re
1041 2403 1162 2443 aliqua,
1171 2408 1212 2433 ut
1222 2411 1330 2433 servos
1345 2403 1529 2443 injudicio,

137 2447 157 2478 6
179 2448 295 2477 horam
308 2447 457 2477 exhibere
472 2447 709 2476 nullam—non
717 2454 789 2484 pos·
829 2451 869 2475 ut
883 2445 1078 2485 interrogari
1094 2446 1233 2486 possint,
1247 2444 1403 2484 praebere.

92 2488 223 2528 sumus]
239 2489 310 2519 viri
324 2488 455 2528 quidam
469 2488 572 2525 docti,
582 2487 683 2518 etiam
699 2487 790 2517 Grae-
873 2490 891 2520 7
907 2488 943 2517 in
955 2489 1012 2517 hoc
1020 2488 1132 2518 ordine
1145 2487 1224 2527 esse]
1242 2485 1357 2517 Delevi
1369 2496 1435 2517 esse
1448 2497 1526 2519 cum

94 2532 179 2569 vius,
210 2540 358 2571 recepere
388 2542 406 2561 e
434 2531 499 2562 Ms.
523 2531 601 2560 Vat.
629 2530 770 2560 eximere
781 2541 790 2559 .·
832 2529 973 2560 Graevio.
997 2539 1074 2560 nam
1083 2531 1216 2570 primus
1231 2527 1318 2559 clare
1333 2529 1472 2559 refertur
1485 2530 1528 2564 ad

96 2574 186 2614 quod
201 2578 251 2603 est
264 2573 388 2603 bonum
404 2578 438 2604 et
452 2574 614 2603 usitatum
630 2572 665 2602 in
681 2571 742 2602 hac
757 2582 792 2602 re
833 2572 948 2602 dicere.
991 2571 1055 2602 Sed
1074 2571 1147 2603 edd.
1163 2582 1214 2612 pr.
1230 2580 1298 2602 non
1317 2569 1441 2601 habent
1455 2580 1527 2604 sen-

93 2617 249 2647 verbum:
265 2622 302 2646 at
314 2616 363 2646 ita
373 2615 512 2646 debebat
523 2621 598 2656 post
609 2619 668 2645 aut
679 2615 787 2644 ullam
829 2614 968 2644 tentiam
996 2614 1114 2651 dicere,
1140 2614 1175 2643 in
1197 2622 1262 2653 quo
1286 2622 1350 2643 esse
1379 2622 1511 2644 necessa

94 2667 176 2695 esse,
200 2663 239 2688 ut
263 2657 344 2688 vidit
364 2657 526 2693 Olivetus,
549 2656 635 2696 quod
656 2660 692 2686 et
714 2655 787 2686 edd.
830 2656 917 2686 rium
931 2660 1024 2687 erat:
1043 2665 1120 2686 nam
1133 2655 1165 2686 id
1177 2665 1196 2687 e
1209 2656 1284 2686 Vat.
1299 2653 1445 2685 additum
1460 2660 1524 2693 est,

95 2710 146 2741 pr.
173 2700 318 2738 habent;
349 2703 408 2730 aut
433 2700 470 2730 in
493 2700 560 2729 fine
581 2708 646 2729 uon
673 2697 786 2736 deleri,
829 2698 923 2728 bene.
956 2698 1045 2737 ‚quod
1068 2708 1145 2731 curn
1168 2697 1328 2736 reciperet
1349 2696 1523 2734 Gruterus,

96 2742 184 2782 quod
203 2741 353 2783 placebat
374 2741 529 2772 Manutio
549 2746 583 2771 et
599 2741 716 2771 melius
737 2749 787 2770 es·
829 2739 968 2770 debebat
983 2750 1047 2770 esse
1060 2739 1177 2771 delere.
1222 2739 1377 2770 Ceterum
1393 2739 1523 2770 dicere?

93 2788 157 2816 set.
201 2783 248 2814 Et
267 2790 382 2814 tamen
395 2784 530 2823 vulgata
544 2783 642 2814 lectio
657 2781 786 2813 defendi
830 2781 912 2811 bene
927 2782 1085 2812 Graev‘ms.
1109 2791 1186 2812 nam
1208 2781 1234 2810 si
1257 2790 1332 2810 cum
1354 2789 1439 2820 seqq.
1457 2780 1523 2820 pri-

94 2830 220 2866 potest:
244 2830 358 2865 estque
381 2825 587 2864 exquisitior:
614 2834 675 2855 nec
701 2824 788 2863 quis·
830 2833 888 2854 ora
897 2825 1132 2863 jungerentur,
1147 2823 1280 2855 deberet
1293 2831 1362 2854 esse
1370 2825 1521 2863 primum

97 2877 198 2909 quam
223 2867 375 2901 librarius
401 2868 554 2907 eximere,
585 2867 720 2899 verbum
748 2876 787 2896 eo
830 2875 857 2895 s.
871 2866 987 2897 dicere.

110 2915 113 2918 '
750 2916 778 2951 4
803 2922 821 2949 s
847 2913 870 2949 3
