1769 3174
620 81 738 121 PRO
764 82 807 120 P.
835 82 1067 122 SEXTIO.
1479 90 1558 128 987

125 185 187 229 cis
221 185 358 238 malis,
381 194 423 227 et
451 183 677 226 audacium
710 184 868 226 civium
891 185 1081 226 consiliis
1115 199 1229 241 saepe
1258 195 1323 227 est
1356 187 1554 231 resisten-

123 244 253 295 dum3
291 254 524 298 eorumque
565 241 849 297 periculorum
893 251 958 283 est
994 242 1038 282 in
1075 241 1295 297 republica
1332 246 1555 288 retinenda

123 300 364 342 medicina:
395 313 524 354 quam
547 298 936 353 omnem,judices‚
967 298 1272 354 perdidissetis,
1305 301 1337 340 si
1369 316 1465 343 meo
1488 304 1553 344 in-

123 358 254 398 teritu
276 356 439 398 senatui
465 354 710 412 populoque
745 356 943 397 Romano
965 355 1123 396 doloris
1155 356 1218 396 sui
1242 355 1294 396 de
1324 371 1392 398 me
1413 359 1554 400 decla-

121 414 244 454 randi
276 422 465 470 potestas
487 420 598 453 esset
619 422 780 468 erepta.
841 412 987 458 Quare
1016 426 1172 453 moneo
1197 427 1285 463 vost,
1308 414 1554 458 adolescen-

123 479 202 521 tes,
223 479 352 526 atque
374 470 457 511 hoc
478 483 574 510 meo
589 468 689 524 jure
711 469 933 525 praecipio,
954 470 1027 525 qui
1049 469 1322 525 dignitatem,
1345 472 1417 525 qui
1443 487 1554 514 rem-

122 526 356 583 publicam,
377 527 450 582 qui
473 525 652 581 gloriam
675 527 902 581 spectatis:
935 541 1002 577 ne,
1023 527 1108 566 79si
1125 540 1209 582 qua
1227 541 1300 567 vos
1322 526 1553 582 aliquando

121 584 352 625 necessitas
374 584 426 624 ad
449 583 758 638 rempublicam
774 594 925 624 contra
946 583 1165 639 improbos
1182 583 1297 624 cives
1319 584 1553 628 defenden-

119 640 219 682 dam
233 641 422 692 vocabit‚
441 640 658 695 segniores
678 640 785 690 sitis,
801 650 842 681 et
860 640 1155 681 recordatione
1173 640 1255 681 mei
1271 655 1392 681 casus
1411 657 1435 682 a
1448 657 1552 684 con-

121 697 225 738 siliis
245 696 429 739 fortibus
448 697 686 752 refugiatis.
722 695 929 747 Primum,
946 712 1029 738 non
1047 707 1112 737 est
1133 697 1385 753 periculum,
1406 713 1457 739 ne
1476 701 1548 755 qui
1562 704 1614 739 52

119 769 325 810 umquam
356 754 444 796 sint
475 754 518 795 in
549 754 726 795 civitate
753 754 964 810 ejusmodi
994 754 1204 805 eonsules,
1238 757 1477 810 praesertim
1515 757 1551 799 si

119 811 201 852 erit
238 811 304 852 his
346 811 404 862 id,
440 810 555 867 quod
586 811 780 861 debetur,
814 811 1094 868 persolutum.
1126 812 1280 853 deinde
1315 827 1552 868 numquam

111 867 221 922 jam,
245 877 293 909 ut
322 883 461 924 spero,
493 868 721 923 quisquam
752 868 991 924 improbus,
1012 869 1192 909 consilio
1214 878 1257 909 et
1287 870 1450 911 auxilio
1473 871 1552 912 bo-

118 940 271 966 norum
292 940 337 966 se
359 939 610 981 oppugnare
641 926 951 981 rempublicam
972 925 1101 976 dicet,
1124 925 1256 966 30illis
1280 928 1551 971 tacentibus:

116 996 196 1023 nec
226 983 378 1024 armati
401 982 615 1023 exercitus
648 992 851 1023 terrorem
874 993 1067 1039 opponet
1089 983 1274 1038 togatis:
1307 997 1444 1038 neque
1469 986 1552 1027 erit

109 1038 233 1093 justa
253 1054 382 1081 causa
403 1042 439 1071 81
455 1039 508 1080 ad
533 1049 677 1094 portas
709 1039 871 1080 sedenti
903 1040 1167 1096 imperatori,
1189 1054 1320 1095 quare
1344 1051 1552 1085 terrorem.

116 1111 241 1138 suum
280 1096 387 1138 falso
411 1096 570 1151 jactari
604 1097 852 1153 opponique
890 1098 1093 1154 patiatur.
1154 1097 1405 1153 Numquam
1434 1100 1552 1141 enim.

114 1154 197 1195 erit
226 1163 314 1195 tam
336 1168 563 1210 oppressus
594 1164 780 1205 senatus,
804 1164 850 1195 ut
873 1155 912 1195 ei
943 1157 1049 1195 8‘2ne
1080 1154 1350 1210 supplicandi
1375 1156 1552 1211 quidem

113 1226 164 1252 ac
185 1211 359 1268 lugendi
383 1211 438 1251 sit
462 1220 678 1266 potestas:
712 1220 799 1252 tam
821 1220 973 1268 captus
995 1222 1191 1266 equester
1215 1212 1336 1263 ord0‚
1360 1224 1408 1254 ut
1428 1215 1551 1269 equi-

114 1278 177 1309 tes
201 1268 389 1310 Romani
412 1283 437 1309 a
458 1267 633 1309 consule
666 1267 921 1324 relegentur.
983 1269 1094 1315 Quae
1117 1283 1216 1310 cum
1239 1270 1398 1321 omnia,
1421 1281 1552 1327 atque

113 1326 246 1367 etiam
275 1328 315 1357 83
328 1324 465 1366 multo
497 1325 581 1366 alia
614 1324 792 1380 majora,
823 1340 919 1381 quae
954 1325 1151 1367 consulto
1183 1336 1406 1381 praetereo,
1437 1329 1552 1370 acci-

113 1382 291 1433 dissent,
312 1385 352 1416 84
367 1382 519 1424 videtis
544 1396 612 1422 me
635 1392 776 1423 tamen
800 1384 843 1424 in
866 1383 1090 1439 pristinam
1115 1397 1253 1424 meam
1276 1384 1550 1440 dignitatem,

114 1440 255 1482 brevis
287 1439 491 1496 temporis
513 1438 659 1481 dolore
692 1440 935 1495 interjectO,
966 1440 1215 1496 reipublicae
1239 1455 1344 1482 voce
1366 1456 1457 1484 esse
1487 1458 1552 1484 re·
1566 1457 1597 1487 P·
1615 1450 1663 1480 15-

111 1506 327 1539 vocatum.
1564 1500 1594 1520 a.

169 1553 268 1606 Sed,
291 1563 338 1595 ut
358 1562 545 1595 revertar
565 1553 617 1594 ad
641 1553 758 1604 illud,
780 1554 895 1610 quod
918 1553 1025 1596 mihi
1048 1554 1092 1594 in
1112 1553 1195 1595 hac
1215 1556 1333 1597 omni
1364 1566 1429 1598 est
1458 1573 1552 1600 ora·
1566 1555 1640 1604 24»

113 1611 230 1652 tione
261 1610 544 1667 propositum,
574 1611 775 1652 omnibus
807 1611 928 1652 malis
960 1611 1031 1652 illo
1061 1626 1190 1662 anno,
1213 1612 1368 1654 scelere
1398 1629 1552 1657 consu-
1565 1626 1615 1661 53

111 1667 215 1721 lum,
247 1667 558 1724 rempublicam
590 1682 681 1709 esse
713 1667 989 1709 confectam:
1022 1669 1209 1725 primum
1239 1669 1311 1711 illo
1344 1672 1437 1727 ipso
1468 1673 1553 1725 die,

110 1725 184 1780 qui
214 1724 321 1766 mihi
353 1724 547 1766 funestus
578 1724 675 1776 fuit,
697 1726 897 1767 omnibus
930 1726 1054 1767 bonis
1085 1726 1319 1777 luctuosus,
1341 1744 1439 1769 eum
1470 1744 1554 1787 ego

111 1796 181 1823 me
202 1796 225 1823 e
255 1782 484 1839 complexu
518 1783 684 1839 patriae,
706 1793 1027 1838 conspectuque
1050 1793 1191 1824 vestro
1222 1785 1488 1840 eripuissem,
1510 1798 1554 1829 et

112 1848 231 1881 metu
254 1840 381 1881 vestri
413 1839 606 1896 periculi,
628 1855 715 1880 non
745 1841 846 1890 mei,
868 1840 1002 1881 furori
1033 1840 1236 1891 hominis,
1272 1843 1434 1895 sceleri,
1460 1859 1554 1900 per-

113 1896 241 1949 fidiae,
263 1897 372 1948 telis,
393 1897 606 1952 minisque
634 1897 869 1948 cessissem,
891 1898 1174 1953 patriamque,
1197 1914 1293 1953 quae
1325 1900 1432 1941 mihi
1462 1912 1554 1944 erat

111 1953 342 2004 carissima,
366 1965 540 2010 propter
562 1954 694 2010 ipsius
716 1955 867 2010 patriae
890 1956 1113 1996 caritatem
1136 1955 1425 2010 reliquissem:
1451 1974 1552 2001 cum

109 2024 254 2052 meum
285 2011 403 2052 illum
433 2025 580 2053 casum
613 2021 700 2053 tam
733 2012 995 2063 horribilem,
1028 2023 1114 2053 tam
1146 2027 1336 2068 gravem,
1368 2024 1455 2056 tam
1487 2031 1552 2057 re-

107 2068 349 2123 pentinum,
379 2082 465 2109 non
497 2068 635 2109 solum
664 2069 876 2121 homines,
908 2070 980 2110 sed
1012 2079 1128 2110 tecta
1156 2071 1274 2111 urbis
1305 2072 1358 2112 ad
1390 2074 1552 2130 templa

58 2147 62 2150 >
96 2125 329 2182 lugerent:
360 2140 487 2166 nemo
510 2126 701 2168 vestrum
723 2126 881 2178 forum,
902 2141 1028 2167 nemo
1052 2127 1229 2179 curiam,
1252 2143 1378 2170 nemo
1410 2130 1551 2173 lucem

107 2182 327 2238 adspicere
360 2182 513 2224 vellet:
550 2183 637 2234 illo,
672 2184 864 2239 inquam,
895 2183 990 2239 ipso
1027 2183 1110 2235 die,
1147 2184 1216 2225 die
1249 2185 1376 2230 dieo?
1414 2187 1550 2230 immo

106 2238 226 2292 hora,
247 2249 376 2296 atque
396 2240 528 2281 etiam
559 2249 721 2297 puncto
745 2242 950 2298 temporis
981 2241 1149 2295 eodem,
1169 2241 1276 2283 mihi
1300 2244 1447 2299 reique
1469 2260 1548 2302 pu·-

146 2355 188 2388 79
218 2353 248 2384 si
273 2362 340 2394 qua
367 2363 422 2384 vos
447 2354 799 2395 necessitas—vocabit]
844 2354 901 2385 bet
928 2354 1129 2395 suspirandi,
1157 2356 1180 2386 i.
1204 2367 1233 2387 e.
1262 2357 1428 2397 gemendi,
1457 2360 1545 2399 quod

106 2393 205 2426 Forte
217 2397 352 2427 vocarit.
368 2396 400 2426 id
414 2402 502 2426 certe
516 2402 566 2427 est
581 2397 726 2428 latinius.
845 2406 913 2427 non
928 2398 1210 2429 contemnendum
1226 2400 1365 2430 videtur.

147 2439 189 2469 80
209 2438 277 2469 illis
291 2439 485 2478 tacentibus]
513 2439 535 2470 i.
552 2450 581 2470 e.
604 2440 663 2476 ita,
679 2444 716 2470 ut
740 2439 802 2477 illi,
888 2442 927 2471 83
950 2441 1054 2470 multo
1067 2442 1137 2471 alia
1152 2440 1298 2482 majora]
1316 2442 1418 2473 Scrib.
1435 2445 1543 2475 multa

105 2478 184 2510 boni
197 2480 271 2516 viri,
286 2485 433 2517 taceant,
447 2488 486 2511 ut
500 2491 589 2511 nunc
600 2482 726 2512 factum
741 2489 800 2512 est.
845 2492 878 2512 α.
903 2492 947 2513 m.
973 2492 1050 2513 nam
1073 2484 1202 2513 etiamsi
1224 2486 1327 2514 multo
1348 2485 1390 2515 ad
1413 2485 1544 2527 majora

149 2524 187 2553 81
224 2523 270 2553 ad
297 2527 415 2563 portas
442 2524 564 2554 sedenti
590 2524 798 2564 imperatori]
845 2524 979 2561 referas,
995 2529 1108 2555 tamen
1123 2525 1234 2564 friget.

106 2562 255 2596 Pertinet
281 2565 323 2596 ad
343 2566 520 2602 Caesarem,
545 2565 584 2596 de
613 2577 677 2606 quo
704 2576 803 2606 supra
888 2569 928 2597 84
942 2567 1070 2606 m'detis]
1097 2567 1150 2598 Sic
1172 2567 1244 2598 edd.
1269 2573 1393 2599 veteres
1416 2579 1541 2599 omnes.

105 2605 199 2637 dixit.
243 2607 332 2638 Male
362 2607 509 2637 Graevius
545 2608 729 2649 suspicatur
755 2608 801 2638 le·
844 2608 1005 2639 Gruterus
1031 2610 1133 2640 tacite
1157 2609 1260 2640 edidit
1286 2611 1455 2641 vidissetis.
1486 2611 1544 2642 sed

105 2648 249 2687 gendum
276 2650 416 2680 sedendi.
445 2650 486 2681 ad
505 2647 639 2691 justam
664 2660 802 2681 causam
843 2651 940 2690 culpa
965 2652 1035 2682 sine
1059 2651 1159 2681 dubio
1182 2662 1366 2691 operarum.
1392 2662 1468 2683 nam
1492 2659 1544 2685 est

105 2691 249 2730 pertinet
262 2701 374 2732 qnare.
843 2692 940 2732 plane
963 2693 1119 2724 alienum.
1164 2694 1242 2724 Mox
1259 2694 1277 2724 d
1300 2694 1329 2723 di
1347 2696 1450 2724 brevis
1462 2699 1543 2725 tem-

147 2734 188 2764 82
211 2742 250 2762 ne
264 2733 468 2774 supplicandi
482 2734 624 2774 quidem]
650 2744 696 2765 sc.
715 2736 803 2766 Con·
838 2736 930 2774 poris
955 2736 1080 2766 dolore:
1112 2744 1190 2765 nam
1215 2736 1290 2774 quid
1314 2744 1363 2766 est
1391 2739 1546 2778 temporis

104 2773 240 2805 sulibus.
277 2785 353 2807 nam
381 2776 539 2806 Gabinius
564 2782 599 2806 et
625 2777 699 2806 Piso
733 2778 803 2814 ejus
845 2777 957 2809 dolor?
979 2777 1069 2810 Vidit
1085 2782 1118 2809 et
1135 2777 1380 2809 Hotomannus.

104 2824 214 2856 preces
237 2818 426 2858 rejecerant.
469 2817 531 2850 Sed
553 2818 605 2850 ed.
625 2818 720 2852 Junt.
745 2818 803 2851 ha-
