<?xml version="1.0" encoding="UTF-8"?>
<!DOCTYPE html PUBLIC "-//W3C//DTD XHTML 1.0 Transitional//EN"
    "http://www.w3.org/TR/xhtml1/DTD/xhtml1-transitional.dtd">
<html xmlns="http://www.w3.org/1999/xhtml" xml:lang="en" lang="en">
 <head>
  <title>
</title>
<meta http-equiv="Content-Type" content="text/html;charset=utf-8" />
  <meta name='ocr-system' content='tesseract 3.04.00' />
  <meta name='ocr-capabilities' content='ocr_page ocr_carea ocr_par ocr_line ocrx_word'/>
</head>
<body>
  <div class='ocr_page' id='page_1' title='image "./p2operaomnia02ciceuoft_0605.png"; bbox 0 0 1785 3185; ppageno 0'>
   <div class='ocr_carea' id='block_1_1' title="bbox 0 75 1589 1948">
    <p class='ocr_par' dir='ltr' id='par_1_1' title="bbox 37 75 1464 346">
     <span class='ocr_line' id='line_1_1' title="bbox 437 75 1461 118; baseline -0.002 -1"><span class='ocrx_word' id='word_1_1' title='bbox 437 78 787 117; x_wconf 83' lang='lat' dir='ltr'>PHILIPPICA</span> <span class='ocrx_word' id='word_1_2' title='bbox 812 75 1068 118; x_wconf 76' lang='lat' dir='ltr'>QUARTA.</span> <span class='ocrx_word' id='word_1_3' title='bbox 1365 80 1461 116; x_wconf 67' lang='lat'>13⁶2}</span> 
     </span>
     <span class='ocr_line' id='line_1_2' title="bbox 40 179 1464 238; baseline -0.002 -14"><span class='ocrx_word' id='word_1_4' title='bbox 40 192 102 224; x_wconf 85' lang='lat' dir='ltr'>tes</span> <span class='ocrx_word' id='word_1_5' title='bbox 128 182 180 224; x_wconf 86' lang='lat' dir='ltr'>ad</span> <span class='ocrx_word' id='word_1_6' title='bbox 211 181 495 238; x_wconf 87' lang='lat' dir='ltr'>proeliandum</span> <span class='ocrx_word' id='word_1_7' title='bbox 525 181 685 231; x_wconf 85' lang='lat' dir='ltr'>vident,</span> <span class='ocrx_word' id='word_1_8' title='bbox 718 189 766 220; x_wconf 88' lang='lat' dir='ltr'>ut</span> <span class='ocrx_word' id='word_1_9' title='bbox 793 194 865 220; x_wconf 87' lang='lat' dir='ltr'>eos</span> <span class='ocrx_word' id='word_1_10' title='bbox 894 187 1034 220; x_wconf 85' lang='lat' dir='ltr'>tamen</span> <span class='ocrx_word' id='word_1_11' title='bbox 1066 179 1369 221; x_wconf 80' lang='lat' dir='ltr'>adhortantur:</span> <span class='ocrx_word' id='word_1_12' title='bbox 1403 181 1464 222; x_wconf 85' lang='lat' dir='ltr'>sic</span> 
     </span>
     <span class='ocr_line' id='line_1_3' title="bbox 38 236 1463 295; baseline -0.002 -14"><span class='ocrx_word' id='word_1_13' title='bbox 38 253 120 295; x_wconf 87' lang='lat' dir='ltr'>ego</span> <span class='ocrx_word' id='word_1_14' title='bbox 139 253 214 279; x_wconf 87' lang='lat' dir='ltr'>vos</span> <span class='ocrx_word' id='word_1_15' title='bbox 235 239 430 280; x_wconf 84' lang='lat' dir='ltr'>ardentes</span> <span class='ocrx_word' id='word_1_16' title='bbox 446 250 488 280; x_wconf 86' lang='lat' dir='ltr'>et</span> <span class='ocrx_word' id='word_1_17' title='bbox 506 247 668 278; x_wconf 87' lang='lat' dir='ltr'>erectos</span> <span class='ocrx_word' id='word_1_18' title='bbox 687 237 739 277; x_wconf 87' lang='lat' dir='ltr'>ad</span> <span class='ocrx_word' id='word_1_19' title='bbox 760 236 997 277; x_wconf 87' lang='lat' dir='ltr'>libertatem</span> <span class='ocrx_word' id='word_1_20' title='bbox 1020 237 1366 291; x_wconf 82' lang='lat' dir='ltr'>recuperandam,</span> <span class='ocrx_word' id='word_1_21' title='bbox 1389 252 1463 278; x_wconf 88' lang='lat' dir='ltr'>co-</span> 
     </span>
     <span class='ocr_line' id='line_1_4' title="bbox 37 292 1463 346; baseline -0.001 -10"><span class='ocrx_word' id='word_1_22' title='bbox 37 295 254 336; x_wconf 81' lang='lat' dir='ltr'>hortabor.</span> <span class='ocrx_word' id='word_1_23' title='bbox 315 295 415 336; x_wconf 89' lang='lat' dir='ltr'>Non</span> <span class='ocrx_word' id='word_1_24' title='bbox 445 304 524 346; x_wconf 89' lang='lat' dir='ltr'>est,</span> <span class='ocrx_word' id='word_1_25' title='bbox 550 309 633 334; x_wconf 88' lang='lat' dir='ltr'>non</span> <span class='ocrx_word' id='word_1_26' title='bbox 656 303 721 334; x_wconf 88' lang='lat' dir='ltr'>est</span> <span class='ocrx_word' id='word_1_27' title='bbox 743 293 879 343; x_wconf 88' lang='lat' dir='ltr'>vobis,</span> <span class='ocrx_word' id='word_1_28' title='bbox 911 292 1118 342; x_wconf 73' lang='lat' dir='ltr'>Quirites,</span> <span class='ocrx_word' id='word_1_29' title='bbox 1145 307 1241 333; x_wconf 89' lang='lat' dir='ltr'>cum</span> <span class='ocrx_word' id='word_1_30' title='bbox 1265 308 1315 333; x_wconf 89' lang='lat' dir='ltr'>co</span> <span class='ocrx_word' id='word_1_31' title='bbox 1339 294 1463 335; x_wconf 71' lang='lat' dir='ltr'>hoste</span> 
     </span>
    </p>

    <p class='ocr_par' dir='ltr' id='par_1_2' title="bbox 0 349 1462 407">
     <span class='ocr_line' id='line_1_5' title="bbox 0 349 1462 407; baseline -0.001 -14"><span class='ocrx_word' id='word_1_32' title='bbox 0 365 2 398; x_wconf 86' lang='grc' dir='ltr'>ι</span> <span class='ocrx_word' id='word_1_33' title='bbox 38 361 267 402; x_wconf 88' lang='lat' dir='ltr'>certamen,</span> <span class='ocrx_word' id='word_1_34' title='bbox 295 367 481 407; x_wconf 87' lang='lat' dir='ltr'>quocum</span> <span class='ocrx_word' id='word_1_35' title='bbox 508 351 650 406; x_wconf 84' lang='lat' dir='ltr'>aliqua</span> <span class='ocrx_word' id='word_1_36' title='bbox 674 350 787 406; x_wconf 83' lang='lat' dir='ltr'>pacis</span> <span class='ocrx_word' id='word_1_37' title='bbox 809 349 1001 391; x_wconf 87' lang='lat' dir='ltr'>conditio</span> <span class='ocrx_word' id='word_1_38' title='bbox 1023 362 1112 388; x_wconf 80' lang='lat' dir='ltr'>esse</span> <span class='ocrx_word' id='word_1_39' title='bbox 1144 350 1291 403; x_wconf 66' lang='lat' dir='ltr'>pos&gt;it.</span> <span class='ocrx_word' id='word_1_40' title='bbox 1325 365 1462 405; x_wconf 74' lang='lat' dir='ltr'>neque</span> 
     </span>
    </p>

    <p class='ocr_par' dir='ltr' id='par_1_3' title="bbox 0 405 1462 460">
     <span class='ocr_line' id='line_1_6' title="bbox 0 405 1462 460; baseline -0.001 -11"><span class='ocrx_word' id='word_1_41' title='bbox 0 422 1 433; x_wconf 63' lang='lat'>¹</span> <span class='ocrx_word' id='word_1_42' title='bbox 37 407 149 449; x_wconf 88' lang='lat' dir='ltr'>enim</span> <span class='ocrx_word' id='word_1_43' title='bbox 173 407 240 449; x_wconf 88' lang='lat' dir='ltr'>ille</span> <span class='ocrx_word' id='word_1_44' title='bbox 262 409 508 450; x_wconf 85' lang='lat' dir='ltr'>servitutem</span> <span class='ocrx_word' id='word_1_45' title='bbox 534 417 731 458; x_wconf 86' lang='lat' dir='ltr'>vestram,</span> <span class='ocrx_word' id='word_1_46' title='bbox 762 416 809 448; x_wconf 89' lang='lat' dir='ltr'>ut</span> <span class='ocrx_word' id='word_1_47' title='bbox 837 415 976 456; x_wconf 88' lang='lat' dir='ltr'>antea,</span> <span class='ocrx_word' id='word_1_48' title='bbox 1000 406 1072 446; x_wconf 86' lang='lat' dir='ltr'>sed</span> <span class='ocrx_word' id='word_1_49' title='bbox 1095 406 1185 460; x_wconf 83' lang='lat' dir='ltr'>jam</span> <span class='ocrx_word' id='word_1_50' title='bbox 1214 405 1343 445; x_wconf 66' lang='lat' dir='ltr'>iratus=</span> <span class='ocrx_word' id='word_1_51' title='bbox 1366 422 1462 447; x_wconf 86' lang='lat' dir='ltr'>san-</span> 
     </span>
    </p>

    <p class='ocr_par' dir='ltr' id='par_1_4' title="bbox 0 462 1589 1948">
     <span class='ocr_line' id='line_1_7' title="bbox 0 462 1460 522; baseline -0.001 -18"><span class='ocrx_word' id='word_1_52' title='bbox 0 495 1 504; x_wconf 47' lang='lat'>.</span> <span class='ocrx_word' id='word_1_53' title='bbox 37 464 210 522; x_wconf 85' lang='lat' dir='ltr'>guinem</span> <span class='ocrx_word' id='word_1_54' title='bbox 233 466 516 522; x_wconf 84' lang='lat' dir='ltr'>concupiscit.</span> <span class='ocrx_word' id='word_1_55' title='bbox 549 464 687 506; x_wconf 82' lang='lat' dir='ltr'>nullus</span> <span class='ocrx_word' id='word_1_56' title='bbox 707 464 744 505; x_wconf 92' lang='lat' dir='ltr'>ei</span> <span class='ocrx_word' id='word_1_57' title='bbox 769 463 891 504; x_wconf 87' lang='lat' dir='ltr'>ludus</span> <span class='ocrx_word' id='word_1_58' title='bbox 916 462 1081 503; x_wconf 81' lang='lat' dir='ltr'>videtur</span> <span class='ocrx_word' id='word_1_59' title='bbox 1103 476 1192 503; x_wconf 81' lang='lat' dir='ltr'>essc</span> <span class='ocrx_word' id='word_1_60' title='bbox 1209 462 1460 516; x_wconf 82' lang='lat' dir='ltr'>jucundior,</span> 
     </span>
     <span class='ocr_line' id='line_1_8' title="bbox 36 519 1460 578; baseline -0.001 -16"><span class='ocrx_word' id='word_1_61' title='bbox 36 536 163 577; x_wconf 85' lang='lat' dir='ltr'>quam</span> <span class='ocrx_word' id='word_1_62' title='bbox 185 536 324 574; x_wconf 86' lang='lat' dir='ltr'>cruor,</span> <span class='ocrx_word' id='word_1_63' title='bbox 354 537 481 578; x_wconf 85' lang='lat' dir='ltr'>quam</span> <span class='ocrx_word' id='word_1_64' title='bbox 504 522 657 571; x_wconf 81' lang='lat' dir='ltr'>caedes,</span> <span class='ocrx_word' id='word_1_65' title='bbox 686 536 813 576; x_wconf 88' lang='lat' dir='ltr'>quam</span> <span class='ocrx_word' id='word_1_66' title='bbox 843 531 940 561; x_wconf 86' lang='lat' dir='ltr'>ante</span> <span class='ocrx_word' id='word_1_67' title='bbox 968 519 1115 560; x_wconf 83' lang='lat' dir='ltr'>oculos</span> <span class='ocrx_word' id='word_1_68' title='bbox 1140 519 1369 560; x_wconf 80' lang='lat' dir='ltr'>trucidatio</span> <span class='ocrx_word' id='word_1_69' title='bbox 1400 520 1460 560; x_wconf 87' lang='lat' dir='ltr'>ci-</span> 
     </span>
     <span class='ocr_line' id='line_1_9' title="bbox 37 576 1523 630; baseline -0.001 -12"><span class='ocrx_word' id='word_1_70' title='bbox 37 577 167 619; x_wconf 86' lang='lat' dir='ltr'>vium.</span> <span class='ocrx_word' id='word_1_71' title='bbox 228 579 328 620; x_wconf 87' lang='lat' dir='ltr'>Non</span> <span class='ocrx_word' id='word_1_72' title='bbox 347 590 411 621; x_wconf 87' lang='lat' dir='ltr'>est</span> <span class='ocrx_word' id='word_1_73' title='bbox 436 580 570 630; x_wconf 89' lang='lat' dir='ltr'>vobis,</span> <span class='ocrx_word' id='word_1_74' title='bbox 604 579 809 628; x_wconf 81' lang='lat' dir='ltr'>Quirites,</span> <span class='ocrx_word' id='word_1_75' title='bbox 840 591 902 618; x_wconf 86' lang='lat' dir='ltr'>res</span> <span class='ocrx_word' id='word_1_76' title='bbox 926 591 1022 618; x_wconf 89' lang='lat' dir='ltr'>cum</span> <span class='ocrx_word' id='word_1_77' title='bbox 1053 576 1255 617; x_wconf 80' lang='lat' dir='ltr'>scelerato</span> <span class='ocrx_word' id='word_1_78' title='bbox 1287 576 1459 617; x_wconf 76' lang='lat' dir='ltr'>liominc</span> <span class='ocrx_word' id='word_1_79' title='bbox 1476 593 1523 625; x_wconf 66' lang='lat'>12</span> 
     </span>
     <span class='ocr_line' id='line_1_10' title="bbox 35 632 1458 690; baseline -0.001 -15"><span class='ocrx_word' id='word_1_80' title='bbox 35 643 162 690; x_wconf 88' lang='lat' dir='ltr'>atque</span> <span class='ocrx_word' id='word_1_81' title='bbox 183 635 361 687; x_wconf 86' lang='lat' dir='ltr'>nefario,</span> <span class='ocrx_word' id='word_1_82' title='bbox 383 637 454 678; x_wconf 87' lang='lat' dir='ltr'>sed</span> <span class='ocrx_word' id='word_1_83' title='bbox 485 651 583 678; x_wconf 89' lang='lat' dir='ltr'>cum</span> <span class='ocrx_word' id='word_1_84' title='bbox 604 636 775 676; x_wconf 84' lang='lat' dir='ltr'>immani</span> <span class='ocrx_word' id='word_1_85' title='bbox 802 632 1006 689; x_wconf 81' lang='lat' dir='ltr'>tae&#39;traque</span> <span class='ocrx_word' id='word_1_86' title='bbox 1032 634 1191 674; x_wconf 75' lang='lat' dir='ltr'>bellua:</span> <span class='ocrx_word' id='word_1_87' title='bbox 1226 648 1321 688; x_wconf 64' lang='lat' dir='ltr'>quac</span> <span class='ocrx_word' id='word_1_88' title='bbox 1354 648 1458 687; x_wconf 85' lang='lat' dir='ltr'>quo-</span> 
     </span>
     <span class='ocr_line' id='line_1_11' title="bbox 35 690 1460 743; baseline -0.001 -11"><span class='ocrx_word' id='word_1_89' title='bbox 35 691 149 732; x_wconf 84' lang='lat' dir='ltr'>niam</span> <span class='ocrx_word' id='word_1_90' title='bbox 173 692 214 733; x_wconf 90' lang='lat' dir='ltr'>in</span> <span class='ocrx_word' id='word_1_91' title='bbox 236 692 404 734; x_wconf 89' lang='lat' dir='ltr'>foveam</span> <span class='ocrx_word' id='word_1_92' title='bbox 438 694 602 743; x_wconf 85' lang='lat' dir='ltr'>incidit,</span> <span class='ocrx_word' id='word_1_93' title='bbox 633 693 852 733; x_wconf 84' lang='lat' dir='ltr'>obruatur.</span> <span class='ocrx_word' id='word_1_94' title='bbox 895 691 928 732; x_wconf 87' lang='lat' dir='ltr'>si</span> <span class='ocrx_word' id='word_1_95' title='bbox 951 692 1065 731; x_wconf 75' lang='lat' dir='ltr'>enim</span> <span class='ocrx_word' id='word_1_96' title='bbox 1090 690 1204 731; x_wconf 86' lang='lat' dir='ltr'>illinc</span> <span class='ocrx_word' id='word_1_97' title='bbox 1227 692 1460 742; x_wconf 75' lang='lat' dir='ltr'>emerserit,</span> 
     </span>
     <span class='ocr_line' id='line_1_12' title="bbox 34 748 1461 806; baseline 0.001 -18"><span class='ocrx_word' id='word_1_98' title='bbox 34 748 190 790; x_wconf 91' lang='lat' dir='ltr'>nullius</span> <span class='ocrx_word' id='word_1_99' title='bbox 211 750 410 806; x_wconf 88' lang='lat' dir='ltr'>supplicii</span> <span class='ocrx_word' id='word_1_100' title='bbox 431 750 658 791; x_wconf 85' lang='lat' dir='ltr'>crudelitas</span> <span class='ocrx_word' id='word_1_101' title='bbox 680 750 760 790; x_wconf 88' lang='lat' dir='ltr'>erit</span> <span class='ocrx_word' id='word_1_102' title='bbox 789 749 1036 789; x_wconf 85' lang='lat' dir='ltr'>recusanda.</span> <span class='ocrx_word' id='word_1_103' title='bbox 1068 748 1138 788; x_wconf 82' lang='lat' dir='ltr'>sed</span> <span class='ocrx_word' id='word_1_104' title='bbox 1164 758 1343 799; x_wconf 77' lang='lat' dir='ltr'>tenetur,</span> <span class='ocrx_word' id='word_1_105' title='bbox 1367 762 1461 803; x_wconf 86' lang='lat' dir='ltr'>pre-</span> 
     </span>
     <span class='ocr_line' id='line_1_13' title="bbox 34 805 1460 863; baseline 0.001 -18"><span class='ocrx_word' id='word_1_106' title='bbox 34 805 180 858; x_wconf 81' lang='lat' dir='ltr'>mitur,</span> <span class='ocrx_word' id='word_1_107' title='bbox 212 818 387 863; x_wconf 83' lang='lat' dir='ltr'>urgetur</span> <span class='ocrx_word' id='word_1_108' title='bbox 415 823 528 848; x_wconf 91' lang='lat' dir='ltr'>nunc</span> <span class='ocrx_word' id='word_1_109' title='bbox 551 808 601 848; x_wconf 86' lang='lat' dir='ltr'>iis</span> <span class='ocrx_word' id='word_1_110' title='bbox 623 807 774 861; x_wconf 71' lang='lat' dir='ltr'>copiiS,</span> <span class='ocrx_word' id='word_1_111' title='bbox 796 807 953 860; x_wconf 56' lang='lat' dir='ltr'>‘n&#39;b&#39;quas</span> <span class='ocrx_word' id='word_1_112' title='bbox 977 805 1070 860; x_wconf 85' lang='lat' dir='ltr'>jam</span> <span class='ocrx_word' id='word_1_113' title='bbox 1095 805 1321 845; x_wconf 74' lang='lat' dir='ltr'>habemus:</span> <span class='ocrx_word' id='word_1_114' title='bbox 1357 820 1460 846; x_wconf 79' lang='lat' dir='ltr'>mox</span> 
     </span>
     <span class='ocr_line' id='line_1_14' title="bbox 33 861 1461 920; baseline 0 -18"><span class='ocrx_word' id='word_1_115' title='bbox 33 862 100 912; x_wconf 85' lang='lat' dir='ltr'>iiS,</span> <span class='ocrx_word' id='word_1_116' title='bbox 122 878 226 918; x_wconf 85' lang='lat' dir='ltr'>quas</span> <span class='ocrx_word' id='word_1_117' title='bbox 251 865 396 920; x_wconf 86' lang='lat' dir='ltr'>paucis</span> <span class='ocrx_word' id='word_1_118' title='bbox 417 865 566 904; x_wconf 87' lang='lat' dir='ltr'>diebus</span> <span class='ocrx_word' id='word_1_119' title='bbox 586 864 685 904; x_wconf 81' lang='lat' dir='ltr'>novi</span> <span class='ocrx_word' id='word_1_120' title='bbox 709 862 903 903; x_wconf 75' lang='lat' dir='ltr'>consules</span> <span class='ocrx_word' id='word_1_121' title='bbox 926 863 1252 918; x_wconf 83' lang='lat' dir='ltr'>comparabunt.</span> <span class='ocrx_word' id='word_1_122' title='bbox 1287 861 1461 903; x_wconf 88' lang='lat' dir='ltr'>Incum-</span> 
     </span>
     <span class='ocr_line' id='line_1_15' title="bbox 33 918 1461 974; baseline 0.001 -16"><span class='ocrx_word' id='word_1_123' title='bbox 33 918 124 960; x_wconf 82' lang='lat' dir='ltr'>bite</span> <span class='ocrx_word' id='word_1_124' title='bbox 144 921 184 961; x_wconf 90' lang='lat' dir='ltr'>in</span> <span class='ocrx_word' id='word_1_125' title='bbox 207 935 393 971; x_wconf 82' lang='lat' dir='ltr'>causam,</span> <span class='ocrx_word' id='word_1_126' title='bbox 417 921 623 971; x_wconf 82' lang='lat' dir='ltr'>Quirites,</span> <span class='ocrx_word' id='word_1_127' title='bbox 643 929 690 960; x_wconf 84' lang='lat' dir='ltr'>ut</span> <span class='ocrx_word' id='word_1_128' title='bbox 706 920 861 960; x_wconf 81' lang='lat' dir='ltr'>facitis.</span> <span class='ocrx_word' id='word_1_129' title='bbox 899 919 1144 974; x_wconf 77' lang='lat' dir='ltr'>Numquam</span> <span class='ocrx_word' id='word_1_130' title='bbox 1167 919 1301 974; x_wconf 83' lang='lat' dir='ltr'>major</span> <span class='ocrx_word' id='word_1_131' title='bbox 1322 930 1461 960; x_wconf 80' lang='lat' dir='ltr'>vester</span> 
     </span>
     <span class='ocr_line' id='line_1_16' title="bbox 32 976 1459 1032; baseline 0.001 -16"><span class='ocrx_word' id='word_1_132' title='bbox 32 990 262 1018; x_wconf 86' lang='lat' dir='ltr'>consensus</span> <span class='ocrx_word' id='word_1_133' title='bbox 287 978 328 1018; x_wconf 91' lang='lat' dir='ltr'>in</span> <span class='ocrx_word' id='word_1_134' title='bbox 345 978 425 1018; x_wconf 88' lang='lat' dir='ltr'>ulla</span> <span class='ocrx_word' id='word_1_135' title='bbox 437 993 565 1019; x_wconf 83' lang='lat' dir='ltr'>causa</span> <span class='ocrx_word' id='word_1_136' title='bbox 584 977 686 1019; x_wconf 86' lang='lat' dir='ltr'>fuit:</span> <span class='ocrx_word' id='word_1_137' title='bbox 711 991 944 1032; x_wconf 82' lang='lat' dir='ltr'>numquam</span> <span class='ocrx_word' id='word_1_138' title='bbox 964 987 1048 1016; x_wconf 87' lang='lat' dir='ltr'>tam</span> <span class='ocrx_word' id='word_1_139' title='bbox 1074 976 1344 1017; x_wconf 81' lang='lat' dir='ltr'>vehementer</span> <span class='ocrx_word' id='word_1_140' title='bbox 1360 991 1459 1017; x_wconf 88' lang='lat' dir='ltr'>cum</span> 
     </span>
     <span class='ocr_line' id='line_1_17' title="bbox 33 1034 1461 1089; baseline 0.001 -17"><span class='ocrx_word' id='word_1_141' title='bbox 33 1045 182 1075; x_wconf 76' lang='lat' dir='ltr'>senatu</span> <span class='ocrx_word' id='word_1_142' title='bbox 212 1035 447 1076; x_wconf 87' lang='lat' dir='ltr'>consociati</span> <span class='ocrx_word' id='word_1_143' title='bbox 479 1035 635 1076; x_wconf 81' lang='lat' dir='ltr'>fuistis.</span> <span class='ocrx_word' id='word_1_144' title='bbox 666 1049 744 1075; x_wconf 86' lang='lat' dir='ltr'>nec</span> <span class='ocrx_word' id='word_1_145' title='bbox 768 1035 937 1074; x_wconf 87' lang='lat' dir='ltr'>mirum.</span> <span class='ocrx_word' id='word_1_146' title='bbox 968 1035 1111 1089; x_wconf 83' lang='lat' dir='ltr'>agitur</span> <span class='ocrx_word' id='word_1_147' title='bbox 1131 1034 1242 1074; x_wconf 88' lang='lat' dir='ltr'>enim</span> <span class='ocrx_word' id='word_1_148' title='bbox 1268 1048 1351 1074; x_wconf 90' lang='lat' dir='ltr'>non</span> <span class='ocrx_word' id='word_1_149' title='bbox 1375 1049 1461 1089; x_wconf 81' lang='lat' dir='ltr'>qua.</span> 
     </span>
     <span class='ocr_line' id='line_1_18' title="bbox 31 1091 1458 1147; baseline 0.001 -17"><span class='ocrx_word' id='word_1_150' title='bbox 31 1091 281 1132; x_wconf 84' lang='lat' dir='ltr'>conditione</span> <span class='ocrx_word' id='word_1_151' title='bbox 297 1092 463 1143; x_wconf 82' lang='lat' dir='ltr'>victuri,</span> <span class='ocrx_word' id='word_1_152' title='bbox 485 1093 557 1133; x_wconf 86' lang='lat' dir='ltr'>sed</span> <span class='ocrx_word' id='word_1_153' title='bbox 579 1093 787 1133; x_wconf 85' lang='lat' dir='ltr'>victurine</span> <span class='ocrx_word' id='word_1_154' title='bbox 805 1091 951 1141; x_wconf 88' lang='lat' dir='ltr'>simus,</span> <span class='ocrx_word' id='word_1_155' title='bbox 974 1105 1025 1130; x_wconf 87' lang='lat' dir='ltr'>au</span> <span class='ocrx_word' id='word_1_156' title='bbox 1045 1106 1142 1131; x_wconf 86' lang='lat' dir='ltr'>cum</span> <span class='ocrx_word' id='word_1_157' title='bbox 1162 1091 1372 1146; x_wconf 86' lang='lat' dir='ltr'>supplicio</span> <span class='ocrx_word' id='word_1_158' title='bbox 1394 1092 1458 1147; x_wconf 80' lang='lat' dir='ltr'>ig-</span> 
     </span>
     <span class='ocr_line' id='line_1_19' title="bbox 29 1148 1518 1205; baseline 0.001 -18"><span class='ocrx_word' id='word_1_159' title='bbox 29 1148 306 1203; x_wconf 86' lang='lat' dir='ltr'>nominiaque</span> <span class='ocrx_word' id='word_1_160' title='bbox 328 1150 519 1205; x_wconf 89' lang='lat' dir='ltr'>perituri.</span> <span class='ocrx_word' id='word_1_161' title='bbox 562 1150 834 1203; x_wconf 77' lang='lat' dir='ltr'>Quamquam</span> <span class='ocrx_word' id='word_1_162' title='bbox 857 1158 1035 1188; x_wconf 86' lang='lat' dir='ltr'>mortem</span> <span class='ocrx_word' id='word_1_163' title='bbox 1061 1148 1234 1203; x_wconf 86' lang='lat' dir='ltr'>quidem</span> <span class='ocrx_word' id='word_1_164' title='bbox 1257 1148 1456 1189; x_wconf 85' lang='lat' dir='ltr'>omnibus</span> <span class='ocrx_word' id='word_1_165' title='bbox 1472 1171 1518 1205; x_wconf 70' lang='lat'>13</span> 
     </span>
     <span class='ocr_line' id='line_1_20' title="bbox 30 1205 1457 1261; baseline 0.001 -17"><span class='ocrx_word' id='word_1_166' title='bbox 30 1214 182 1245; x_wconf 87' lang='lat' dir='ltr'>natura</span> <span class='ocrx_word' id='word_1_167' title='bbox 195 1207 443 1261; x_wconf 84' lang='lat' dir='ltr'>proposuit:</span> <span class='ocrx_word' id='word_1_168' title='bbox 467 1207 762 1248; x_wconf 84' lang='lat' dir='ltr'>crudelitatem</span> <span class='ocrx_word' id='word_1_169' title='bbox 781 1205 930 1246; x_wconf 87' lang='lat' dir='ltr'>mortis</span> <span class='ocrx_word' id='word_1_170' title='bbox 949 1216 991 1245; x_wconf 90' lang='lat' dir='ltr'>et</span> <span class='ocrx_word' id='word_1_171' title='bbox 1009 1205 1191 1246; x_wconf 87' lang='lat' dir='ltr'>dedecus</span> <span class='ocrx_word' id='word_1_172' title='bbox 1208 1206 1339 1245; x_wconf 83' lang='lat' dir='ltr'>virtus</span> <span class='ocrx_word' id='word_1_173' title='bbox 1360 1220 1457 1261; x_wconf 89' lang='lat' dir='ltr'>pro-</span> 
     </span>
     <span class='ocr_line' id='line_1_21' title="bbox 32 1261 1457 1320; baseline 0.002 -19"><span class='ocrx_word' id='word_1_174' title='bbox 32 1261 198 1316; x_wconf 86' lang='lat' dir='ltr'>pulsare</span> <span class='ocrx_word' id='word_1_175' title='bbox 216 1263 344 1316; x_wconf 83' lang='lat' dir='ltr'>solet3</span> <span class='ocrx_word' id='word_1_176' title='bbox 367 1278 464 1319; x_wconf 85' lang='lat' dir='ltr'>quae</span> <span class='ocrx_word' id='word_1_177' title='bbox 484 1264 655 1320; x_wconf 85' lang='lat' dir='ltr'>propria</span> <span class='ocrx_word' id='word_1_178' title='bbox 676 1274 740 1304; x_wconf 82' lang='lat' dir='ltr'>cst</span> <span class='ocrx_word' id='word_1_179' title='bbox 761 1266 799 1296; x_wconf 77' lang='lat'>27</span> <span class='ocrx_word' id='word_1_180' title='bbox 817 1262 1002 1303; x_wconf 78' lang='lat' dir='ltr'>Romani</span> <span class='ocrx_word' id='word_1_181' title='bbox 1023 1263 1188 1318; x_wconf 83' lang='lat' dir='ltr'>generis</span> <span class='ocrx_word' id='word_1_182' title='bbox 1209 1273 1251 1303; x_wconf 88' lang='lat' dir='ltr'>et</span> <span class='ocrx_word' id='word_1_183' title='bbox 1269 1264 1457 1304; x_wconf 86' lang='lat' dir='ltr'>seminis.</span> 
     </span>
     <span class='ocr_line' id='line_1_22' title="bbox 30 1317 1459 1376; baseline 0.001 -17"><span class='ocrx_word' id='word_1_184' title='bbox 30 1317 142 1360; x_wconf 87' lang='lat' dir='ltr'>hanc</span> <span class='ocrx_word' id='word_1_185' title='bbox 165 1319 357 1371; x_wconf 88' lang='lat' dir='ltr'>retinete,</span> <span class='ocrx_word' id='word_1_186' title='bbox 379 1336 540 1376; x_wconf 83' lang='lat' dir='ltr'>quaeso,</span> <span class='ocrx_word' id='word_1_187' title='bbox 565 1321 773 1371; x_wconf 75' lang='lat' dir='ltr'>Quirites,</span> <span class='ocrx_word' id='word_1_188' title='bbox 796 1335 925 1375; x_wconf 87' lang='lat' dir='ltr'>quam</span> <span class='ocrx_word' id='word_1_189' title='bbox 950 1320 1070 1360; x_wconf 85' lang='lat' dir='ltr'>vobis</span> <span class='ocrx_word' id='word_1_190' title='bbox 1095 1330 1311 1375; x_wconf 81' lang='lat' dir='ltr'>tamquam</span> <span class='ocrx_word' id='word_1_191' title='bbox 1337 1320 1459 1361; x_wconf 85' lang='lat' dir='ltr'>here-</span> 
     </span>
     <span class='ocr_line' id='line_1_23' title="bbox 30 1374 1460 1433; baseline 0.001 -17"><span class='ocrx_word' id='word_1_192' title='bbox 30 1374 208 1417; x_wconf 88' lang='lat' dir='ltr'>ditatem</span> <span class='ocrx_word' id='word_1_193' title='bbox 231 1378 414 1433; x_wconf 84' lang='lat' dir='ltr'>majores</span> <span class='ocrx_word' id='word_1_194' title='bbox 436 1379 561 1419; x_wconf 80' lang='lat' dir='ltr'>vestri</span> <span class='ocrx_word' id='word_1_195' title='bbox 585 1379 859 1432; x_wconf 89' lang='lat' dir='ltr'>reliquerunt.</span> <span class='ocrx_word' id='word_1_196' title='bbox 882 1378 921 1408; x_wconf 73' lang='lat'>⁶28</span> <span class='ocrx_word' id='word_1_197' title='bbox 935 1392 1195 1432; x_wconf 84' lang='lat' dir='ltr'>quamquam</span> <span class='ocrx_word' id='word_1_198' title='bbox 1217 1378 1298 1418; x_wconf 78' lang='lat' dir='ltr'>alia</span> <span class='ocrx_word' id='word_1_199' title='bbox 1313 1378 1460 1418; x_wconf 87' lang='lat' dir='ltr'>omnia</span> 
     </span>
     <span class='ocr_line' id='line_1_24' title="bbox 28 1431 1456 1488; baseline 0.002 -16"><span class='ocrx_word' id='word_1_200' title='bbox 28 1431 192 1475; x_wconf 85' lang='lat' dir='ltr'>incerta</span> <span class='ocrx_word' id='word_1_201' title='bbox 213 1446 326 1486; x_wconf 85' lang='lat' dir='ltr'>sunt,</span> <span class='ocrx_word' id='word_1_202' title='bbox 357 1436 532 1488; x_wconf 87' lang='lat' dir='ltr'>caduca,</span> <span class='ocrx_word' id='word_1_203' title='bbox 554 1436 755 1476; x_wconf 87' lang='lat' dir='ltr'>mobilia:</span> <span class='ocrx_word' id='word_1_204' title='bbox 789 1435 926 1475; x_wconf 86' lang='lat' dir='ltr'>virtus</span> <span class='ocrx_word' id='word_1_205' title='bbox 948 1445 1012 1474; x_wconf 77' lang='lat' dir='ltr'>est</span> <span class='ocrx_word' id='word_1_206' title='bbox 1035 1449 1118 1475; x_wconf 89' lang='lat' dir='ltr'>una</span> <span class='ocrx_word' id='word_1_207' title='bbox 1138 1433 1354 1475; x_wconf 83' lang='lat' dir='ltr'>altissimis</span> <span class='ocrx_word' id='word_1_208' title='bbox 1384 1435 1456 1475; x_wconf 90' lang='lat' dir='ltr'>dc-</span> 
     </span>
     <span class='ocr_line' id='line_1_25' title="bbox 27 1488 1455 1548; baseline 0.001 -18"><span class='ocrx_word' id='word_1_209' title='bbox 27 1488 117 1530; x_wconf 83' lang='lat' dir='ltr'>fixa</span> <span class='ocrx_word' id='word_1_210' title='bbox 148 1491 387 1534; x_wconf 86' lang='lat' dir='ltr'>radicibus:</span> <span class='ocrx_word' id='word_1_211' title='bbox 427 1508 522 1548; x_wconf 82' lang='lat' dir='ltr'>quae</span> <span class='ocrx_word' id='word_1_212' title='bbox 556 1507 789 1548; x_wconf 87' lang='lat' dir='ltr'>numquam</span> <span class='ocrx_word' id='word_1_213' title='bbox 825 1491 909 1532; x_wconf 83' lang='lat' dir='ltr'>ulla</span> <span class='ocrx_word' id='word_1_214' title='bbox 941 1492 980 1532; x_wconf 87' lang='lat' dir='ltr'>vi</span> <span class='ocrx_word' id='word_1_215' title='bbox 1012 1491 1260 1532; x_wconf 82' lang='lat' dir='ltr'>labefactari</span> <span class='ocrx_word' id='word_1_216' title='bbox 1298 1502 1455 1547; x_wconf 88' lang='lat' dir='ltr'>potest,</span> 
     </span>
     <span class='ocr_line' id='line_1_26' title="bbox 29 1549 1457 1604; baseline 0.001 -17"><span class='ocrx_word' id='word_1_217' title='bbox 29 1561 264 1603; x_wconf 87' lang='lat' dir='ltr'>numquam</span> <span class='ocrx_word' id='word_1_218' title='bbox 287 1549 502 1590; x_wconf 86' lang='lat' dir='ltr'>demoveri</span> <span class='ocrx_word' id='word_1_219' title='bbox 526 1550 634 1591; x_wconf 90' lang='lat' dir='ltr'>loco.</span> <span class='ocrx_word' id='word_1_220' title='bbox 698 1549 794 1590; x_wconf 88' lang='lat' dir='ltr'>Hac</span> <span class='ocrx_word' id='word_1_221' title='bbox 820 1549 976 1589; x_wconf 83' lang='lat' dir='ltr'>virtute</span> <span class='ocrx_word' id='word_1_222' title='bbox 1005 1549 1188 1603; x_wconf 82' lang='lat' dir='ltr'>majores</span> <span class='ocrx_word' id='word_1_223' title='bbox 1213 1549 1337 1589; x_wconf 83' lang='lat' dir='ltr'>vestri</span> <span class='ocrx_word' id='word_1_224' title='bbox 1370 1549 1457 1604; x_wconf 90' lang='lat' dir='ltr'>pri-</span> 
     </span>
     <span class='ocr_line' id='line_1_27' title="bbox 29 1605 1455 1662; baseline 0.001 -18"><span class='ocrx_word' id='word_1_225' title='bbox 29 1617 147 1645; x_wconf 89' lang='lat' dir='ltr'>mum</span> <span class='ocrx_word' id='word_1_226' title='bbox 183 1606 420 1648; x_wconf 86' lang='lat' dir='ltr'>universam</span> <span class='ocrx_word' id='word_1_227' title='bbox 456 1606 624 1648; x_wconf 86' lang='lat' dir='ltr'>Italiam</span> <span class='ocrx_word' id='word_1_228' title='bbox 656 1607 923 1656; x_wconf 83' lang='lat' dir='ltr'>devicerunt,</span> <span class='ocrx_word' id='word_1_229' title='bbox 960 1606 1114 1647; x_wconf 89' lang='lat' dir='ltr'>deinde</span> <span class='ocrx_word' id='word_1_230' title='bbox 1142 1605 1455 1662; x_wconf 84' lang='lat' dir='ltr'>Karthaginem</span> 
     </span>
     <span class='ocr_line' id='line_1_28' title="bbox 29 1662 1589 1725; baseline 0.001 -24"><span class='ocrx_word' id='word_1_231' title='bbox 29 1662 318 1715; x_wconf 87' lang='lat' dir='ltr'>exsciderunt,</span> <span class='ocrx_word' id='word_1_232' title='bbox 353 1664 633 1705; x_wconf 84' lang='lat' dir='ltr'>Numantiam</span> <span class='ocrx_word' id='word_1_233' title='bbox 672 1673 930 1713; x_wconf 83' lang='lat' dir='ltr'>everterunt,</span> <span class='ocrx_word' id='word_1_234' title='bbox 960 1663 1281 1718; x_wconf 83' lang='lat' dir='ltr'>potentissimos</span> <span class='ocrx_word' id='word_1_235' title='bbox 1320 1677 1500 1725; x_wconf 45' lang='lat' dir='ltr'>regesq„</span> <span class='ocrx_word' id='word_1_236' title='bbox 1520 1689 1589 1721; x_wconf 65' lang='lat'>194.</span> 
     </span>
     <span class='ocr_line' id='line_1_29' title="bbox 31 1717 1498 1777; baseline 0.001 -19"><span class='ocrx_word' id='word_1_237' title='bbox 31 1717 373 1762; x_wconf 85' lang='lat' dir='ltr'>bellicosissimas</span> <span class='ocrx_word' id='word_1_238' title='bbox 404 1732 567 1777; x_wconf 84' lang='lat' dir='ltr'>gentes,</span> <span class='ocrx_word' id='word_1_239' title='bbox 600 1722 644 1762; x_wconf 90' lang='lat' dir='ltr'>in</span> <span class='ocrx_word' id='word_1_240' title='bbox 677 1721 886 1762; x_wconf 88' lang='lat' dir='ltr'>ditionem</span> <span class='ocrx_word' id='word_1_241' title='bbox 923 1720 1049 1775; x_wconf 85' lang='lat' dir='ltr'>hujus</span> <span class='ocrx_word' id='word_1_242' title='bbox 1082 1721 1251 1775; x_wconf 89' lang='lat' dir='ltr'>imperii</span> <span class='ocrx_word' id='word_1_243' title='bbox 1281 1721 1498 1776; x_wconf 82' lang='lat' dir='ltr'>redege-a.</span> 
     </span>
     <span class='ocr_line' id='line_1_30' title="bbox 27 1775 1503 1839; baseline 0.002 -24"><span class='ocrx_word' id='word_1_244' title='bbox 27 1785 141 1817; x_wconf 83' lang='lat' dir='ltr'>runt.</span> <span class='ocrx_word' id='word_1_245' title='bbox 200 1775 267 1818; x_wconf 92' lang='lat' dir='ltr'>Ac</span> <span class='ocrx_word' id='word_1_246' title='bbox 299 1778 533 1833; x_wconf 87' lang='lat' dir='ltr'>majoribus</span> <span class='ocrx_word' id='word_1_247' title='bbox 567 1779 740 1834; x_wconf 89' lang='lat' dir='ltr'>quidem</span> <span class='ocrx_word' id='word_1_248' title='bbox 775 1778 938 1828; x_wconf 87' lang='lat' dir='ltr'>vestris,</span> <span class='ocrx_word' id='word_1_249' title='bbox 979 1778 1186 1830; x_wconf 79' lang='lat' dir='ltr'>Quirites,</span> <span class='ocrx_word' id='word_1_250' title='bbox 1219 1780 1370 1818; x_wconf 68' lang='lat' dir='ltr'>29cum</span> <span class='ocrx_word' id='word_1_251' title='bbox 1403 1786 1503 1839; x_wconf 65' lang='lat'>&lt;206</span> 
     </span>
     <span class='ocr_line' id='line_1_31' title="bbox 25 1830 1519 1897; baseline 0.001 -24"><span class='ocrx_word' id='word_1_252' title='bbox 25 1830 152 1874; x_wconf 88' lang='lat' dir='ltr'>hoste</span> <span class='ocrx_word' id='word_1_253' title='bbox 172 1847 237 1875; x_wconf 87' lang='lat' dir='ltr'>res</span> <span class='ocrx_word' id='word_1_254' title='bbox 255 1845 359 1887; x_wconf 88' lang='lat' dir='ltr'>erat,</span> <span class='ocrx_word' id='word_1_255' title='bbox 380 1835 453 1890; x_wconf 92' lang='lat' dir='ltr'>qui</span> <span class='ocrx_word' id='word_1_256' title='bbox 475 1836 652 1876; x_wconf 88' lang='lat' dir='ltr'>haberet</span> <span class='ocrx_word' id='word_1_257' title='bbox 682 1835 1004 1891; x_wconf 80' lang='lat' dir='ltr'>rempublicam,</span> <span class='ocrx_word' id='word_1_258' title='bbox 1034 1836 1212 1885; x_wconf 83' lang='lat' dir='ltr'>curiam,</span> <span class='ocrx_word' id='word_1_259' title='bbox 1243 1835 1454 1886; x_wconf 83' lang='lat' dir='ltr'>aerarium,</span> <span class='ocrx_word' id='word_1_260' title='bbox 1471 1864 1519 1897; x_wconf 62' lang='grc' dir='ltr'>Η</span> 
     </span>
     <span class='ocr_line' id='line_1_32' title="bbox 27 1892 1454 1948; baseline 0.001 -18"><span class='ocrx_word' id='word_1_261' title='bbox 27 1903 280 1932; x_wconf 85' lang='lat' dir='ltr'>consensum</span> <span class='ocrx_word' id='word_1_262' title='bbox 304 1901 348 1933; x_wconf 90' lang='lat' dir='ltr'>et</span> <span class='ocrx_word' id='word_1_263' title='bbox 367 1893 642 1934; x_wconf 86' lang='lat' dir='ltr'>concordiam</span> <span class='ocrx_word' id='word_1_264' title='bbox 664 1892 840 1944; x_wconf 87' lang='lat' dir='ltr'>civium,</span> <span class='ocrx_word' id='word_1_265' title='bbox 862 1893 1072 1933; x_wconf 84' lang='lat' dir='ltr'>rationem</span> <span class='ocrx_word' id='word_1_266' title='bbox 1095 1892 1296 1948; x_wconf 85' lang='lat' dir='ltr'>aliquam,</span> <span class='ocrx_word' id='word_1_267' title='bbox 1328 1892 1362 1933; x_wconf 89' lang='lat' dir='ltr'>si</span> <span class='ocrx_word' id='word_1_268' title='bbox 1391 1906 1454 1933; x_wconf 84' lang='lat' dir='ltr'>res</span> 
     </span>
    </p>
   </div>
   <div class='ocr_carea' id='block_1_2' title="bbox 18 2020 721 2866">
    <p class='ocr_par' dir='ltr' id='par_1_5' title="bbox 23 2020 721 2401">
     <span class='ocr_line' id='line_1_33' title="bbox 25 2020 719 2060; baseline 0.006 -10"><span class='ocrx_word' id='word_1_269' title='bbox 25 2020 251 2060; x_wconf 74' lang='lat' dir='ltr'>corrigendum</span> <span class='ocrx_word' id='word_1_270' title='bbox 274 2032 342 2054; x_wconf 84' lang='lat' dir='ltr'>esse</span> <span class='ocrx_word' id='word_1_271' title='bbox 361 2023 470 2054; x_wconf 81' lang='lat' dir='ltr'>vident</span> <span class='ocrx_word' id='word_1_272' title='bbox 491 2028 526 2054; x_wconf 81' lang='lat' dir='ltr'>et.</span> <span class='ocrx_word' id='word_1_273' title='bbox 540 2024 719 2054; x_wconf 74' lang='lat' dir='ltr'>adhortan-</span> 
     </span>
     <span class='ocr_line' id='line_1_34' title="bbox 25 2066 720 2105; baseline 0.006 -13"><span class='ocrx_word' id='word_1_274' title='bbox 25 2067 103 2093; x_wconf 77' lang='lat' dir='ltr'>tur.-</span> <span class='ocrx_word' id='word_1_275' title='bbox 131 2073 208 2094; x_wconf 89' lang='lat' dir='ltr'>nam</span> <span class='ocrx_word' id='word_1_276' title='bbox 232 2074 299 2096; x_wconf 87' lang='lat' dir='ltr'>non</span> <span class='ocrx_word' id='word_1_277' title='bbox 322 2071 372 2096; x_wconf 88' lang='lat' dir='ltr'>est</span> <span class='ocrx_word' id='word_1_278' title='bbox 394 2066 525 2105; x_wconf 82' lang='lat' dir='ltr'>obliqua</span> <span class='ocrx_word' id='word_1_279' title='bbox 539 2067 657 2101; x_wconf 88' lang='lat' dir='ltr'>oratio,</span> <span class='ocrx_word' id='word_1_280' title='bbox 681 2073 720 2096; x_wconf 91' lang='lat' dir='ltr'>ut</span> 
     </span>
     <span class='ocr_line' id='line_1_35' title="bbox 26 2106 719 2153; baseline 0.006 -19"><span class='ocrx_word' id='word_1_281' title='bbox 26 2114 225 2153; x_wconf 55' lang='lat' dir='ltr'>quamquam</span> <span class='ocrx_word' id='word_1_282' title='bbox 247 2106 365 2139; x_wconf 77' lang='lat' dir='ltr'>habere</span> <span class='ocrx_word' id='word_1_283' title='bbox 381 2108 627 2149; x_wconf 82' lang='lat' dir='ltr'>conjunctivum</span> <span class='ocrx_word' id='word_1_284' title='bbox 647 2117 719 2148; x_wconf 85' lang='lat' dir='ltr'>pos-</span> 
     </span>
     <span class='ocr_line' id='line_1_36' title="bbox 23 2150 721 2191; baseline 0.004 -14"><span class='ocrx_word' id='word_1_285' title='bbox 23 2151 86 2177; x_wconf 72' lang='lat' dir='ltr'>tit:</span> <span class='ocrx_word' id='word_1_286' title='bbox 121 2155 156 2180; x_wconf 85' lang='lat' dir='ltr'>et</span> <span class='ocrx_word' id='word_1_287' title='bbox 191 2153 229 2179; x_wconf 79' lang='lat' dir='ltr'>ut</span> <span class='ocrx_word' id='word_1_288' title='bbox 254 2155 305 2179; x_wconf 77' lang='lat' dir='ltr'>est</span> <span class='ocrx_word' id='word_1_289' title='bbox 339 2152 610 2191; x_wconf 78' lang='lat' dir='ltr'>comparativum.</span> <span class='ocrx_word' id='word_1_290' title='bbox 666 2150 721 2180; x_wconf 86' lang='lat' dir='ltr'>Li-</span> 
     </span>
     <span class='ocr_line' id='line_1_37' title="bbox 27 2189 720 2232; baseline 0.006 -13"><span class='ocrx_word' id='word_1_291' title='bbox 27 2189 124 2220; x_wconf 85' lang='lat' dir='ltr'>brarii</span> <span class='ocrx_word' id='word_1_292' title='bbox 165 2196 325 2230; x_wconf 82' lang='lat' dir='ltr'>putarunt</span> <span class='ocrx_word' id='word_1_293' title='bbox 363 2202 431 2223; x_wconf 80' lang='lat' dir='ltr'>esse</span> <span class='ocrx_word' id='word_1_294' title='bbox 458 2202 602 2229; x_wconf 83' lang='lat' dir='ltr'>causam,</span> <span class='ocrx_word' id='word_1_295' title='bbox 634 2192 720 2232; x_wconf 89' lang='lat' dir='ltr'>quod</span> 
     </span>
     <span class='ocr_line' id='line_1_38' title="bbox 26 2233 720 2274; baseline 0.004 -13"><span class='ocrx_word' id='word_1_296' title='bbox 26 2233 273 2271; x_wconf 79' lang='lat' dir='ltr'>conjunctivum</span> <span class='ocrx_word' id='word_1_297' title='bbox 297 2235 461 2274; x_wconf 86' lang='lat' dir='ltr'>postulat:</span> <span class='ocrx_word' id='word_1_298' title='bbox 490 2234 575 2274; x_wconf 89' lang='lat' dir='ltr'>quod</span> <span class='ocrx_word' id='word_1_299' title='bbox 598 2235 650 2265; x_wconf 82' lang='lat' dir='ltr'>hic</span> <span class='ocrx_word' id='word_1_300' title='bbox 672 2234 720 2264; x_wconf 90' lang='lat' dir='ltr'>lo-</span> 
     </span>
     <span class='ocr_line' id='line_1_39' title="bbox 27 2275 721 2318; baseline 0.007 -15"><span class='ocrx_word' id='word_1_301' title='bbox 27 2282 101 2304; x_wconf 84' lang='lat' dir='ltr'>cum</span> <span class='ocrx_word' id='word_1_302' title='bbox 129 2284 194 2306; x_wconf 87' lang='lat' dir='ltr'>non</span> <span class='ocrx_word' id='word_1_303' title='bbox 223 2275 332 2306; x_wconf 86' lang='lat' dir='ltr'>habet.</span> <span class='ocrx_word' id='word_1_304' title='bbox 379 2277 466 2318; x_wconf 72' lang='lat' dir='ltr'>Quia</span> <span class='ocrx_word' id='word_1_305' title='bbox 491 2278 537 2308; x_wconf 83' lang='lat' dir='ltr'>sic</span> <span class='ocrx_word' id='word_1_306' title='bbox 565 2283 615 2307; x_wconf 88' lang='lat' dir='ltr'>est</span> <span class='ocrx_word' id='word_1_307' title='bbox 639 2276 721 2308; x_wconf 87' lang='lat' dir='ltr'>illud</span> 
     </span>
     <span class='ocr_line' id='line_1_40' title="bbox 23 2315 721 2359; baseline 0.006 -14"><span class='ocrx_word' id='word_1_308' title='bbox 23 2315 60 2345; x_wconf 78' lang='lat' dir='ltr'>in</span> <span class='ocrx_word' id='word_1_309' title='bbox 89 2317 151 2348; x_wconf 90' lang='lat' dir='ltr'>Ms.</span> <span class='ocrx_word' id='word_1_310' title='bbox 180 2318 290 2358; x_wconf 85' lang='lat' dir='ltr'>Huyd.</span> <span class='ocrx_word' id='word_1_311' title='bbox 319 2318 381 2349; x_wconf 87' lang='lat' dir='ltr'>hoc</span> <span class='ocrx_word' id='word_1_312' title='bbox 411 2320 445 2349; x_wconf 90' lang='lat' dir='ltr'>in</span> <span class='ocrx_word' id='word_1_313' title='bbox 483 2319 562 2349; x_wconf 79' lang='lat' dir='ltr'>Mss.</span> <span class='ocrx_word' id='word_1_314' title='bbox 601 2319 721 2359; x_wconf 84' lang='lat' dir='ltr'>reperit</span> 
     </span>
     <span class='ocr_line' id='line_1_41' title="bbox 23 2353 719 2401; baseline 0.006 -13"><span class='ocrx_word' id='word_1_315' title='bbox 23 2353 200 2397; x_wconf 72' lang='lat' dir='ltr'>Ferrarius,</span> <span class='ocrx_word' id='word_1_316' title='bbox 216 2361 335 2401; x_wconf 85' lang='lat' dir='ltr'>recepi.</span> <span class='ocrx_word' id='word_1_317' title='bbox 363 2361 391 2392; x_wconf 91' lang='lat' dir='ltr'><strong>A</strong></span> <span class='ocrx_word' id='word_1_318' title='bbox 407 2362 468 2392; x_wconf 86' lang='lat' dir='ltr'>Ms.</span> <span class='ocrx_word' id='word_1_319' title='bbox 485 2362 548 2392; x_wconf 91' lang='lat' dir='ltr'>Gu.</span> <span class='ocrx_word' id='word_1_320' title='bbox 563 2361 655 2392; x_wconf 84' lang='lat' dir='ltr'>abest</span> <span class='ocrx_word' id='word_1_321' title='bbox 671 2366 719 2392; x_wconf 81' lang='lat' dir='ltr'>ut.</span> 
     </span>
    </p>

    <p class='ocr_par' dir='ltr' id='par_1_6' title="bbox 21 2402 719 2695">
     <span class='ocr_line' id='line_1_42' title="bbox 65 2402 719 2444; baseline 0.002 -12"><span class='ocrx_word' id='word_1_322' title='bbox 65 2402 106 2432; x_wconf 73' lang='lat'>26</span> <span class='ocrx_word' id='word_1_323' title='bbox 137 2413 219 2442; x_wconf 81' lang='lat' dir='ltr'>quas</span> <span class='ocrx_word' id='word_1_324' title='bbox 244 2403 324 2442; x_wconf 82' lang='lat' dir='ltr'>jam</span> <span class='ocrx_word' id='word_1_325' title='bbox 365 2404 532 2444; x_wconf 75' lang='lat' dir='ltr'>habemus]</span> <span class='ocrx_word' id='word_1_326' title='bbox 587 2403 719 2435; x_wconf 58' lang='lat' dir='ltr'>Deles-it</span> 
     </span>
     <span class='ocr_line' id='line_1_43' title="bbox 22 2442 718 2487; baseline 0 -13"><span class='ocrx_word' id='word_1_327' title='bbox 22 2442 254 2486; x_wconf 78' lang='lat' dir='ltr'>Graeviusjam</span> <span class='ocrx_word' id='word_1_328' title='bbox 271 2455 347 2476; x_wconf 88' lang='lat' dir='ltr'>cum</span> <span class='ocrx_word' id='word_1_329' title='bbox 373 2446 461 2476; x_wconf 76' lang='lat' dir='ltr'>aliiS:</span> <span class='ocrx_word' id='word_1_330' title='bbox 485 2447 560 2484; x_wconf 80' lang='lat' dir='ltr'>quia</span> <span class='ocrx_word' id='word_1_331' title='bbox 586 2455 718 2487; x_wconf 84' lang='lat' dir='ltr'>respon—</span> 
     </span>
     <span class='ocr_line' id='line_1_44' title="bbox 22 2484 718 2528; baseline 0.006 -13"><span class='ocrx_word' id='word_1_332' title='bbox 22 2484 78 2516; x_wconf 86' lang='lat' dir='ltr'>det</span> <span class='ocrx_word' id='word_1_333' title='bbox 108 2489 166 2520; x_wconf 68' lang='grc' dir='ltr'>τοῖς</span> <span class='ocrx_word' id='word_1_334' title='bbox 189 2489 309 2527; x_wconf 67' lang='lat' dir='ltr'>pauc-is</span> <span class='ocrx_word' id='word_1_335' title='bbox 335 2488 456 2525; x_wconf 78' lang='lat' dir='ltr'>diebus,</span> <span class='ocrx_word' id='word_1_336' title='bbox 494 2494 530 2518; x_wconf 90' lang='lat' dir='ltr'>ut</span> <span class='ocrx_word' id='word_1_337' title='bbox 558 2498 647 2519; x_wconf 81' lang='lat' dir='ltr'>nunc</span> <span class='ocrx_word' id='word_1_338' title='bbox 676 2490 718 2528; x_wconf 62' lang='grc' dir='ltr'>τῆ</span> 
     </span>
     <span class='ocr_line' id='line_1_45' title="bbox 25 2530 716 2570; baseline 0.009 -14"><span class='ocrx_word' id='word_1_339' title='bbox 25 2535 110 2566; x_wconf 68' lang='lat' dir='ltr'>mor,</span> <span class='ocrx_word' id='word_1_340' title='bbox 129 2531 266 2562; x_wconf 81' lang='lat' dir='ltr'>servavi.</span> <span class='ocrx_word' id='word_1_341' title='bbox 323 2531 401 2560; x_wconf 83' lang='lat' dir='ltr'>Mox</span> <span class='ocrx_word' id='word_1_342' title='bbox 427 2531 492 2562; x_wconf 71' lang='grc' dir='ltr'>ΜΞ.</span> <span class='ocrx_word' id='word_1_343' title='bbox 521 2530 630 2570; x_wconf 83' lang='lat' dir='ltr'>Huyd.</span> <span class='ocrx_word' id='word_1_344' title='bbox 659 2530 716 2562; x_wconf 88' lang='lat' dir='ltr'>ha-</span> 
     </span>
     <span class='ocr_line' id='line_1_46' title="bbox 22 2567 714 2612; baseline 0.007 -13"><span class='ocrx_word' id='word_1_345' title='bbox 22 2567 90 2607; x_wconf 87' lang='lat' dir='ltr'>bet,</span> <span class='ocrx_word' id='word_1_346' title='bbox 104 2581 185 2611; x_wconf 80' lang='lat' dir='ltr'>quas</span> <span class='ocrx_word' id='word_1_347' title='bbox 206 2573 245 2603; x_wconf 87' lang='lat' dir='ltr'>de</span> <span class='ocrx_word' id='word_1_348' title='bbox 267 2573 451 2612; x_wconf 78' lang='lat' dir='ltr'>municipiis</span> <span class='ocrx_word' id='word_1_349' title='bbox 472 2575 546 2603; x_wconf 66' lang='lat' dir='ltr'>nom*</span> <span class='ocrx_word' id='word_1_350' title='bbox 559 2575 714 2611; x_wconf 78' lang='lat' dir='ltr'>eonsules,</span> 
     </span>
     <span class='ocr_line' id='line_1_47' title="bbox 22 2614 715 2652; baseline 0.006 -10"><span class='ocrx_word' id='word_1_351' title='bbox 22 2616 60 2642; x_wconf 85' lang='lat' dir='ltr'>ut</span> <span class='ocrx_word' id='word_1_352' title='bbox 72 2614 202 2652; x_wconf 79' lang='lat' dir='ltr'>quidam</span> <span class='ocrx_word' id='word_1_353' title='bbox 223 2614 290 2645; x_wconf 88' lang='lat' dir='ltr'>alii.</span> <span class='ocrx_word' id='word_1_354' title='bbox 310 2624 377 2645; x_wconf 88' lang='lat' dir='ltr'>non</span> <span class='ocrx_word' id='word_1_355' title='bbox 390 2614 518 2646; x_wconf 86' lang='lat' dir='ltr'>videtur</span> <span class='ocrx_word' id='word_1_356' title='bbox 532 2624 600 2646; x_wconf 81' lang='lat' dir='ltr'>esse</span> <span class='ocrx_word' id='word_1_357' title='bbox 617 2615 715 2646; x_wconf 87' lang='lat' dir='ltr'>libra·</span> 
     </span>
     <span class='ocr_line' id='line_1_48' title="bbox 21 2653 348 2695; baseline 0.006 -10"><span class='ocrx_word' id='word_1_358' title='bbox 21 2653 61 2685; x_wconf 84' lang='lat' dir='ltr'>rii</span> <span class='ocrx_word' id='word_1_359' title='bbox 75 2661 133 2686; x_wconf 85' lang='lat' dir='ltr'>aut</span> <span class='ocrx_word' id='word_1_360' title='bbox 147 2655 348 2695; x_wconf 78' lang='lat' dir='ltr'>glossatoris,</span> 
     </span>
    </p>

    <p class='ocr_par' dir='ltr' id='par_1_7' title="bbox 18 2698 714 2866">
     <span class='ocr_line' id='line_1_49' title="bbox 61 2698 714 2738; baseline 0.003 -11"><span class='ocrx_word' id='word_1_361' title='bbox 61 2699 100 2731; x_wconf 80' lang='lat'>27</span> <span class='ocrx_word' id='word_1_362' title='bbox 123 2698 219 2730; x_wconf 84' lang='lat' dir='ltr'>Rom.</span> <span class='ocrx_word' id='word_1_363' title='bbox 232 2700 363 2737; x_wconf 76' lang='lat' dir='ltr'>generis</span> <span class='ocrx_word' id='word_1_364' title='bbox 383 2708 423 2729; x_wconf 82' lang='lat' dir='ltr'>ac</span> <span class='ocrx_word' id='word_1_365' title='bbox 437 2698 582 2738; x_wconf 73' lang='lat' dir='ltr'>seminis]</span> <span class='ocrx_word' id='word_1_366' title='bbox 609 2698 714 2730; x_wconf 73' lang='lat' dir='ltr'>Semi-</span> 
     </span>
     <span class='ocr_line' id='line_1_50' title="bbox 18 2738 714 2781; baseline 0.004 -13"><span class='ocrx_word' id='word_1_367' title='bbox 18 2738 70 2768; x_wconf 82' lang='lat' dir='ltr'>m&#39;s</span> <span class='ocrx_word' id='word_1_368' title='bbox 83 2741 246 2779; x_wconf 66' lang='lat' dir='ltr'>poeticum</span> <span class='ocrx_word' id='word_1_369' title='bbox 267 2746 326 2772; x_wconf 84' lang='lat' dir='ltr'>est.</span> <span class='ocrx_word' id='word_1_370' title='bbox 371 2742 630 2781; x_wconf 75' lang='lat' dir='ltr'>conjunguntur</span> <span class='ocrx_word' id='word_1_371' title='bbox 643 2741 714 2771; x_wconf 84' lang='lat' dir='ltr'>haee</span> 
     </span>
     <span class='ocr_line' id='line_1_51' title="bbox 20 2781 714 2823; baseline 0.007 -14"><span class='ocrx_word' id='word_1_372' title='bbox 20 2781 117 2812; x_wconf 86' lang='lat' dir='ltr'>verba</span> <span class='ocrx_word' id='word_1_373' title='bbox 134 2782 264 2821; x_wconf 87' lang='lat' dir='ltr'>quidem</span> <span class='ocrx_word' id='word_1_374' title='bbox 287 2785 387 2814; x_wconf 79' lang='lat' dir='ltr'>etiam</span> <span class='ocrx_word' id='word_1_375' title='bbox 411 2784 490 2823; x_wconf 78' lang='lat' dir='ltr'>Agr.</span> <span class='ocrx_word' id='word_1_376' title='bbox 515 2783 560 2820; x_wconf 90' lang='lat'>11,</span> <span class='ocrx_word' id='word_1_377' title='bbox 583 2786 635 2814; x_wconf 84' lang='lat'>35.</span> <span class='ocrx_word' id='word_1_378' title='bbox 658 2783 714 2813; x_wconf 86' lang='lat' dir='ltr'>sed</span> 
     </span>
     <span class='ocr_line' id='line_1_52' title="bbox 19 2820 712 2866; baseline 0.004 -14"><span class='ocrx_word' id='word_1_379' title='bbox 19 2820 64 2853; x_wconf 78' lang='lat' dir='ltr'>ibi</span> <span class='ocrx_word' id='word_1_380' title='bbox 79 2830 128 2864; x_wconf 65' lang='lat' dir='ltr'>est</span> <span class='ocrx_word' id='word_1_381' title='bbox 142 2833 163 2855; x_wconf 84' lang='lat' dir='ltr'>a</span> <span class='ocrx_word' id='word_1_382' title='bbox 176 2826 276 2865; x_wconf 61' lang='lat' dir='ltr'>stirpe</span> <span class='ocrx_word' id='word_1_383' title='bbox 286 2826 418 2866; x_wconf 72' lang='lat' dir='ltr'>generis</span> <span class='ocrx_word' id='word_1_384' title='bbox 431 2836 470 2856; x_wconf 72' lang='grc' dir='ltr'>αι’</span> <span class='ocrx_word' id='word_1_385' title='bbox 483 2826 633 2864; x_wconf 74' lang='lat' dir='ltr'>semim‘e3</span> <span class='ocrx_word' id='word_1_386' title='bbox 657 2825 712 2855; x_wconf 85' lang='lat' dir='ltr'>ubi</span> 
     </span>
    </p>
   </div>
   <div class='ocr_carea' id='block_1_3' title="bbox 756 2023 1506 2813">
    <p class='ocr_par' dir='ltr' id='par_1_8' title="bbox 761 2023 1457 2189">
     <span class='ocr_line' id='line_1_53' title="bbox 761 2023 1456 2063; baseline 0.001 -10"><span class='ocrx_word' id='word_1_387' title='bbox 761 2027 896 2063; x_wconf 81' lang='lat' dir='ltr'>propter</span> <span class='ocrx_word' id='word_1_388' title='bbox 921 2024 1032 2062; x_wconf 69' lang='lat' dir='ltr'>stirpis</span> <span class='ocrx_word' id='word_1_389' title='bbox 1054 2023 1186 2054; x_wconf 77' lang='lat' dir='ltr'>verbum</span> <span class='ocrx_word' id='word_1_390' title='bbox 1208 2023 1318 2054; x_wconf 88' lang='lat' dir='ltr'>locum</span> <span class='ocrx_word' id='word_1_391' title='bbox 1346 2023 1456 2054; x_wconf 84' lang='lat' dir='ltr'>habet.</span> 
     </span>
     <span class='ocr_line' id='line_1_54' title="bbox 763 2066 1456 2104; baseline 0.004 -10"><span class='ocrx_word' id='word_1_392' title='bbox 763 2066 880 2095; x_wconf 85' lang='lat' dir='ltr'>Putem</span> <span class='ocrx_word' id='word_1_393' title='bbox 897 2075 1008 2095; x_wconf 80' lang='lat' dir='ltr'>verum</span> <span class='ocrx_word' id='word_1_394' title='bbox 1023 2075 1090 2095; x_wconf 70' lang='lat' dir='ltr'>esse</span> <span class='ocrx_word' id='word_1_395' title='bbox 1103 2067 1233 2104; x_wconf 75' lang='lat' dir='ltr'>generis</span> <span class='ocrx_word' id='word_1_396' title='bbox 1248 2076 1288 2096; x_wconf 84' lang='lat' dir='ltr'>ac</span> <span class='ocrx_word' id='word_1_397' title='bbox 1305 2067 1456 2097; x_wconf 80' lang='lat' dir='ltr'>nominis.</span> 
     </span>
     <span class='ocr_line' id='line_1_55' title="bbox 763 2107 1457 2147; baseline 0.003 -10"><span class='ocrx_word' id='word_1_398' title='bbox 763 2107 802 2137; x_wconf 90' lang='lat' dir='ltr'>ln</span> <span class='ocrx_word' id='word_1_399' title='bbox 815 2107 934 2138; x_wconf 77' lang='lat' dir='ltr'>Graevii</span> <span class='ocrx_word' id='word_1_400' title='bbox 950 2108 1014 2137; x_wconf 86' lang='lat' dir='ltr'>Ms.</span> <span class='ocrx_word' id='word_1_401' title='bbox 1028 2114 1098 2137; x_wconf 85' lang='lat' dir='ltr'>erat</span> <span class='ocrx_word' id='word_1_402' title='bbox 1113 2109 1251 2138; x_wconf 79' lang='lat' dir='ltr'>nominis</span> <span class='ocrx_word' id='word_1_403' title='bbox 1262 2118 1302 2138; x_wconf 79' lang='grc' dir='ltr'>αι·</span> <span class='ocrx_word' id='word_1_404' title='bbox 1314 2110 1457 2147; x_wconf 65' lang='lat' dir='ltr'>genem,</span> 
     </span>
     <span class='ocr_line' id='line_1_56' title="bbox 763 2150 1306 2189; baseline 0.002 -10"><span class='ocrx_word' id='word_1_405' title='bbox 763 2150 848 2189; x_wconf 92' lang='lat' dir='ltr'>quod</span> <span class='ocrx_word' id='word_1_406' title='bbox 861 2150 1055 2180; x_wconf 87' lang='lat' dir='ltr'>correctioni</span> <span class='ocrx_word' id='word_1_407' title='bbox 1070 2155 1191 2180; x_wconf 71' lang='lat' dir='ltr'>nostrae</span> <span class='ocrx_word' id='word_1_408' title='bbox 1207 2151 1306 2181; x_wconf 78' lang='lat' dir='ltr'>favet.</span> 
     </span>
    </p>

    <p class='ocr_par' dir='ltr' id='par_1_9' title="bbox 760 2191 1459 2484">
     <span class='ocr_line' id='line_1_57' title="bbox 804 2191 1459 2232; baseline 0 -9"><span class='ocrx_word' id='word_1_409' title='bbox 804 2195 843 2223; x_wconf 82' lang='lat'>28</span> <span class='ocrx_word' id='word_1_410' title='bbox 865 2201 1063 2232; x_wconf 80' lang='lat' dir='ltr'>quamquam</span> <span class='ocrx_word' id='word_1_411' title='bbox 1096 2193 1207 2222; x_wconf 76' lang='lat' dir='ltr'>omnia</span> <span class='ocrx_word' id='word_1_412' title='bbox 1233 2191 1317 2232; x_wconf 81' lang='lat' dir='ltr'>alia]</span> <span class='ocrx_word' id='word_1_413' title='bbox 1367 2192 1459 2224; x_wconf 75' lang='lat' dir='ltr'>Hoesi</span> 
     </span>
     <span class='ocr_line' id='line_1_58' title="bbox 762 2234 1458 2274; baseline 0 -10"><span class='ocrx_word' id='word_1_414' title='bbox 762 2243 890 2274; x_wconf 82' lang='lat' dir='ltr'>semper</span> <span class='ocrx_word' id='word_1_415' title='bbox 910 2234 943 2264; x_wconf 91' lang='lat' dir='ltr'>in</span> <span class='ocrx_word' id='word_1_416' title='bbox 966 2244 1179 2274; x_wconf 77' lang='lat' dir='ltr'>quamquam,</span> <span class='ocrx_word' id='word_1_417' title='bbox 1201 2235 1288 2273; x_wconf 88' lang='lat' dir='ltr'>qnod</span> <span class='ocrx_word' id='word_1_418' title='bbox 1310 2235 1388 2264; x_wconf 84' lang='lat' dir='ltr'>huic</span> <span class='ocrx_word' id='word_1_419' title='bbox 1411 2235 1458 2265; x_wconf 88' lang='lat' dir='ltr'>lu-</span> 
     </span>
     <span class='ocr_line' id='line_1_59' title="bbox 763 2276 1459 2316; baseline 0.001 -10"><span class='ocrx_word' id='word_1_420' title='bbox 763 2286 801 2306; x_wconf 90' lang='lat' dir='ltr'>co</span> <span class='ocrx_word' id='word_1_421' title='bbox 829 2286 898 2307; x_wconf 87' lang='lat' dir='ltr'>non</span> <span class='ocrx_word' id='word_1_422' title='bbox 925 2277 1088 2306; x_wconf 86' lang='lat' dir='ltr'>convenit.</span> <span class='ocrx_word' id='word_1_423' title='bbox 1137 2277 1253 2306; x_wconf 85' lang='lat' dir='ltr'>Putem</span> <span class='ocrx_word' id='word_1_424' title='bbox 1282 2276 1459 2316; x_wconf 80' lang='lat' dir='ltr'>legendum</span> 
     </span>
     <span class='ocr_line' id='line_1_60' title="bbox 765 2318 1459 2358; baseline 0 -9"><span class='ocrx_word' id='word_1_425' title='bbox 765 2319 873 2356; x_wconf 81' lang='lat' dir='ltr'>Nam,</span> <span class='ocrx_word' id='word_1_426' title='bbox 901 2319 951 2349; x_wconf 84' lang='lat' dir='ltr'>vel</span> <span class='ocrx_word' id='word_1_427' title='bbox 980 2318 1146 2358; x_wconf 76' lang='lat' dir='ltr'>lVamque.</span> <span class='ocrx_word' id='word_1_428' title='bbox 1192 2318 1254 2348; x_wconf 88' lang='lat' dir='ltr'>Sed</span> <span class='ocrx_word' id='word_1_429' title='bbox 1280 2319 1362 2349; x_wconf 91' lang='lat' dir='ltr'>illud</span> <span class='ocrx_word' id='word_1_430' title='bbox 1390 2329 1459 2349; x_wconf 83' lang='lat' dir='ltr'>me-</span> 
     </span>
     <span class='ocr_line' id='line_1_61' title="bbox 763 2360 1458 2401; baseline 0.001 -11"><span class='ocrx_word' id='word_1_431' title='bbox 763 2360 837 2391; x_wconf 86' lang='lat' dir='ltr'>lius.</span> <span class='ocrx_word' id='word_1_432' title='bbox 859 2367 932 2401; x_wconf 84' lang='lat' dir='ltr'>post</span> <span class='ocrx_word' id='word_1_433' title='bbox 954 2360 1026 2390; x_wconf 87' lang='lat' dir='ltr'>dedi</span> <span class='ocrx_word' id='word_1_434' title='bbox 1049 2370 1123 2390; x_wconf 88' lang='lat' dir='ltr'>cum</span> <span class='ocrx_word' id='word_1_435' title='bbox 1146 2360 1276 2390; x_wconf 87' lang='lat' dir='ltr'>Graevio</span> <span class='ocrx_word' id='word_1_436' title='bbox 1297 2362 1368 2390; x_wconf 75' lang='lat' dir='ltr'>alia</span> <span class='ocrx_word' id='word_1_437' title='bbox 1390 2372 1458 2391; x_wconf 65' lang='lat' dir='ltr'>om,</span> 
     </span>
     <span class='ocr_line' id='line_1_62' title="bbox 761 2402 1457 2444; baseline 0.001 -12"><span class='ocrx_word' id='word_1_438' title='bbox 761 2404 838 2433; x_wconf 78' lang='lat' dir='ltr'>nia:</span> <span class='ocrx_word' id='word_1_439' title='bbox 874 2403 922 2434; x_wconf 89' lang='lat' dir='ltr'>ita</span> <span class='ocrx_word' id='word_1_440' title='bbox 949 2402 1065 2432; x_wconf 83' lang='lat' dir='ltr'>melius</span> <span class='ocrx_word' id='word_1_441' title='bbox 1089 2402 1170 2432; x_wconf 90' lang='lat' dir='ltr'>ordo</span> <span class='ocrx_word' id='word_1_442' title='bbox 1199 2403 1375 2444; x_wconf 82' lang='lat' dir='ltr'>respondet</span> <span class='ocrx_word' id='word_1_443' title='bbox 1407 2412 1457 2433; x_wconf 81' lang='lat' dir='ltr'>se-</span> 
     </span>
     <span class='ocr_line' id='line_1_63' title="bbox 760 2445 1119 2484; baseline -0.003 -9"><span class='ocrx_word' id='word_1_444' title='bbox 760 2445 873 2484; x_wconf 82' lang='lat' dir='ltr'>quenti</span> <span class='ocrx_word' id='word_1_445' title='bbox 888 2456 897 2475; x_wconf 88' lang='lat'>:</span> <span class='ocrx_word' id='word_1_446' title='bbox 921 2446 1027 2475; x_wconf 76' lang='lat' dir='ltr'>virtus</span> <span class='ocrx_word' id='word_1_447' title='bbox 1040 2454 1119 2474; x_wconf 84' lang='lat' dir='ltr'>una.</span> 
     </span>
    </p>

    <p class='ocr_par' dir='ltr' id='par_1_10' title="bbox 756 2486 1506 2813">
     <span class='ocr_line' id='line_1_64' title="bbox 803 2486 1506 2527; baseline -0.006 -7"><span class='ocrx_word' id='word_1_448' title='bbox 803 2489 843 2520; x_wconf 77' lang='lat'>529</span> <span class='ocrx_word' id='word_1_449' title='bbox 865 2497 939 2517; x_wconf 80' lang='lat' dir='ltr'>cum</span> <span class='ocrx_word' id='word_1_450' title='bbox 965 2497 999 2517; x_wconf 84' lang='lat' dir='ltr'>eo</span> <span class='ocrx_word' id='word_1_451' title='bbox 1029 2486 1128 2527; x_wconf 81' lang='lat' dir='ltr'>lzoste]</span> <span class='ocrx_word' id='word_1_452' title='bbox 1164 2486 1277 2516; x_wconf 85' lang='lat' dir='ltr'>Retuli</span> <span class='ocrx_word' id='word_1_453' title='bbox 1306 2487 1385 2516; x_wconf 81' lang='lat' dir='ltr'>olim</span> <span class='ocrx_word' id='word_1_454' title='bbox 1414 2487 1455 2517; x_wconf 81' lang='lat' dir='ltr'>ad</span> <span class='ocrx_word' id='word_1_455' title='bbox 1502 2494 1506 2497; x_wconf 88' lang='lat'>·</span> 
     </span>
     <span class='ocr_line' id='line_1_65' title="bbox 758 2528 1454 2568; baseline -0.001 -9"><span class='ocrx_word' id='word_1_456' title='bbox 758 2529 994 2567; x_wconf 85' lang='lat' dir='ltr'>Tarquinium:</span> <span class='ocrx_word' id='word_1_457' title='bbox 1042 2538 1109 2559; x_wconf 88' lang='lat' dir='ltr'>non</span> <span class='ocrx_word' id='word_1_458' title='bbox 1148 2528 1189 2559; x_wconf 85' lang='lat' dir='ltr'>ad</span> <span class='ocrx_word' id='word_1_459' title='bbox 1227 2539 1454 2568; x_wconf 82' lang='lat' dir='ltr'>quemcunque</span> 
     </span>
     <span class='ocr_line' id='line_1_66' title="bbox 758 2570 1454 2611; baseline -0.001 -10"><span class='ocrx_word' id='word_1_460' title='bbox 758 2570 909 2601; x_wconf 76' lang='lat' dir='ltr'>hostem:</span> <span class='ocrx_word' id='word_1_461' title='bbox 937 2576 1072 2611; x_wconf 88' lang='lat' dir='ltr'>propter</span> <span class='ocrx_word' id='word_1_462' title='bbox 1099 2571 1232 2601; x_wconf 80' lang='lat' dir='ltr'>verbnm</span> <span class='ocrx_word' id='word_1_463' title='bbox 1261 2572 1389 2601; x_wconf 66' lang='lat' dir='ltr'>curiam</span> <span class='ocrx_word' id='word_1_464' title='bbox 1419 2572 1454 2600; x_wconf 76' lang='lat' dir='ltr'>in</span> 
     </span>
     <span class='ocr_line' id='line_1_67' title="bbox 757 2612 1454 2652; baseline -0.004 -8"><span class='ocrx_word' id='word_1_465' title='bbox 757 2614 1047 2644; x_wconf 81' lang='lat' dir='ltr'>antecedentibus:</span> <span class='ocrx_word' id='word_1_466' title='bbox 1089 2622 1153 2652; x_wconf 90' lang='lat' dir='ltr'>quo</span> <span class='ocrx_word' id='word_1_467' title='bbox 1188 2613 1288 2642; x_wconf 85' lang='lat' dir='ltr'>etiam</span> <span class='ocrx_word' id='word_1_468' title='bbox 1324 2612 1454 2642; x_wconf 79' lang='lat' dir='ltr'>videba-</span> 
     </span>
     <span class='ocr_line' id='line_1_68' title="bbox 757 2654 1453 2695; baseline -0.003 -10"><span class='ocrx_word' id='word_1_469' title='bbox 757 2660 813 2685; x_wconf 84' lang='lat' dir='ltr'>tur</span> <span class='ocrx_word' id='word_1_470' title='bbox 840 2656 1017 2695; x_wconf 81' lang='lat' dir='ltr'>pertinere,</span> <span class='ocrx_word' id='word_1_471' title='bbox 1036 2656 1063 2685; x_wconf 75' lang='lat' dir='ltr'>si</span> <span class='ocrx_word' id='word_1_472' title='bbox 1087 2665 1140 2684; x_wconf 78' lang='lat' dir='ltr'>‘res</span> <span class='ocrx_word' id='word_1_473' title='bbox 1159 2656 1206 2684; x_wconf 80' lang='lat' dir='ltr'>ita</span> <span class='ocrx_word' id='word_1_474' title='bbox 1233 2654 1374 2684; x_wconf 80' lang='lat' dir='ltr'>tulisset.-</span> <span class='ocrx_word' id='word_1_475' title='bbox 1397 2654 1453 2683; x_wconf 83' lang='lat' dir='ltr'>sed</span> 
     </span>
     <span class='ocr_line' id='line_1_69' title="bbox 757 2696 1453 2728; baseline -0.003 -1"><span class='ocrx_word' id='word_1_476' title='bbox 757 2698 786 2727; x_wconf 84' lang='lat' dir='ltr'>ei</span> <span class='ocrx_word' id='word_1_477' title='bbox 799 2707 866 2728; x_wconf 89' lang='lat' dir='ltr'>non</span> <span class='ocrx_word' id='word_1_478' title='bbox 880 2698 1034 2728; x_wconf 83' lang='lat' dir='ltr'>convenit</span> <span class='ocrx_word' id='word_1_479' title='bbox 1045 2698 1215 2728; x_wconf 78' lang='lat' dir='ltr'>concordia</span> <span class='ocrx_word' id='word_1_480' title='bbox 1225 2697 1355 2726; x_wconf 75' lang='lat' dir='ltr'>civium.</span> <span class='ocrx_word' id='word_1_481' title='bbox 1383 2696 1453 2726; x_wconf 90' lang='lat' dir='ltr'>Ho-</span> 
     </span>
     <span class='ocr_line' id='line_1_70' title="bbox 756 2739 1451 2779; baseline -0.003 -10"><span class='ocrx_word' id='word_1_482' title='bbox 756 2746 843 2770; x_wconf 82' lang='lat' dir='ltr'>stem</span> <span class='ocrx_word' id='word_1_483' title='bbox 860 2740 941 2770; x_wconf 77' lang='lat' dir='ltr'>dixit</span> <span class='ocrx_word' id='word_1_484' title='bbox 955 2739 994 2769; x_wconf 88' lang='lat' dir='ltr'>de</span> <span class='ocrx_word' id='word_1_485' title='bbox 1017 2748 1135 2779; x_wconf 79' lang='lat' dir='ltr'>genere</span> <span class='ocrx_word' id='word_1_486' title='bbox 1150 2739 1293 2770; x_wconf 68' lang='lat' dir='ltr'>hostium</span> <span class='ocrx_word' id='word_1_487' title='bbox 1307 2749 1317 2776; x_wconf 87' lang='lat'>;</span> <span class='ocrx_word' id='word_1_488' title='bbox 1340 2748 1378 2770; x_wconf 80' lang='lat' dir='ltr'>ac</span> <span class='ocrx_word' id='word_1_489' title='bbox 1391 2747 1451 2778; x_wconf 78' lang='lat' dir='ltr'>pro</span> 
     </span>
     <span class='ocr_line' id='line_1_71' title="bbox 756 2782 1047 2813; baseline -0.003 0"><span class='ocrx_word' id='word_1_490' title='bbox 756 2791 832 2813; x_wconf 69' lang='lat' dir='ltr'>cum</span> <span class='ocrx_word' id='word_1_491' title='bbox 846 2782 885 2812; x_wconf 71' lang='lat' dir='ltr'>sis</span> <span class='ocrx_word' id='word_1_492' title='bbox 898 2782 1047 2813; x_wconf 70' lang='lat' dir='ltr'>hostibus.</span> 
     </span>
    </p>
   </div>
  </div>
 </body>
</html>
