1812 3147
619 119 737 157 PRO
773 118 818 156 P.
844 118 1048 159 SULLA.
1472 123 1545 162 791

105 229 201 284 ipsa
220 239 296 283 per
317 237 376 276 se,
397 223 488 265 sine
520 222 604 264 ulla
623 222 950 280 conjunctione,
975 223 1230 278 agebantur.
1289 222 1359 263 An
1391 223 1433 264 in
1459 232 1551 264 tan-

108 285 162 326 tis
195 284 335 334 rebus,
362 288 451 322 tam
483 280 608 322 novis
638 279 844 331 consiliis,
868 288 956 321 tam
990 278 1254 335 periculosis,
1285 288 1373 320 tam
1403 282 1554 321 turbu-

108 341 249 391 lentis,
282 338 502 380 hominem
533 337 877 379 amantissimum
911 336 990 388 sui,
1024 335 1418 387 familiarissimum,
1450 352 1553 377 con-

103 396 444 455 junctissimum,
466 394 637 446 officiis,
662 409 755 445 usu,
778 393 1104 443 consuetudine,
1127 393 1432 434 dimittendum
1463 408 1554 434 csse

111 454 410 497 arbitraretur?
442 453 483 487 69
497 450 727 493 verisimile
749 465 834 492 non
858 460 938 502 est,
962 458 1024 501 ut,
1046 464 1174 506 quem
1198 450 1240 490 in
1264 450 1459 491 secundis
1492 465 1555 490 re-

111 513 205 562 bus,
227 524 356 567 quem
379 510 423 551 in
445 510 536 550 otio
559 523 704 549 secum
736 523 904 564 semper
925 508 1160 557 habuisset,
1184 507 1298 548 hunc
1330 508 1373 547 in
1406 507 1554 547 adver-

111 569 183 620 sis,
205 578 249 610 et
270 568 315 609 in
335 581 387 608 eo
410 566 613 615 tumultu,
635 579 763 621 quem
794 566 886 622 ipse
906 566 1201 621 comparabat,
1224 565 1277 605 ab
1301 578 1344 605 se
1365 564 1557 605 dimitte-

111 635 190 676 ret.
251 625 351 682 Ipse
392 633 536 666 autem
574 622 753 664 Cincius
783 627 889 674 (non
928 622 1043 663 enirn
1081 621 1186 662 mihi
1224 621 1457 662 deserenda
1493 630 1553 660 est
1569 627 1617 661 58

114 697 245 727 causa
265 681 393 724 amici
416 681 570 723 veteris
601 689 729 736 atque
762 680 966 736 hospitis)
990 681 1023 720 is
1057 678 1186 719 homo
1208 689 1287 729 est,
1318 688 1392 719 aut
1422 692 1471 718 ca
1495 676 1557 717 fa·

115 740 236 782 milia
255 754 307 781 ac
327 738 571 795 disciplina,
593 749 642 777 ut
672 737 755 778 boc
776 737 890 778 credi
924 736 1073 793 possit,
1096 750 1194 776 euin
1230 735 1386 777 bellum
1417 735 1559 790 reipu-

116 797 243 839 blicae
275 795 415 838 facere
447 795 658 836 voluisse?
690 802 752 845 ut,
783 794 906 850 cujus
939 805 1073 850 pater,
1103 807 1201 834 cum
1239 793 1369 834 ceteri
1404 791 1559 833 defice-

117 864 214 896 rent
241 853 416 894 finitimi
449 867 499 893 ac
530 851 676 902 vicini,
699 851 904 907 singulari
928 851 1143 892 exstiterit
1178 850 1221 891 in
1252 848 1560 905 rempublicam

118 920 308 954 nostram
330 910 476 951 officio
498 917 542 949 et
571 908 671 960 fide,
701 909 735 949 is
768 909 850 950 sibi
883 907 1094 949 nefarium
1129 907 1285 949 bellum
1308 916 1459 948 contra
1489 921 1562 961 pa-

120 969 247 1010 triam
278 966 599 1024 suscipiendum
638 969 836 1022 putaret?
878 965 1002 1020 cujus
1035 980 1092 1006 aes
1135 965 1321 1005 alienum
1355 964 1562 1014 videmus,

113 1026 300 1082 judices,
325 1039 412 1070 non
444 1023 638 1074 libidine,
669 1024 743 1064 sed
776 1023 942 1079 negotii
975 1023 1148 1078 gerendi
1184 1022 1326 1062 studio
1349 1036 1438 1061 esse
1460 1036 1563 1060 con-

111 1086 332 1125 tractum:
356 1082 430 1137 qui
453 1084 514 1122 ita
536 1080 690 1122 Romae
713 1081 878 1131 debuit,
903 1092 948 1121 ut
971 1081 1012 1120 in
1039 1079 1271 1135 provinciis
1289 1089 1331 1119 et
1356 1079 1397 1119 in
1421 1078 1564 1134 regnis

121 1141 326 1182 maximae
359 1139 398 1180 ei
435 1138 631 1195 pecuniae
663 1137 942 1180 deberentur:
981 1152 1087 1193 quas
1126 1151 1224 1178 cum
1264 1146 1443 1192 peteret,
1478 1149 1565 1175 non

122 1196 356 1246 commisit,
379 1206 427 1238 ut
448 1196 512 1237 sui
544 1204 842 1251 procuratores
863 1194 1099 1250 quidquam
1122 1193 1276 1244 oneris,
1299 1194 1475 1234 absente
1507 1206 1564 1242 se,

121 1254 405 1297 sustinerent:
439 1252 584 1294 venire
605 1267 754 1293 omnes
777 1267 872 1293 suas
903 1253 1207 1308 possessiones,
1230 1261 1273 1291 et
1304 1250 1565 1306 patrimonio

126 1327 171 1353 se
192 1310 464 1353 ornatissimo
488 1310 661 1367 spoliari
690 1310 855 1360 maluit,
876 1325 1006 1365 quam
1029 1309 1155 1350 ullam
1179 1323 1339 1349 moram
1364 1308 1565 1363 cuiquam

126 1369 218 1413 fieri
240 1368 502 1410 creditorum
524 1382 712 1408 suorum.
734 1383 760 1409 a
780 1382 866 1422 quo
887 1367 1060 1422 quidem
1091 1380 1261 1422 genere,
1277 1366 1463 1420 judices,
1484 1379 1566 1420 ego
1581 1371 1630 1406 59

126 1440 361 1481 numquam
385 1425 523 1476 timui,
540 1439 638 1466 cum
661 1426 703 1466 in
727 1424 798 1465 illa
820 1424 1068 1480 reipublicae
1093 1433 1347 1479 tempestate
1368 1436 1567 1463 versarer.

130 1483 240 1524 Illud
263 1492 354 1524 erat
374 1497 508 1539 genus
530 1482 755 1523 hominum
778 1481 982 1522 horribile
1005 1492 1048 1522 et
1070 1480 1472 1536 pertimescendum,
1494 1478 1570 1534 qui

131 1550 253 1582 tanto
276 1554 421 1581 amore
452 1554 547 1581 suas
578 1539 866 1595 possessiones
896 1538 1084 1595 amplexi
1107 1538 1325 1588 tenebant,
1348 1547 1396 1578 ut
1426 1537 1480 1578 ab
1504 1536 1571 1576 his

129 1597 323 1638 membra
354 1596 498 1638 divelli
531 1596 659 1638 citius
692 1611 743 1638 ac
778 1596 955 1637 distrahi
993 1611 1118 1652 posse
1155 1595 1332 1637 diceres,
1393 1593 1571 1635 Cincius

128 1668 364 1710 numquam
386 1657 426 1689 70
440 1654 522 1696 sibi
543 1654 848 1710 cognationem
872 1667 970 1694 cum
1001 1653 1172 1709 praediis
1194 1666 1285 1693 esse
1305 1650 1573 1693 existimavit
1585 1665 1619 1695 b.

130 1712 232 1752 suis.
255 1712 400 1766 itaque
421 1726 466 1753 se
487 1726 574 1752 non
595 1711 725 1752 modo
742 1725 799 1752 ex
823 1711 1067 1767 suspicione
1091 1710 1197 1752 tanti
1222 1709 1404 1760 sceleris,
1426 1722 1572 1749 verum

131 1769 263 1810 etiam
284 1783 338 1810 ex
361 1768 479 1811 omni
503 1769 727 1810 hominum
757 1781 966 1819 sermone,
988 1783 1075 1812 non
1107 1767 1250 1819 armis,
1273 1767 1345 1808 sed
1366 1766 1574 1823 patrimo-

132 1827 207 1868 nio
229 1841 307 1868 suo
330 1825 580 1868 vindicavit.

190 1883 290 1926 Jam
313 1897 428 1934 ver0,
449 1883 566 1939 quod
588 1883 780 1939 subjicit,
804 1882 1093 1939 Pompeianos
1115 1896 1207 1923 esse
1235 1897 1260 1922 a
1282 1880 1399 1922 Sulla
1420 1871 1654 1936 impul-21

132 1956 219 1992 sos,
243 1950 289 1981 ut
308 1941 362 1982 ad
386 1941 511 1982 istam
533 1941 879 1997 conjurationem
903 1949 947 1981 et
977 1941 1030 1982 ad
1061 1940 1144 1981 hoc
1174 1938 1384 1980 nefarium
1408 1937 1575 1980 facinus
1589 1942 1639 1976 60

135 1998 411 2040 accederent:
444 1999 486 2040 id
510 1998 752 2054 cujusmodi
779 1999 848 2050 sit,
870 1997 1109 2054 intelligere
1139 2012 1226 2038 non
1257 2010 1448 2052 possum.
1506 1994 1577 2035 An

135 2056 216 2097 tibi
256 2055 511 2112 Pompeiani
553 2055 802 2111 conjurasse
842 2055 1065 2098 videntur?
1113 2055 1208 2110 quis
1252 2054 1334 2095 hoc
1373 2067 1579 2108 umquam

136 2112 275 2155 dixit?
306 2122 381 2153 aut
401 2128 498 2168 quae
521 2112 605 2154 fuit
626 2114 748 2154 istius
771 2113 828 2154 rei
853 2112 920 2153 vel
941 2112 1121 2154 minima
1143 2111 1358 2169 suspicio?
1400 2110 1581 2166 Disjun-

141 2170 221 2221 xit,
251 2169 407 2225 inquit,
429 2185 502 2211 eos
532 2186 558 2211 a
579 2169 759 2221 colonis,
781 2181 829 2211 ut
859 2169 944 2212 hoc
974 2169 1205 2212 71dissidio
1237 2184 1286 2210 ac
1317 2169 1583 2210 dissensione

140 2226 268 2278 facta,
291 2226 500 2283 oppidum
523 2228 565 2269 in
597 2243 672 2269 sua
693 2236 908 2284 potestate
940 2236 1084 2283 posset
1113 2238 1156 2268 et
1188 2226 1476 2282 Pompeianos
1508 2225 1583 2266 ha-

141 2284 255 2325 bere.
319 2283 528 2335 Primum,
558 2285 698 2326 omnis
740 2285 1099 2341 Pompeianorum
1130 2284 1468 2339 colonorumque
1499 2283 1586 2324 dis-

143 2342 298 2393 sensio,
331 2341 471 2383 delata
503 2342 555 2384 ad
586 2353 791 2399 patronos
823 2352 900 2394 est,
934 2357 1031 2385 cum
1067 2343 1161 2398 jam
1200 2342 1493 2392 inveterasset,
1535 2355 1586 2381 ac

185 2454 225 2489 69
246 2456 421 2486 verisimile
446 2466 509 2486 non
537 2456 597 2495 est]
629 2456 741 2487 Deleri
769 2456 842 2486 vult
929 2459 965 2490 71
993 2456 1124 2487 discidio
1147 2467 1186 2487 (tc
1208 2455 1413 2495 dissensione]
1439 2455 1587 2486 Discidit»

143 2496 336 2533 Lambinus,
352 2504 493 2538 suntque
513 2506 547 2529 et
571 2500 667 2529 Rose.
692 2499 765 2529 Am.
789 2502 841 2530 41.
886 2499 1084 2539 conjiciebat
1114 2499 1305 2530 Lambinus.
1351 2501 1395 2528 At
1420 2497 1452 2528 id
1475 2502 1524 2527 est
1553 2497 1587 2527 in

146 2539 238 2569 Verr.
255 2539 314 2575 IV,
331 2541 363 2570 (3.
387 2547 548 2580 suspecta.
594 2541 657 2572 Sed
679 2541 705 2570 si
728 2551 766 2571 ea
788 2541 843 2571 ab·
886 2540 958 2571 edd.
975 2551 1023 2581 pr.
1069 2541 1130 2571 Sed
1157 2546 1229 2581 post
1253 2542 1383 2571 discidio
1409 2540 1514 2570 lenius
1537 2546 1588 2569 est

146 2582 226 2617 sint,
241 2581 361 2612 ultima
375 2584 416 2613 ab
430 2593 462 2613 se
478 2584 657 2614 dimitteret
671 2593 736 2613 non
762 2584 843 2613 bene
888 2584 1097 2614 dissensione:
1121 2583 1317 2623 deberetque
1340 2593 1407 2613 csse
1428 2582 1589 2612 discessio-

144 2625 347 2654 conveninnt
364 2625 467 2655 verbis
486 2626 720 2666 superioribus,
735 2626 845 2655 dimit-
889 2635 928 2655 ne
941 2626 956 2655 .-⁹
979 2626 1124 2657 Bisa-idio
1149 2625 1222 2656 inde
1246 2636 1265 2656 a
1286 2626 1426 2656 <Iuntina
1445 2624 1589 2654 editione

146 2666 279 2695 lendum
301 2676 367 2696 esse
388 2669 625 2704 arbitraretur,
647 2673 681 2698 et
703 2678 771 2698 esse
794 2668 848 2698 de·
890 2673 940 2698 est
959 2668 993 2698 in
1009 2668 1174 2699 omnibus.
1211 2667 1358 2699 Discidit»
1374 2667 1474 2697 tacite
1497 2666 1591 2695 resti-

149 2707 253 2754 beret,
276 2717 383 2738 secum
408 2719 471 2739 non
492 2712 635 2747 haberet,
661 2715 719 2741 aut
742 2711 848 2741 simile
890 2710 958 2740 tuit
973 2711 1147 2746 Gruterus,
1162 2720 1259 2750 quem
1273 2711 1419 2740 Graevius
1436 2708 1593 2747 sequitur.

150 2749 240 2788 qiud.
268 2792 273 2796 .
299 2792 304 2796 ι
894 2753 990 2783 male.
1027 2753 1098 2792 Ego
1115 2753 1243 2783 dissidio
1260 2753 1406 2783 restitui:
1430 2757 1502 2781 tum
1518 2750 1595 2789 quia

193 2794 234 2824 70
247 2791 305 2820 szbz
319 2794 541 2829 cognationem
556 2804 632 2824 cum
644 2804 696 2833 pr.
713 2795 755 2834 s.]
776 2794 850 2825 Ele·
894 2795 926 2824 id
946 2796 1138 2826 dissensione
1160 2795 1308 2834 requirit,
1325 2799 1398 2824 tum
1422 2793 1499 2834 quia
1521 2792 1595 2834 post

152 2836 588 2906 guntteril-nempetcognatio
603 2841 655 2868 est
677 2848 695 2868 a
719 2842 850 2876 natura,
896 2838 966 2870 sola
979 2838 1130 2868 dissensio
1145 2841 1363 2868 memoratur.

156 2884 216 2905 nce
246 2885 264 2905 o
295 2884 412 2916 ipotcs
433 2900 439 2907 .
