1817 3169
237 114 339 149 1100
821 113 1071 154 ORATIO

234 214 395 266 fundis,
416 214 531 270 quod
553 230 782 258 commune
804 228 869 259 est
899 219 1130 261 liberorum
1162 217 1434 276 populorum,
1457 235 1542 264 non
1575 237 1674 279 pro-

233 272 377 328 prium
410 271 746 315 foederatorum:
779 290 832 316 ex
855 291 940 331 quo
975 278 1152 333 intelligi
1188 292 1357 318 necesse
1389 289 1466 329 est,
1495 290 1569 320 aut
1599 295 1674 321 ne-

233 329 396 370 minem
422 344 475 371 ex
509 331 634 371 sociis
665 333 803 372 civem
838 333 924 373 fieri
961 349 1097 389 posse,
1121 345 1194 375 aut
1215 336 1342 375 etiam
1369 350 1491 390 posse
1512 350 1566 377 ex
1591 337 1677 377 foe-

234 386 422 427 deratis:
457 397 546 428 tum
573 403 669 429 vero
694 389 767 443 jus
799 404 925 430 omne
959 402 1100 431 noster
1131 393 1209 432 iste
1233 393 1435 447 magister
1458 394 1675 434 mutandae

235 443 424 484 civitatis
455 444 657 501 ignorat3
688 446 803 500 quod
835 446 1117 501 est,judices,
1145 464 1230 489 non
1264 450 1399 489 solnm
1434 450 1475 490 in
1508 450 1675 506 legibus

235 501 421 556 publicis
445 503 648 557 positum,
669 504 738 543 sed
763 504 892 543 etiam
922 504 963 544 in
989 505 1250 559 privatorum
1276 506 1510 547 voluntate.
1570 507 1676 548 Jure

234 558 348 598 enim
373 569 519 599 nostro
543 574 680 614 neque
703 569 866 600 mutare
889 561 1109 601 civitatem
1132 563 1357 617 quisquam
1387 564 1547 604 invitus
1582 572 1680 619 pot-

235 624 314 665 est,
338 629 489 670 neque,
513 616 545 656 si
571 617 686 666 velit,
711 627 874 657 mutare
898 632 980 657 non
1010 629 1164 673 potest,
1189 619 1316 659 modo
1339 620 1600 662 adsciscatur
1621 621 1676 661 ab

234 685 287 712 ea
307 672 498 724 civitate,
513 673 635 728 cujus
660 688 749 713 esse
767 688 810 714 se
831 674 1020 715 civitatis
1038 675 1159 717 velit:
1186 686 1246 726 ut,
1261 676 1293 716 si
1315 676 1521 718 Gaditani
1544 679 1681 719 scive-

236 729 323 770 rint
344 730 601 770 nominatim
631 730 683 770 de
714 730 858 784 aliquo
889 731 982 772 cive
1017 732 1230 783 Romano,
1257 742 1301 772 ut
1324 733 1378 773 sit
1401 734 1435 773 is
1459 734 1564 775 civis
1589 734 1679 776 Ga-

236 786 423 837 ditanus,
447 801 604 843 magna
626 796 814 842 potestas
845 788 899 827 sit
931 799 1076 829 nostro
1108 791 1192 830 civi
1227 789 1443 832 mutandae
1475 791 1680 842 civitatis,

236 857 317 884 nec
349 843 513 884 foedere
544 844 816 899 impediatur,
841 859 926 898 quo
959 846 1099 886 minus
1130 862 1182 887 ex
1216 848 1309 888 cive
1344 847 1542 888 Romano
1572 848 1679 889 civis

174 898 226 936 98
240 899 482 942 Gaditanus
507 902 641 956 possit
661 915 766 942 esse.
829 900 1023 943 Duarum
1046 903 1269 944 civitatum
1293 905 1398 945 civis
1421 919 1525 956 esse,
1548 907 1588 940 59
1603 920 1680 945 no-

239 967 326 1004 stro
344 957 443 1012 jure
466 958 596 1010 civili,
618 972 746 998 nemo
770 968 938 1013 potest:
973 974 1058 999 non
1081 974 1171 1001 esse
1196 962 1321 1016 liu—jus
1344 962 1531 1002 civitatis
1555 962 1678 1014 civis,

237 1015 311 1070 qui
348 1029 392 1055 se
425 1015 496 1055 alii
530 1015 698 1055 civitati
731 1015 899 1066 dicarit,
934 1026 1089 1071 potest.
1149 1018 1356 1073 60Ncque
1392 1019 1528 1060 solum
1561 1020 1680 1060 dica-

238 1072 371 1121 tione,
393 1071 509 1126 quod
542 1073 583 1112 in
615 1072 861 1113 calamitate
892 1072 1137 1114 clarissimis
1170 1075 1270 1115 viris
1304 1076 1360 1120 Q.
1386 1075 1602 1128 Maximo,
1627 1076 1679 1117 C.

239 1128 422 1179 Laenati,
463 1129 519 1174 Q.
551 1128 756 1185 Philippo
797 1129 1013 1180 Nuceriae,
1045 1130 1097 1171 C.
1130 1131 1287 1172 Catoni
1326 1131 1581 1184 Tarracone,
1620 1134 1677 1179 Q.

238 1185 455 1241 Caepioni,
488 1184 538 1226 P.
563 1186 729 1228 Rutilio
762 1186 958 1242 Smyrnae
991 1188 1174 1229 vidimus
1205 1189 1425 1240 accidisse,
1459 1200 1504 1230 ut
1535 1205 1681 1231 earum

235 1243 463 1283 civitatum
486 1243 637 1284 fierent
657 1245 786 1294 cives,
811 1244 921 1284 hane
950 1254 1049 1286 ante
1079 1246 1275 1288 amittere
1306 1261 1389 1287 non
1423 1248 1678 1302 potuissent,

236 1314 366 1354 quam
390 1299 517 1354 hujus
541 1300 677 1341 solum
701 1301 890 1342 civitatis
912 1302 1152 1344 mutatione
1174 1303 1426 1345 vertissent:
1454 1305 1527 1345 sed
1548 1305 1679 1345 etiam

238 1356 506 1412 postliminio
538 1368 680 1412 potest
710 1358 899 1399 civitatis
931 1358 1021 1400 fieri
1053 1361 1250 1401 mutatio.
1283 1375 1420 1416 neque
1449 1362 1563 1402 enim
1589 1362 1679 1402 sine

238 1428 368 1454 causa
389 1414 425 1444 6¹
440 1414 492 1455 de
516 1414 597 1456 Cn.
615 1415 813 1456 Publicio
839 1415 1097 1468 Menandro,
1118 1417 1318 1459 libertino
1342 1418 1530 1469 homine,
1552 1432 1681 1473 quem

194 1484 226 1513 b.
239 1472 354 1527 apud
378 1472 561 1527 majores
584 1472 713 1529 legati
742 1474 875 1513 nostri
899 1473 942 1514 in
966 1473 1181 1516 Graeeiam
1206 1475 1526 1531 proficiscentes
1549 1475 1681 1516 inter-

239 1538 405 1585 pretem
438 1544 582 1571 seeum
613 1530 770 1571 habere
802 1530 1041 1583 voluerunt,
1072 1532 1123 1572 ad
1157 1532 1365 1588 populum
1395 1533 1543 1583 latum,
1567 1541 1614 1573 ut
1645 1533 1680 1573 is

243 1586 480 1638 Publicius,
504 1587 536 1626 si
568 1588 745 1628 domum
776 1588 1022 1639 revenisset,
1050 1598 1093 1629 et
1124 1589 1221 1630 inde
1255 1589 1438 1631 Romam
1471 1589 1680 1640 rediisset,

240 1657 295 1683 ne
317 1644 456 1684 minus
480 1644 585 1685 civis
607 1654 731 1685 esset.
791 1644 923 1685 Multi
947 1646 1076 1686 etiam
1099 1647 1316 1702 superiore
1338 1648 1544 1688 memoria
1564 1647 1680 1687 cives

243 1699 431 1740 Romani
464 1716 540 1742 sua
572 1702 805 1752 voluntate,
835 1702 1070 1743 indemnati
1101 1714 1144 1744 et
1175 1704 1425 1754 incolumes,
1457 1703 1522 1744 his
1554 1704 1679 1744 rebus

164 1745 226 1792 1‘2
244 1757 416 1809 relictis,
438 1758 540 1799 alias
563 1773 607 1799 se
629 1759 672 1799 in
695 1759 892 1800 civitates
922 1759 1211 1801 contulerunt.
1273 1761 1437 1806 Quodsi
1471 1761 1555 1802 civi
1591 1760 1681 1801 Ro-

178 1817 228 1851 29
244 1829 370 1855 mano
401 1815 502 1856 lieet
531 1830 622 1857 esse
654 1816 935 1868 Gaditanum,
969 1817 1058 1858 sive
1087 1817 1254 1868 exsilio,
1278 1820 1367 1858 sive
1398 1818 1680 1873 postliminio,

238 1872 329 1915 sive
358 1872 594 1928 rejectione
624 1873 752 1929 hujus
783 1873 997 1916 civitatis:
1029 1879 1098 1927 (ut
1119 1874 1214 1930 jam
1245 1875 1298 1916 ad
1328 1875 1474 1923 foedus
1498 1876 1681 1926 veniam,

239 2019 445 2060 pertinebat:
462 2027 576 2049 verum
592 2029 659 2049 non
675 2020 784 2050 minus
801 2020 941 2051 inscitiae

983 2021 1091 2051 alieno
1119 2020 1216 2053 loco:
1250 2021 1329 2051 ordo
1358 2027 1420 2059 est,
1449 2032 1549 2062 quam
1576 2022 1681 2053 solum

239 2060 374 2101 plenum
385 2065 418 2091 et
428 2061 559 2099 falsum,
567 2062 653 2101 quod
663 2067 732 2092 erat
743 2062 863 2100 dejure
872 2063 940 2092 sin·

982 2065 1151 2094 vertissent
1167 2062 1265 2104 hujus
1281 2074 1309 2093 c.
1325 2066 1519 2094 mutatione:
1533 2063 1589 2094 sed
1603 2064 1680 2103 quid

239 2103 394 2143 gulorum
417 2103 592 2135 hominum
620 2105 654 2134 in
676 2104 837 2136 mutanda
858 2105 935 2135 civi·

240 2145 484 2184 tate.judicent
500 2146 694 2177 eruditiores
710 2157 772 2178 ine.

282 2189 323 2220 59
345 2192 452 2217 nostro
471 2186 554 2227 jure
582 2188 684 2228 civili]
717 2189 784 2220 Cur
806 2187 938 2219 additur

240 2229 345 2260 civili:
360 2239 435 2259 cum
452 2240 491 2260 ea
507 2239 555 2261 res
570 2240 635 2261 non
651 2232 816 2270 pertineat
831 2232 871 2261 ad
887 2232 938 2270 jus

239 2271 349 2307 civile,
363 2271 449 2311 quod
465 2273 593 2312 proprie
608 2273 729 2303 dicitur
744 2273 830 2314 apud
846 2274 940 2304 Cice-

240 2321 370 2350 ronem,
393 2313 449 2343 sed
473 2314 513 2344 ad
535 2316 591 2353 jus
620 2315 789 2355 publicum
819 2315 941 2346 Roma-

241 2357 346 2386 num?
365 2355 426 2386 Jus
442 2356 536 2387 civile
553 2357 673 2387 dicitnr
688 2357 818 2396 quidem
834 2362 868 2388 et
880 2357 939 2388 ali-

240 2401 306 2434 ter,
327 2398 569 2438 opponiturque
591 2405 625 2429 et
642 2400 711 2437 juri
736 2399 891 2431 naturali.
908 2411 939 2431 v,

241 2439 335 2470 Clav.
350 2441 386 2470 in
405 2439 526 2471 Civilis.
541 2441 596 2471 sed
618 2441 650 2471 id
671 2442 734 2472 huc
752 2451 818 2473 non
840 2443 941 2482 perti-

241 2486 310 2512 net.
326 2482 352 2512 si
367 2486 417 2512 est
433 2492 453 2512 a
467 2484 636 2519 Cicerone,
652 2484 761 2523 accipe
775 2495 784 2513 ;
808 2484 846 2514 de
862 2486 938 2523 jure

242 2528 370 2561 nostro,
395 2525 481 2563 quod
505 2525 545 2555 ad
568 2525 792 2556 conditionem
818 2527 939 2558 civium

242 2572 431 2598 nostrorum
445 2568 602 2607 pertinet.

264 2647 268 2650 Δ
284 2609 326 2640 60
349 2609 465 2648 Neque
483 2611 586 2639 solum
606 2609 779 2649 dicatione]
800 2610 905 2641 intell.
921 2622 938 2641 e

241 2651 453 2689 sequentibus
468 2663 476 2682 :
516 2653 658 2683 civitatis
693 2654 831 2682 mulatio
855 2654 939 2693 fleri

235 2697 353 2733 potest.
395 2693 580 2724 Difficultas
597 2699 668 2734 post
685 2700 734 2724 est
749 2695 782 2724 in
799 2695 850 2731 iis,
866 2705 939 2735 quae

240 2739 319 2765 sunt
334 2741 410 2774 post
424 2737 564 2766 vidimus
578 2737 739 2768 accedisse.
755 2737 841 2767 unde
858 2748 938 2777 pen-

240 2776 295 2807 det
320 2777 405 2808 hoe:
431 2779 516 2808 hanc
539 2787 570 2808 α.
593 2787 623 2808 α.
647 2788 711 2808 non.
729 2779 937 2819 potuissent?

239 2818 266 2848 si
283 2819 324 2850 ab
338 2824 388 2856 ut,
405 2819 579 2860 legendnm
588 2826 730 2860 possent.
747 2827 819 2852 tum
834 2824 939 2853 solum

239 2868 307 2896 non
323 2861 528 2894 referendum
548 2867 598 2895 est
620 2862 661 2895 ad
681 2862 791 2906 hujus,
807 2868 938 2906 statque

983 2105 1015 2135 id
1031 2106 1102 2136 est?
1129 2116 1205 2135 nam
1229 2105 1335 2136 solum
1360 2116 1426 2136 non
1443 2106 1583 2137 vertitur
1604 2106 1682 2136 civi-

982 2148 1062 2178 tatis
1090 2147 1299 2181 mutatione:
1330 2148 1384 2178 sed
1411 2148 1480 2178 solo
1509 2146 1679 2185 vertendo,

979 2190 1067 2220 exilii
1090 2200 1199 2226 causa,
1216 2191 1384 2220 amittitur
1404 2191 1529 2226 civitas,
1546 2194 1584 2220 ut
1606 2195 1681 2229 post

980 2232 1098 2262 diserte
1129 2234 1243 2263 Cicero
1272 2233 1363 2263 dicit.
1419 2233 1475 2262 Me
1504 2242 1570 2262 non
1602 2233 1681 2263 satis

981 2274 1116 2313 expedio
1143 2285 1183 2305 ex
1209 2274 1242 2304 h.
1266 2274 1289 2305 1.
1334 2274 1379 2305 Et
1405 2274 1600 2315 interpretes
1629 2279 1680 2306 ta-

983 2322 1072 2347 cent.
1373 2340 1375 2342 -

1024 2359 1061 2389 61
1088 2358 1126 2388 de
1152 2358 1209 2388 Cn.
1236 2357 1385 2388 Publicio
1412 2357 1611 2398 Menandro]
1639 2358 1679 2389 In

982 2400 1045 2430 hoc
1059 2410 1186 2440 quoqne
1201 2400 1272 2430 loco
1291 2406 1339 2430 est
1361 2401 1482 2439 aliquid
1505 2401 1679 2431 difficulta-

983 2443 1036 2472 tis·
1082 2443 1145 2473 Res
1160 2443 1204 2472 sic
1220 2448 1269 2472 est
1293 2443 1518 2482 intelligenda.
1562 2443 1679 2474 Voluit

981 2494 1093 2515 cavere
1115 2484 1298 2515 Menandro
1318 2492 1463 2522 senatus,
1481 2495 1535 2521 ne,
1550 2485 1576 2514 si
1601 2495 1678 2516 cum

981 2527 1098 2565 legatis
1118 2527 1152 2556 in
1169 2527 1308 2566 patriam
1330 2536 1421 2557 suam
1443 2527 1607 2567 profectus
1630 2537 1679 2557 es-

982 2575 1044 2606 set,
1061 2570 1090 2599 ei
1105 2569 1246 2598 civitatis
1265 2570 1361 2599 Rom.
1380 2571 1436 2609 jus
1459 2570 1596 2600 dubium
1620 2569 1676 2599 fie-

982 2615 1033 2641 ret
1057 2621 1115 2650 per
1135 2611 1348 2647 ealunuiiam,
1363 2611 1448 2650 quod
1474 2611 1676 2651 postliminio

983 2652 1116 2683 redisset
1133 2654 1166 2683 in
1183 2654 1334 2692 patriam,
1351 2659 1385 2683 et
1401 2654 1541 2684 cixitatis
1563 2654 1677 2693 prioris

975 2696 1031 2733 jus
1047 2695 1287 2736 repetendojus
1304 2696 1491 2726 Romanum
1507 2696 1678 2726 amisisset.

980 2738 1090 2775 itaque
1105 2737 1155 2767 lex
1179 2738 1247 2767 laia
1261 2745 1323 2773 est,
1341 2748 1397 2777 per
1413 2748 1510 2776 quani
1524 2739 1580 2776 jus
1599 2737 1677 2768 civi—

978 2780 1057 2810 tatis
1073 2780 1231 2810 Romana*
1247 2780 1416 2819 retiperet,
1432 2781 1457 2810 si
1481 2780 1620 2810 maxime
1643 2779 1678 2810 in

980 2822 1120 2861 patriani
1152 2822 1298 2860 redisset,
1329 2832 1404 2853 cum
1433 2822 1578 2863 primum
1610 2821 1677 2853 Ro-

979 2873 1069 2896 mam
1084 2863 1229 2895 redisset.
