1769 3174
253 109 353 143 1030
842 105 1090 146 ORATIO

139 207 381 260 p.33.lorem
416 206 682 251 ferebamus:
713 209 773 251 illi
806 220 964 264 autem,
1002 211 1159 268 quibus
1190 225 1281 253 eras
1314 211 1358 252 in
1396 210 1574 262 deliciis,
1605 211 1679 253 vix

206 271 235 292 ²·
248 265 380 306 risum
413 267 642 309 tenebant:
675 269 746 309 sed
777 282 939 323 quaero,
962 270 996 311 si
1027 269 1080 311 ad
1103 278 1243 310 cetera
1266 268 1452 319 vulnera,
1473 270 1514 300 36
1526 268 1682 324 quibus

248 322 409 378 putasti
442 324 753 379 rempublicam
784 325 928 376 deleri,
951 326 1062 367 hanc
1092 340 1264 381 quoque
1298 326 1562 367 mortiferam
1594 325 1683 380 pla-

246 393 347 434 gam
378 380 609 422 inflixisses
643 391 877 438 auguratus
910 384 987 433 tui,
1018 393 1162 424 utrum
1183 383 1429 424 decreturus
1459 381 1588 422 fueris
1622 381 1681 431 id,

245 437 363 492 quod
385 452 566 494 augures
589 453 736 480 omnes
760 453 893 494 usque
912 456 936 481 a
956 439 1143 481 Romulo
1162 440 1455 490 decreverunt,
1471 438 1582 481 Jove
1601 437 1683 479 ful-

247 502 392 548 gente,
415 510 515 536 cum
549 496 709 551 populo
733 496 804 551 agi
836 495 955 537 nefas
986 511 1090 547 esse,
1121 511 1190 547 an,
1212 496 1313 551 quia
1342 505 1389 537 tu
1423 509 1588 551 semper
1622 495 1682 536 sic

247 551 421 607 egisses,
444 553 635 608 auspicia
657 552 787 593 fueris
809 567 945 608 augur
966 553 1277 594 dissoluturus?

304 608 386 659 Ac,
408 624 461 650 ne
483 610 643 650 diutius
664 609 814 664 loquar
835 609 887 650 de
914 619 1126 666 auguratu
1157 620 1257 660 tuo;
1288 608 1405 664 quod
1435 606 1596 648 invitus
1619 607 1682 648 fa·

248 665 333 717 cio,
356 675 403 706 ut
424 666 620 707 recorder
642 666 784 708 ruinas
803 666 1076 722 reipublicae:
1100 680 1238 722 neque
1258 666 1371 707 enim
1397 675 1443 705 tu
1463 679 1682 720 umquam,

249 732 388 764 stante
417 738 505 764 non
538 723 667 764 modo
690 723 914 778 majestate
948 724 1114 775 horum,
1144 724 1216 765 sed
1240 723 1370 765 etiam
1392 722 1512 773 urbe,
1534 732 1577 763 te
1608 736 1684 763 au·

201 780 399 835 9gurem
421 781 512 822 fore
543 780 728 836 putasti:
773 781 931 822 Verum
955 790 1111 833 tamen,
1133 783 1171 815 37
1189 791 1234 821 ut
1267 779 1434 821 somnia
1455 788 1529 820 tua
1558 778 1685 821 relin-

247 852 392 891 quam,
423 838 475 878 ad
507 838 665 879 scelera
690 839 885 880 veniam:
919 838 1015 879 volo
1039 839 1101 879 uti
1132 838 1239 879 mihi
1269 836 1552 893 respondeas:
1584 850 1684 877 cum

247 893 315 935 M.
341 894 547 936 Bibulum
577 895 812 946 consulem,
843 909 929 936 non
950 896 1092 936 dicam
1124 896 1231 936 bene
1263 894 1315 935 de
1349 892 1569 949 republica
1589 907 1684 934 sen-

245 951 439 1002 tientem,
461 966 515 1003 ne
539 962 584 992 tu
606 952 713 992 mihi
737 952 866 993 homo
886 964 1036 1008 potens
1059 953 1253 1002 irascare,
1275 951 1348 1006 qui
1372 952 1426 992 ab
1447 964 1498 991 eo
1519 949 1682 992 dissen-

245 1008 363 1050 sisti:
396 1012 435 1039 38
450 1009 521 1050 sed
552 1009 773 1050 hominem
796 1020 911 1050 certe
943 1023 1152 1064 nusquam
1184 1008 1544 1064 progredientem,
1574 1005 1683 1049 nihil

245 1065 289 1106 in
324 1066 544 1121 republica
571 1066 835 1116 molientem,
860 1075 1025 1107 tantum
1059 1067 1203 1107 animo
1236 1067 1290 1107 ab
1321 1065 1563 1106 actionibus
1597 1064 1682 1105 tuis

244 1122 592 1164 dissentientem:
625 1138 724 1164 cum
751 1138 848 1164 eum
881 1133 926 1164 tu
949 1124 1167 1165 consulem
1198 1123 1241 1163 in
1266 1122 1406 1163 vincla
1426 1122 1617 1172 duceres,
1638 1129 1683 1162 et

244 1181 320 1220 39a
352 1181 498 1221 tabula
525 1179 696 1221 Valeria
733 1180 911 1236 collega:
952 1181 1013 1221 tui
1053 1181 1166 1221 mitti
1202 1181 1431 1235 juberent:
1475 1178 1682 1220 fecerisne

244 1246 345 1277 ante
377 1237 536 1278 Rostra
558 1248 750 1292 pontem,
777 1242 818 1269 40
832 1237 1094 1278 continuatis
1126 1236 1426 1286 tribunalibus,
1458 1250 1532 1291 per
1553 1250 1681 1291 quem

243 1294 395 1335 consul
426 1294 575 1351 populi
608 1294 795 1335 Romani
829 1295 1192 1336 moderatissimus
1223 1304 1266 1335 et
1295 1292 1683 1342 constantissimus,

245 1351 414 1392 sublato
449 1351 627 1402 auxilio,
658 1351 844 1393 exclusis
879 1352 1042 1402 amicis,
1074 1353 1114 1393 vi
1154 1352 1418 1407 perditorum
1457 1349 1683 1390 hominurn

245 1408 439 1459 incitata,
463 1409 711 1464 turpissimo
734 1409 1057 1464 miserrimoque
1082 1407 1341 1465 spectaculo,
1364 1421 1449 1448 non
1472 1407 1516 1447 in
1539 1421 1682 1448 carce-

182 1476 233 1510 2⁶2
247 1480 350 1516 rem,
381 1466 454 1507 sed
493 1467 545 1507 ad
582 1467 840 1522 supplicium
879 1476 922 1507 et
959 1467 1013 1507 ad
1042 1481 1191 1507 necem
1220 1466 1472 1507 duceretur?
1504 1463 1682 1514 Quaero,

245 1537 348 1564 num
380 1524 476 1578 quis
511 1532 611 1564 ante
648 1533 689 1564 te
726 1531 813 1565 tam
847 1522 976 1564 fuerit
1010 1523 1210 1574 nefarius,
1242 1523 1315 1578 qui
1350 1522 1392 1563 id
1426 1520 1603 1562 fecerit?
1636 1531 1683 1561 ut

243 1580 442 1631 sciamus,
464 1589 608 1622 utrum
632 1589 822 1622 veterum
842 1580 1081 1622 facinorum
1103 1582 1158 1621 sis
1183 1581 1389 1629 imitator,
1409 1593 1462 1619 an
1482 1578 1681 1619 inventor

241 1651 468 1678 novorum.
531 1637 737 1693 Idemque
768 1647 810 1678 tu
835 1653 934 1679 cum
964 1637 1030 1678 his
1061 1647 1189 1693 atque
1220 1635 1467 1692 hujusmodi
1490 1634 1681 1677 consiliis

242 1709 292 1736 ac
330 1694 610 1747 facinoribus,
653 1698 827 1736 nomine
867 1695 919 1737 C.
955 1694 1154 1746 Caesaris,
1187 1692 1507 1737 clementissimi
1550 1702 1680 1747 atque

242 1751 399 1808 optimi
434 1752 528 1803 viri,
557 1752 714 1794 scelere
746 1767 846 1794 vero
881 1761 1009 1807 atque
1047 1753 1227 1793 audacia
1260 1760 1347 1801 tua,
1383 1749 1449 1790 M.
1475 1749 1683 1791 Bibulum

244 1808 355 1861 foro,
376 1809 508 1861 curia,
533 1809 717 1866 templis,
747 1809 852 1851 locis
887 1808 1070 1866 publicrs
1102 1810 1302 1851 omnibus
1333 1806 1585 1863 expulisses‚
1617 1807 1682 1847 in-

244 1866 411 1908 clusum
443 1867 560 1909 domi
592 1867 858 1918 contineres;
890 1881 1074 1922 cumque
1112 1882 1197 1908 non
1234 1865 1459 1921 majestate
1497 1863 1682 1919 imperii,

244 1938 333 1964 non
357 1923 456 1978 jure
486 1925 646 1980 legum,
669 1925 741 1966 sed
768 1924 915 1980 januae
949 1924 1149 1980 praesidio
1171 1934 1213 1965 et
1243 1923 1455 1981 parietum
1476 1920 1684 1961 custodiis

201 1990 234 2020 b.
247 1981 433 2022 consulis
455 1982 545 2023 vita
568 1990 806 2038 tegeretur:
839 1982 1060 2023 miserisne
1092 1983 1314 2032 viatorem,
1339 1978 1461 2033 4lqui
1494 1977 1582 2033 [M.
1609 1976 1685 2019 Bi-

246 2038 414 2093 bulum]
436 2039 566 2081 domo
589 2040 632 2081 vi
661 2039 921 2090 extraheret,
953 2047 1015 2091 ut,
1037 2040 1153 2095 quod
1179 2038 1275 2079 42in
1309 2036 1486 2094 privatis
1517 2048 1683 2091 semper

184 621 232 655 91

283 2152 325 2182 36
360 2153 474 2191 quibus
514 2154 645 2193 putasti
678 2163 782 2193 remp.
821 2152 935 2192 deleri]
981 2152 1027 2183 sic
1063 2152 1211 2184 absolute
1248 2150 1378 2181 dicitur.
1423 2148 1562 2179 Videtur
1595 2147 1682 2178 exci-

241 2193 423 2225 Lambinus
451 2196 636 2234 suspicatur
664 2196 818 2226 excidisse
849 2205 941 2235 posse

243 2241 321 2266 ante
338 2237 448 2267 deleri.
495 2237 566 2277 Ego
582 2248 709 2277 quoque
731 2238 766 2267 in
789 2238 851 2268 hoc
869 2238 941 2268 loco

244 2278 340 2308 haesi:
365 2280 609 2318 suspicatusque
632 2289 706 2310 sum
722 2280 864 2310 deletum
886 2281 942 2317 iri,

244 2321 349 2360 qualis
378 2322 613 2352 contractionis
648 2323 683 2352 in
718 2322 779 2352 hoc
817 2323 941 2353 Futuro

246 2363 384 2403 passivo,
412 2368 450 2393 ut.
479 2363 512 2393 in
542 2364 703 2402 Perfecto,
732 2364 881 2404 exempla
908 2369 942 2394 et

245 2404 310 2436 alia
337 2411 536 2443 occurrunt3
573 2406 775 2444 omninoque
813 2407 846 2436 in
880 2406 942 2436 hoc

246 2446 372 2477 Futuro
396 2457 480 2487 saepe
506 2447 627 2478 haesere
651 2448 788 2485 librarii,
808 2455 847 2478 ut
862 2449 943 2479 bene

245 2497 358 2520 monet
373 2489 543 2520 Drakenb.
557 2491 598 2520 ab
613 2490 685 2521 Liv.
700 2490 759 2527 VI,
776 2494 805 2521 3.

287 2534 328 2566 37
350 2536 388 2562 ut
400 2532 527 2562 somnia
541 2536 600 2563 tua
616 2534 676 2563 rel.
694 2533 739 2563 ad
753 2534 875 2562 scelera
888 2541 940 2561 vve-

244 2573 353 2614 niam]
386 2574 523 2605 Somnia
550 2580 584 2604 et
611 2576 733 2605 scelera
763 2584 830 2604 non
858 2574 940 2604 bene

245 2616 324 2647 satis
352 2617 412 2647 sibi
440 2616 649 2656 respondent.
695 2618 828 2655 Conjeci
846 2615 941 2654 suci-

245 2668 339 2688 nora.
385 2659 539 2695 Somniis,
555 2669 629 2698 quae
643 2660 778 2690 fuerunt
801 2660 834 2689 in
851 2659 941 2688 inani

245 2701 401 2740 opinione
436 2711 473 2732 ac
508 2711 577 2742 spe,
605 2701 688 2732 bene
715 2704 942 2741 opponuntur,

246 2752 320 2781 quae
349 2753 382 2774 re
405 2753 481 2774 vera
503 2749 577 2774 acta
601 2749 700 2775 sunt:
723 2754 762 2774 ea
788 2748 866 2774 sunt
879 2741 942 2783 sa-

245 2794 369 2815 cmm-a.

287 2830 327 2857 35³,
350 2828 407 2857 serl
419 2829 502 2858 hom.
519 2832 605 2858 certe
627 2837 788 2868 nusquam
808 2835 945 2866 progre-

245 2868 401 2910 dientem]
442 2870 514 2901 Hoc
543 2869 673 2910 quidem
703 2870 855 2907 nimium,
886 2879 946 2901 nec

982 2195 1065 2225 disse
1093 2200 1225 2232 temere,
1253 2193 1318 2223 sive
1344 2203 1384 2224 ex
1410 2201 1449 2222 eo
1479 2191 1603 2222 factum
1630 2194 1681 2221 est

985 2239 1158 2268 lwminem.

1026 2283 1066 2314 39
1095 2290 1118 2309 a
1152 2279 1267 2311 tabula
1297 2276 1432 2308 Valeria
1467 2275 1596 2313 collegae
1631 2273 1682 2304 tui

984 2322 1072 2353 mitti
1091 2321 1141 2363 j.]
1171 2322 1192 2351 i.
1217 2331 1248 2351 e.
1271 2329 1348 2350 cum
1373 2320 1413 2350 ad
1440 2316 1606 2349 Valeriam
1632 2322 1683 2347 ta-

985 2364 1096 2394 bulam
1113 2368 1246 2394 ventum
1262 2366 1359 2398 esset,
1382 2362 1423 2391 ab
1439 2361 1496 2392 illo
1511 2358 1586 2390 inde
1606 2358 1681 2390 loco

987 2406 1075 2436 mitti
1085 2407 1210 2444 jussere
1225 2404 1349 2434 tribuni
1365 2404 1477 2444 plebis.
1493 2402 1555 2433 hoc
1570 2401 1681 2440 exqui-

987 2448 1082 2478 sitius
1095 2457 1192 2487 quam
1208 2447 1253 2476 ad
1268 2447 1416 2476 tabulam
1433 2445 1473 2476 V.
1487 2450 1525 2475 ut
1539 2444 1668 2484 suspica

983 2495 1040 2520 tur
1054 2490 1200 2520 Graevius
1214 2499 1232 2519 e
1247 2487 1327 2518 eod,
1350 2488 1422 2520 Erf.
1445 2488 1480 2518 in
1493 2496 1556 2526 quo
1570 2492 1622 2517 est
1637 2485 1684 2516 ad

983 2532 1109 2562 tabula.

1024 2577 1065 2605 40
1079 2573 1277 2604 continuatis
1292 2571 1526 2611 tribunalibus]
1551 2569 1601 2602 Ad
1618 2569 1681 2601 hoc

984 2615 1248 2656 intelligendum,
1271 2614 1298 2645 si
1318 2624 1400 2656 opus
1422 2620 1485 2652 est,
1500 2613 1570 2644 vide
1590 2613 1683 2645 Clav-

984 2657 1017 2689 in
1033 2659 1192 2689 tribunal.

1026 2703 1062 2731 41
1090 2702 1145 2740 qui
1169 2699 1217 2731 M.
1241 2698 1402 2730 Bibulum
1427 2698 1458 2728 d.
1481 2707 1512 2727 υ.
1535 2696 1682 2736 extr-ah]

985 2742 1034 2773 M.
1061 2742 1218 2773 Bibulum
1243 2746 1325 2781 puto
1348 2750 1415 2772 esse
1437 2739 1625 2777 delendum,
1648 2745 1683 2770 et

986 2785 1133 2815 additum
1150 2795 1168 2814 a
1183 2784 1374 2821 glossatore.

1028 2830 1070 2858 4¹2
1094 2827 1128 2857 in
1144 2826 1288 2867 privatis
1301 2834 1426 2865 semper
1440 2828 1486 2854 est
1498 2822 1680 2862 servatum]

988 2879 1033 2901 sc.
1058 2874 1095 2900 ut
1111 2869 1140 2900 ei
1155 2868 1243 2900 domi
1267 2877 1335 2899 suae
1359 2867 1405 2898 vis
1427 2866 1498 2897 fieri
1521 2875 1586 2897 non
1609 2873 1683 2906 pos-
