1812 3147
597 93 714 132 PRO
752 93 796 131 L.
824 93 1070 133 FLACCO.
1482 98 1569 139 747

117 198 338 256 scripsisse
359 205 435 240 aut
461 197 713 254 obsignasse
743 197 983 238 videantur.
1047 196 1257 252 Equidem
1290 198 1333 239 in
1368 198 1558 241 minimis
1576 197 1645 251 16

117 258 248 299 rebus
269 270 384 312 saepe
402 270 466 299 res
489 269 667 310 magnas
700 254 802 304 vidi,
819 254 1006 309 judices,
1029 254 1291 310 deprehendi
1324 270 1374 296 ac
1408 258 1622 314 teneri,37

121 326 168 356 ut
201 315 248 356 in
279 314 361 354 hoc
395 312 667 368 Asclepiade.
734 313 769 342 ⁵¹
790 311 916 362 Haec,
948 326 1045 367 quae
1078 321 1143 352 est
1183 327 1207 352 a
1238 312 1363 352 nobis
1395 314 1691 368 prolatap.154.

117 370 322 420 laudatio,
353 371 584 426 obsignata
616 378 708 410 erat
737 381 854 409 creta
886 368 958 409 illa
988 368 1211 421 Asiatica3
1253 383 1349 424 quae
1385 372 1472 410 fere
1495 375 1600 412 esta·

122 429 323 470 omnibus
346 438 452 468 nota
474 427 622 467 nobis:
656 441 741 481 qua
761 436 939 466 utuntur
963 440 1112 467 omnes
1144 440 1228 466 non
1262 426 1392 468 modo
1416 428 1455 467 in
1482 443 1566 484 pu-

122 485 259 536 blicis,
282 485 353 526 sed
377 485 506 526 etiam
530 484 573 524 in
600 484 776 539 privatis
810 483 978 534 litteris,
1006 498 1110 539 quas
1143 483 1338 538 quotidie
1369 484 1567 528 videmus

118 543 241 584 mitti
258 558 286 583 a.
314 541 570 598 publicanis,
595 555 710 597 saepe
742 540 973 596 unicuique
997 540 1208 581 nostrum.
1273 541 1426 596 Neque
1447 544 1564 585 enim

119 599 240 641 testis
259 600 350 655 ipse
373 599 497 656 signo
521 600 717 654 iuspecto
741 598 894 639 falsum
920 613 996 638 nos
1014 598 1202 654 proferre
1221 598 1349 648 dixit,
1365 600 1435 640 sed
1458 600 1565 642 levi-

119 667 253 698 tatem
276 658 408 698 totius
431 655 550 696 Asiae
573 655 765 712 protulit,
789 655 841 696 de
871 671 956 711 qua
987 670 1063 696 nos
1095 666 1137 696 et
1169 656 1352 697 libenter
1372 667 1415 697 et
1437 656 1565 699 facile

118 714 411 756 concedimus.
485 714 646 754 Nostra
683 713 817 769 igitur
846 712 1051 763 laudatio,
1091 727 1220 768 quam
1252 713 1322 754 ille
1354 716 1561 770 temporis

119 786 249 814 causa
264 772 387 812 nobis
409 771 552 812 datam
567 771 843 822 dicit,datam
857 771 1029 825 quidem
1046 770 1292 822 confitetur,
1306 773 1563 828 consignata

117 840 236 870 creta
256 838 345 870 est:
379 829 421 869 in
446 828 517 869 illo
540 837 683 869 autem
708 829 972 878 testimonio,
996 828 1110 883 quod
1131 830 1370 870 accusatori
1403 830 1562 872 dicitur

118 886 283 936 datum,
306 888 497 927 52ceram
521 900 612 926 esse
636 885 835 926 vidimus.
890 885 978 926 Hic
997 900 1094 942 ego,
1110 885 1296 940 judices,
1320 887 1352 927 si
1377 901 1450 927 vos
1475 887 1560 929 Ac·
1571 894 1623 930 38

119 944 390 986 monensium
413 944 610 993 decretis,
635 943 668 982 si
692 953 933 984 ceterorum
958 942 1180 999 Phrygum
1205 943 1359 984 litteris
1391 959 1562 1000 permo-

117 1001 207 1042 veri
240 1010 449 1057 putarem,
484 1000 755 1050 vociferarer,
788 1010 845 1051 et,
876 1011 1085 1056 quantum
1114 1001 1305 1042 maxime
1324 1004 1362 1032 53
1378 1016 1563 1057 possem,

118 1058 449 1100 contenderem:
483 1068 661 1099 testarer
694 1057 962 1113 publicanos,
986 1058 1223 1099 excitarem
1256 1059 1563 1114 negotiatores,

119 1126 309 1157 vestram.
334 1117 464 1157 etiam
492 1115 802 1157 conscientiam
835 1115 1134 1171 implorarem:
1167 1131 1264 1157 cera
1285 1118 1564 1172 deprehensa,

117 1173 378 1215 confiderem
422 1175 556 1215 totius
599 1173 836 1214 testimonii
873 1173 1019 1214 fictam
1064 1173 1287 1215 audaciam
1329 1174 1562 1216 manifesto

118 1230 473 1287 comprehensam
509 1240 638 1285 atque
667 1245 915 1287 oppressam
951 1231 1102 1272 teneri.
1178 1231 1309 1272 Nunc
1344 1246 1444 1272 vero
1476 1247 1565 1274 non

117 1287 335 1330 insultabo
357 1289 668 1339 vehementius,
693 1302 771 1329 nec
793 1287 984 1330 volitabo
1018 1289 1060 1329 in
1097 1289 1179 1330 hoc
1201 1288 1469 1340 insolentius,
1490 1305 1565 1331 ne-

118 1345 272 1401 quein
306 1346 437 1387 istum
470 1355 741 1402 nugatorem,
775 1355 994 1400 tamquam
1026 1346 1069 1387 in
1099 1346 1284 1401 aliquem
1310 1356 1478 1398 testem,
1501 1348 1566 1388 in-

123 1402 266 1455 vehar,
298 1418 437 1460 neque
479 1403 521 1444 in
558 1414 651 1444 toto
683 1403 1023 1444 Acmonensium
1061 1404 1325 1454 testimonio,
1369 1404 1458 1445 sive
1493 1405 1565 1447 hic

120 1459 364 1509 confictum
379 1470 458 1513 est,
476 1472 523 1502 ut
546 1470 737 1517 apparet,
761 1461 852 1501 sive
870 1461 1047 1501 missum
1071 1463 1201 1502 domo
1221 1472 1299 1511 est,
1321 1471 1367 1502 ut
1388 1461 1562 1514 dicitur,

119 1520 441 1560 commovebor.
505 1517 694 1569 Etenim,
717 1518 875 1573 quibus
896 1533 979 1575 ego
1012 1519 1137 1559 istam
1171 1519 1464 1560 laudationem
1498 1535 1562 1561 re-

118 1575 306 1626 mittam,
328 1576 533 1632 quoniam
566 1586 666 1616 sunt
687 1580 755 1629 (ut
787 1574 1065 1632 Asclepiades
1098 1576 1224 1629 dicit)
1247 1577 1376 1628 leves,
1408 1576 1562 1618 horum

119 1633 417 1674 testimonium
440 1648 525 1675 non
551 1633 867 1689 pertimescam.

176 1689 317 1731 Venio
339 1705 453 1732 nunc
475 1691 527 1732 ad
553 1690 862 1746 Dorylensium
886 1691 1208 1734 testiinonium:
1239 1692 1313 1747 qui
1345 1693 1560 1749 producti,
1581 1693 1646 1748 17

119 1747 287 1789 tabulas
307 1762 354 1789 se
375 1749 570 1805 publicas
591 1749 642 1789 ad
658 1749 882 1805 speluncas
901 1749 1136 1805 perdidisse
1149 1749 1367 1791 dixerunt.
1428 1750 1468 1792 O
1488 1766 1564 1808 pa·
1575 1765 1627 1802 39

120 1813 269 1856 stores,
293 1807 438 1848 nescio
461 1807 779 1862 quos,cupidos
803 1807 1063 1848 litterarum!
1095 1807 1307 1862 siquidem
1328 1808 1437 1850 nihil
1456 1809 1565 1861 istis,

119 1873 278 1919 praeter
299 1863 476 1915 litteras,
500 1863 784 1905 abstulerunt.
846 1864 930 1905 Sed
953 1864 1069 1905 aliud
1090 1879 1181 1905 esse
1204 1879 1345 1907 causae
1374 1867 1566 1922 suspica-

120 1934 232 1970 mur,
254 1935 307 1962 ne
329 1920 440 1962 forte
460 1922 529 1963 isti
553 1936 705 1978 parum
720 1922 880 1964 versuti
904 1936 996 1963 esse
1019 1922 1261 1964 videantur.
1323 1923 1466 1965 Poena
1486 1933 1565 1975 est,

119 1986 169 2018 ut
186 1980 355 2035 opinor,
379 1982 418 2011 54
434 1979 629 2035 Dorylaei
652 1980 840 2036 gravior,
864 1994 993 2036 quam
1012 1981 1127 2036 apud
1149 1980 1270 2032 alios,
1293 1979 1496 2023 falsarum
1525 1991 1570 2023 et

115 2135 346 2167 testimonium
373 2146 433 2177 pro
463 2135 580 2167 Flacco
610 2137 683 2178 plus
709 2137 816 2168 valere
864 2141 955 2168 1540.
995 2148 1092 2178 quem
1120 2139 1224 2169 secuti
1260 2138 1415 2171 videntur
1441 2139 1565 2182 Gryph.

118 2187 224 2218 posse,
239 2188 337 2218 quam
350 2179 438 2218 quod
459 2185 577 2210 eontra
590 2190 664 2209 eum
687 2190 817 2220 expres-
860 2180 974 2221 Steph.
1006 2181 1063 2211 &m
1091 2181 1179 2220 quod
1207 2191 1274 2212 non
1303 2182 1568 2215 animadversum

119 2229 191 2251 sum
206 2221 250 2252 sit
264 2231 283 2251 a
299 2221 412 2252 Laelio.
459 2221 498 2252 In
513 2222 570 2252 illo
593 2222 699 2253 dando
723 2223 817 2253 liberi
860 2224 987 2263 peperit
1003 2229 1097 2253 notas
1111 2224 1251 2254 criticas.

120 2261 223 2300 fuere,
238 2263 274 2293 in
287 2263 350 2294 hoc
367 2265 485 2299 coacti,
501 2265 596 2304 idque
606 2266 778 2306 temporis,
796 2266 816 2296 i.
905 2268 945 2295 52
968 2276 1078 2295 ceram
1095 2277 1158 2296 esse
1173 2266 1329 2306 vidimus]
1358 2267 1409 2298 Sic
1421 2279 1482 2308 pro
1496 2269 1568 2300 vul-

119 2314 149 2335 e.
162 2306 365 2337 necessitatis
381 2307 553 2346 praesentis
568 2316 679 2344 causa,
695 2308 819 2338 dedisse

117 2345 282 2378 videntur.
326 2347 378 2379 lta
395 2354 453 2379 aut
468 2348 643 2380 delendum
666 2351 710 2380 sit
725 2352 819 2387 nihil,

67 2417 72 2423 ,
117 2394 175 2419 aut
192 2390 423 2430 corrigendum
444 2393 605 2422 nonnihil.
650 2391 721 2423 Nisi
746 2403 821 2424 vero

118 2435 228 2463 totum
250 2438 301 2463 est
324 2434 499 2470 ironicum,
524 2440 658 2475 propter
684 2436 822 2466 manife-

119 2478 206 2505 stam
221 2475 470 2512 absurditatem,
487 2477 513 2506 si
528 2477 655 2507 absenti
671 2479 822 2508 testimo-

119 2516 212 2546 nium
227 2518 384 2558 temporis
401 2528 499 2549 causa
515 2518 640 2550 dedisse
656 2519 821 2557 dieantur,

118 2560 274 2598 praesenti
299 2564 334 2590 et
368 2562 509 2591 terrenti
546 2561 629 2592 nihii
662 2564 822 2602 temporis

119 2609 219 2632 causa
243 2601 411 2632 dederint:
437 2603 525 2642 quod
546 2605 762 2643 praetulerim,
782 2615 822 2636 ne

122 2643 239 2683 corrigi
255 2644 333 2683 quid
344 2645 414 2676 sine
430 2645 520 2675 libris
534 2646 661 2677 debeat.

165 2687 202 2715 51
227 2685 321 2721 Haec,
336 2697 406 2726 quoe
415 2693 462 2718 est
476 2699 496 2718 α
514 2699 546 2718 n.
556 2689 604 2727 p.]
632 2689 698 2720 Est
713 2689 823 2720 addidi

121 2734 198 2757 cum
211 2727 353 2765 Graevio,
378 2730 465 2768 quod
488 2731 520 2760 in
544 2730 625 2761 Mss.
640 2732 706 2762 suis
723 2732 820 2762 Faer-

123 2775 197 2805 nus,
221 2769 414 2808 Lambinus,
439 2772 599 2809 Graevius,
623 2783 683 2803 nos
705 2775 739 2804 in
758 2775 820 2806 Gu.

123 2809 312 2850 reperimus.
357 2813 419 2844 Est
432 2823 508 2844 vero
532 2815 566 2844 in
580 2816 733 2846 omnibus
749 2817 822 2848 edd.

123 2860 174 2893 pr.
219 2853 305 2886 Casu
330 2854 452 2888 excidit
475 2856 510 2888 in
533 2856 584 2888 ed.
614 2857 651 2889 P.
677 2858 824 2891 Manutii

863 2314 941 2347 gato
954 2310 1113 2345 videmus,
1129 2309 1216 2348 quod
1231 2310 1310 2340 facit
1320 2309 1569 2344 clausulamhe-

864 2352 1017 2387 xametri,
1034 2351 1180 2381 dedimus
1195 2362 1212 2382 e
1225 2352 1305 2382 Mss.
1320 2351 1450 2391 Faerni,
1468 2354 1571 2386 Fran·

864 2393 918 2429 cii,
936 2393 1044 2423 Guelf.
1062 2394 1111 2423 ed.
1124 2394 1179 2425 W.
1576 2430 1582 2437 Ν

907 2437 946 2466 53
958 2445 1094 2475 possem,
1108 2435 1346 2476 contenderem]
1361 2437 1568 2470 Guilielmius

864 2478 1059 2516 conjiciebat
1066 2489 1189 2519 possem
1201 2480 1402 2517 contendere,
1413 2491 1457 2511 sc.
1470 2491 1549 2513 voce
1557 2494 1568 2521 ;

866 2520 952 2558 quod
979 2521 1131 2560 placebat
1155 2522 1309 2552 Grutero.
1338 2529 1420 2563 puto
1454 2534 1569 2555 verum

867 2571 948 2592 esse.
964 2573 1040 2593 nam
1057 2564 1103 2593 sic
1118 2564 1201 2594 solet
1218 2565 1344 2595 Cicero.

910 2608 951 2636 54
984 2605 1146 2644 Doryloei]
1184 2606 1237 2636 Sic
1265 2606 1346 2637 Mss.
1372 2609 1569 2639 vetustiores·

866 2652 900 2676 et
928 2647 1091 2684 meliores,
1121 2649 1221 2678 etiam
1250 2655 1374 2686 noster,
1394 2651 1474 2680 item
1495 2650 1568 2682 edd.

866 2699 915 2729 pr.
939 2696 1060 2730 praeter
1087 2690 1174 2720 Med.
1195 2692 1228 2720 in
1253 2701 1318 2730 qua
1334 2700 1481 2722 erratum
1505 2693 1570 2724 fuit

864 2741 1052 2771 operarum,
1067 2732 1313 2772 Dotylensium.
1331 2744 1406 2764 nam
1423 2736 1571 2773 sequitur

865 2774 932 2804 fere
954 2775 1005 2805 ed.
1030 2776 1122 2806 Brix.
1147 2775 1180 2805 id
1203 2782 1349 2806 erratum
1373 2777 1513 2807 servavit
1536 2782 1571 2808 et

865 2818 1060 2857 propagavit
1076 2817 1263 2847 Victorius:
1289 2827 1348 2847 nec
1371 2824 1488 2850 tamen
1501 2829 1574 2851 om·

867 2868 925 2891 nes
935 2869 1015 2891 eum
1028 2860 1132 2890 secuti
1148 2868 1239 2897 sunt,
1251 2865 1291 2891 ut
1307 2859 1383 2892 Ald.
1396 2859 1446 2893 N.
