1769 3174
369 82 445 122 DE
472 80 824 122 HARUSPICUM
849 79 1143 120 RESPONSIS.
1403 85 1480 121 905

43 194 153 230 tuta.
183 185 245 228 illi
273 185 419 229 locus:
453 195 498 228 at
526 186 633 228 mihi
665 185 795 226 etiam
828 185 1011 241 parietes
1040 193 1168 240 atque
1198 190 1374 225 tectum.
1403 183 1480 235 illi,

45 259 175 300 quam
197 245 287 300 ipse
309 245 477 301 privato
492 244 591 299 jure
612 251 825 284 tueretur:
858 242 981 292 mihi,
1002 256 1130 296 quam
1150 240 1320 296 publice
1342 242 1481 297 magi-

45 312 202 342 stratus
235 316 383 342 omnes
415 300 706 342 defenderent.
769 299 880 345 Quae
916 298 1089 353 quidem
1120 311 1202 354 ego
1234 298 1267 337 si
1300 308 1374 338 aut
1407 311 1482 353 per

44 372 130 408 me,
158 367 232 399 aut
261 360 315 399 ab
345 358 437 399 aliis
469 358 696 399 haberem:
729 371 815 396 non
850 355 1127 411 praedicarem
1160 354 1275 410 apud
1305 369 1395 405 vos,
1426 368 1483 394 ne

45 414 174 455 nimis
196 414 367 471 gloriari
391 415 568 456 viderer.
591 414 679 464 sed,
701 428 796 454 cum
822 413 907 453 sint
929 412 1035 453 mihi
1058 413 1158 453 data
1179 427 1204 452 a
1225 411 1363 461 vobis,
1382 425 1482 451 cum

45 485 96 512 ea
128 480 392 513 attententur
427 472 518 527 ejus
553 471 714 527 lingua,
747 469 871 525 cujus
903 479 1029 510 antea
1058 483 1186 510 manu
1222 482 1369 509 eversa
1406 482 1483 509 vos

45 528 153 571 mihi
185 537 230 569 et
260 529 405 570 liberis
437 528 558 579 meis,
581 527 778 569 manibus
803 527 954 568 vestris
989 525 1258 567 reddidistis:
1291 540 1376 566 non
1398 539 1482 580 ego

45 585 99 626 de
130 585 250 637 meis,
282 587 353 626 sed
386 586 438 627 de
469 585 619 626 vestris
649 583 774 626 factis
805 584 981 639 loquor:
1013 598 1093 624 nec
1115 597 1276 634 vereor,
1301 596 1354 623 ne
1385 581 1482 623 haec

45 656 142 683 mea
168 651 403 684 vestrorum
427 642 734 684 beneficiorum
762 641 1029 697 praedicatio,
1050 655 1137 681 non
1170 648 1293 697 grata
1322 638 1539 696 potius,b-,

0 695 1 712 ³
45 713 175 754 quam
195 714 397 756 arrogans
413 700 619 741 videatur.
652 699 943 753 Quamquam,
958 698 991 738 si
1009 712 1091 748 me,
1114 697 1244 738 tantis
1262 697 1482 738 laboribus
1496 683 1546 723 ¹7

0 799 1 806 χ
46 769 126 812 pro
147 758 366 798 communi
389 756 523 798 salute
554 755 843 812 perfunctum,
865 755 1034 797 efferret
1064 754 1293 810 aliquando
1315 754 1370 795 ad
1391 754 1485 810 glo-

0 826 1 830 ’
47 814 154 856 riam
177 814 220 854 in
242 814 477 855 refutandis
499 813 736 854 maledictis
768 813 1064 868 improborum
1090 812 1330 864 hominum,
1352 811 1487 853 animi

47 871 223 927 quidam
245 871 380 922 dolor,
402 871 497 926 quis
519 885 605 912 non
629 871 899 927 ignosceret?
935 870 1036 911 Vidi
1058 870 1173 910 enim
1194 869 1394 911 hesterno
1416 869 1487 909 die

48 928 260 983 quendam
283 938 647 979 murmurantem3
677 942 805 983 quem
836 927 1010 968 aiebant
1030 929 1071 958 3⁰
1083 941 1255 982 negare,
1276 926 1387 969 ferre
1416 940 1487 967 me

49 999 188 1041 posse,
210 984 325 1040 quia,
347 1000 445 1028 cum
467 987 521 1026 ab
543 985 627 1026 hoc
650 985 801 1026 eodem
820 984 1110 1040 impurissimo
1127 984 1340 1040 parricida
1359 998 1489 1038 roga·-

51 1056 131 1093 rer,
152 1043 275 1098 cujus
306 1057 441 1084 essem
464 1041 667 1093 civitatis,
696 1042 913 1098 respondi,
934 1056 1017 1092 me,
1038 1042 1322 1099 probantibus
1346 1050 1390 1083 et
1412 1055 1488 1081 vo-

51 1099 132 1150 bis,
164 1109 208 1141 et
237 1100 455 1155 equitibus
484 1099 708 1151 Romanis,
739 1101 832 1155 ejus
862 1113 967 1150 esse,
993 1113 1090 1153 quae
1121 1113 1266 1140 carere
1296 1113 1366 1141 me
1399 1113 1488 1139 non

52 1157 278 1212 potuisset.
338 1156 430 1209 Ille,
452 1166 500 1198 ut
520 1157 689 1213 opinor,
711 1156 938 1213 ingemuit.
1001 1156 1120 1203 Quid
1151 1156 1283 1212 igitur
1314 1171 1491 1213 respon-

51 1214 223 1256 derem?
252 1219 420 1269 (quaero
441 1229 496 1256 ex
518 1229 570 1256 eo
592 1215 702 1270 ipso,
724 1215 797 1269 qui
820 1213 930 1254 ferre
951 1227 1021 1254 me
1049 1228 1134 1255 non
1159 1216 1318 1269 potest)
1342 1229 1410 1255 me
1430 1214 1492 1255 ci-

51 1284 148 1312 vem
169 1285 261 1312 esse
283 1271 526 1313 Romanum
544 1274 558 1314 ?
588 1272 775 1314 litterate
795 1270 1123 1328 respondissem.
1166 1273 1200 1301 3¹
1215 1270 1492 1313 Tacuissem?

52 1327 268 1370 desertum
289 1329 529 1386 negotium.
590 1328 743 1370 Potest
769 1329 996 1384 quisquam
1020 1328 1085 1369 vir
1107 1328 1153 1368 in
1174 1329 1301 1370 rebus
1322 1329 1493 1385 magnis

51 1398 152 1427 cum
175 1386 337 1427 invidia
356 1396 561 1438 versatus,
582 1386 683 1428 satis
703 1385 891 1442 graviter
911 1394 1062 1426 contra
1081 1385 1245 1427 inimici
1269 1397 1494 1428 contume-

52 1441 154 1484 liam
177 1443 268 1484 sine
291 1459 366 1486 sua
385 1443 511 1487 laude
540 1444 823 1499 respondere?
861 1441 922 1483 At
943 1443 1036 1498 ipse
1055 1456 1143 1483 non
1164 1443 1294 1484 modo
1317 1459 1494 1500 respon-

54 1499 141 1551 det,
163 1500 372 1556 quidquid
394 1508 551 1557 potest,
572 1515 671 1542 cum
692 1510 758 1541 est
786 1499 1031 1541 lacessitus:
1063 1500 1136 1541 sed
1157 1501 1287 1542 etiam
1319 1502 1494 1558 gaudet,

56 1570 100 1598 se
121 1557 175 1598 ab
196 1558 361 1609 amicis,
382 1558 486 1614 quid
506 1558 777 1614 respondeat,
799 1557 1034 1598 admoneri.

113 1614 212 1665 Sed,
242 1615 446 1670 quoniam
479 1630 574 1656 mea
605 1630 734 1656 causa
766 1614 970 1670 expedita
1000 1623 1079 1665 est,
1107 1614 1328 1657 videamus
1360 1628 1539 1682 nunc,9

57 1671 159 1726 quid
182 1671 428 1729 haruspices
450 1671 612 1714 dicant.
672 1671 768 1727 Ego
789 1671 904 1712 enim
927 1671 1079 1722 fateor,
1099 1686 1183 1723 1116,
1204 1682 1247 1714 et
1274 1672 1555 1734 maginni-'13

59 1728 158 1769 dine
187 1730 360 1780 ostenti,
383 1739 426 1771 et
457 1729 671 1786 gravitate
703 1728 911 1785 responsi,
931 1737 975 1770 et
1002 1743 1088 1770 una
1116 1738 1245 1785 atque
1275 1732 1492 1772 constanti

58 1783 333 1842 haruspicum
363 1801 469 1828 voce
502 1786 777 1828 vehementer
807 1800 898 1826 esse
930 1795 1213 1828 commotum.
1273 1787 1426 1843 Neque
1457 1789 1493 1829 is

59 1855 168 1894 sum,
196 1844 285 1898 qui,
318 1843 351 1884 si
376 1844 446 1885 cui
478 1843 590 1885 forte
620 1844 769 1886 videor
800 1843 910 1899 pluS,
932 1858 1061 1898 quam
1083 1845 1230 1895 ceteri,
1251 1846 1324 1900 qui
1357 1861 1495 1902 aeque,

59 1907 187 1954 atque
218 1914 314 1957 ego,
346 1909 446 1942 sunt
474 1902 690 1958 occupati,
715 1901 872 1941 versari
902 1901 946 1941 111
979 1900 1121 1942 studio
1144 1901 1398 1954 litterarum,
1428 1903 1496 1944 his

59 1955 259 2009 delecter,
280 1967 354 1998 aut
385 1967 480 1999 utar
508 1959 686 1999 omnino
706 1958 875 2009 litteris,
897 1972 994 2012 quae
1023 1968 1192 2000 nostros
1225 1960 1391 2001 animos
1423 1961 1497 2002 de-

61 2020 221 2055 terrent
241 2023 369 2070 atque
390 2024 574 2056 avocant
595 2031 620 2056 a
641 2015 861 2071 religione.
906 2014 1002 2071 Ego
1026 2030 1125 2057 vero
1147 2016 1334 2072 primum
1355 2017 1497 2060 habeo

62 2079 256 2112 auctores
288 2087 338 2114 ac
360 2073 590 2128 magistros
621 2072 878 2129 religionum
901 2072 1176 2114 colendarum
1203 2074 1388 2130 majores
1418 2090 1498 2118 no-

64 2135 196 2170 stros:
227 2143 410 2184 quorum
442 2129 549 2170 1111111
577 2137 698 2171 tanta
717 2129 848 2171 fuisse
877 2129 1089 2185 sapientia
1108 2130 1292 2183 videtur,
1314 2141 1363 2174 ut
1394 2134 1498 2174 satis

64 2197 273 2241 superque
303 2186 534 2242 prudentes
563 2187 663 2237 sint,
693 2187 767 2242 qui
799 2187 968 2228 illorum
1001 2187 1287 2243 prudentiam,
1319 2205 1406 2231 non
1433 2191 1498 2232 di-

28 2294 30 2296 v
65 2255 158 2284 cam
178 2244 359 2298 assequi,
381 2244 470 2296 sed,
490 2253 652 2300 quanta
669 2243 813 2295 fuerit,
835 2244 1076 2300 perspicere
1096 2246 1287 2301 possint:
1319 2248 1392 2302 qui
1412 2258 1498 2290 sta-

64 2306 128 2340 tas
149 2298 458 2358 sollemnesque
477 2301 770 2354 caeremonias,
792 2301 1075 2359 pontificatu:
1106 2316 1247 2346 rerum
1280 2304 1390 2347 bene
1423 2320 1497 2364 ge·

65 2443 152 2469 certe
165 2440 318 2471 vitiosum
331 2445 394 2472 est.
426 2441 490 2472 Alii
507 2442 676 2482 corrigunt
691 2443 760 2479 via,
801 2445 871 2480 tur,
895 2447 935 2473 ut
962 2454 1014 2484 ap.
1041 2443 1148 2475 Plaut.
1177 2445 1273 2477 Cure.
1300 2447 1359 2485 1v,
1387 2450 1420 2485 Β,
1445 2450 1498 2481 41.

66 2479 231 2512 Rubenius
248 2482 341 2514 Velia
358 2484 504 2523 publica,
525 2485 703 2515 Palmerius
725 2485 761 2515 iu
802 2484 932 2515 Domus
946 2487 1026 2516 data
1040 2492 1098 2523 est,
1114 2488 1174 2517 int.
1197 2487 1313 2519 domus
1336 2490 1502 2521 aedifican*

68 2521 159 2554 Velia
175 2526 314 2563 publice,
337 2526 423 2565 quod
444 2527 578 2566 praefert
599 2526 757 2558 Graevius,
801 2526 851 2557 ‹1ae
866 2532 1020 2567 potestas.
1044 2528 1133 2559 Villa
1143 2535 1216 2561 orta
1229 2535 1279 2562 est
1293 2542 1333 2562 ex
1346 2543 1398 2570 eo,
1413 2533 1501 2572 quod

66 2564 111 2595 At
133 2565 282 2597 Valerius
308 2577 375 2597 non
402 2568 574 2599 aedificavit
597 2569 630 2598 in
653 2569 760 2606 Velia,
804 2573 882 2599 nota
896 2577 980 2601 esset
994 2571 1227 2610 zvillapublica.
1394 2570 1399 2578 ’

67 2605 122 2637 sed
142 2607 201 2638 sub
220 2608 327 2646 Velia,
350 2610 417 2639 imo
440 2610 536 2647 clivo,
561 2611 600 2641 ad
621 2610 763 2648 Veliam,
845 2613 885 2642 30
907 2621 1042 2651 negare,
1053 2613 1153 2653 serre
1174 2624 1225 2645 me
1239 2615 1345 2655 posse]
1362 2615 1501 2647 Videtur

66 2650 121 2687 qui
146 2648 235 2680 locus
257 2660 330 2681 cum
355 2661 423 2682 non
445 2658 529 2683 esset
542 2653 676 2690 Valerii,
691 2653 719 2683 ei
743 2664 763 2683 a
803 2662 835 2683 se
849 2653 1031 2694 anteferre
1044 2655 1209 2686 excidisse.

63 2694 181 2725 uenatu
195 2691 263 2722 dari
280 2692 401 2724 debuit.
445 2693 574 2734 Itaque,
589 2695 667 2725 dum
690 2705 759 2725 me-
843 2698 879 2725 31
907 2696 1106 2734 Tacuissem,
1131 2698 1292 2729 desertum
1315 2698 1498 2738 negotium]

65 2731 129 2762 lius
155 2735 347 2780 reperiatur,
372 2735 444 2766 dedi
473 2737 508 2766 in
535 2737 589 2766 via
612 2737 758 2776 publica,
801 2736 922 2767 Omisit
931 2737 1069 2777 ficisset,
1084 2744 1122 2769 ut
1136 2749 1194 2780 par
1207 2746 1291 2771 esset
1307 2735 1417 2777 alteri,
1431 2743 1503 2772 lite-

66 2775 141 2814 quia
154 2774 186 2803 111
204 2775 238 2804 in
251 2775 300 2806 ed.
316 2777 411 2807 dunt.
426 2785 488 2808 est.
534 2778 680 2809 Graevius
704 2788 758 2809 ne·
801 2785 874 2809 rate
894 2781 1136 2819 respondissem.
1157 2783 1220 2812 int.
1239 2792 1369 2814 eausam
1394 2793 1502 2815 mean

65 2821 135 2855 gat,
149 2817 236 2847 viam
252 2819 421 2857 publicam
438 2819 512 2850 dici.
555 2820 663 2851 Immo
679 2820 758 2851 diei-
800 2819 1022 2853 deseruissem.
