1812 3147
285 113 360 147 828
877 111 1127 151 ORATIO

287 215 599 268 :vposteaquam
630 213 752 255 vobis
785 224 975 271 potestas
1002 217 1258 259 decernendi
1296 232 1383 260 non
1411 225 1476 260 est
1510 219 1720 275 permissa

288 284 364 325 per
385 284 484 310 eum
512 271 731 312 tribunum
755 272 906 327 plebis,
928 274 1017 329 qui,
1039 289 1138 316 cum
1166 289 1241 330 per
1262 289 1306 316 se
1328 276 1634 332 rempublicam
1657 278 1718 318 la-

289 341 432 368 cerare
455 342 539 367 non
566 337 722 383 posset,
745 330 823 370 sub
853 331 991 372 alieno
1014 331 1170 373 scelere
1196 331 1378 384 delevit3
1410 348 1642 388 numquam
1665 335 1719 376 de

292 397 359 424 me
382 384 570 435 siluistis,
594 399 826 440 numquam
857 402 996 429 meam
1027 388 1206 430 salutem
1236 404 1322 430 non
1353 391 1407 431 ab
1437 390 1500 430 his
1531 391 1718 431 consuli-

255 435 385 491 4bus,
421 442 494 496 qui
536 442 826 494 vendiderant,
859 445 1145 500 flagitavistis.
1208 445 1360 500 Itaque
1399 457 1538 487 vestro
1575 447 1718 488 studio

290 509 419 553 atque
449 500 706 540 auctoritate
737 500 975 555 perfectum
1005 512 1083 552 est,
1117 511 1163 542 ut
1190 502 1258 543 ille
1290 504 1379 558 ipse
1409 519 1560 554 annus,
1588 518 1719 559 quern.

288 569 371 611 ego
396 555 516 604 milii,
542 571 670 610 quam
699 558 863 612 patriae,
889 558 1119 599 malueram
1151 573 1241 599 esse
1270 558 1456 611 fatalem,
1481 561 1558 601 hos
1581 561 1717 601 tribu·

289 626 367 652 nos
390 612 579 662 liaberet,
604 613 708 667 uni
731 624 773 654 et
796 615 1116 671 promulgarent
1140 615 1192 656 de
1214 615 1348 656 salute
1370 631 1478 667 mea,
1501 626 1545 658 et
1567 617 1619 658 ad
1644 631 1720 658 vos

289 683 584 725 saepenuinero
624 670 842 711 referrent.
885 686 984 712 narn
1023 672 1216 713 consules
1255 673 1452 723 modesti,
1491 673 1721 730 legumque

288 736 541 776 metuentCS,
576 726 919 782 impediebantur
951 729 1059 785 lege,
1094 744 1180 771 non
1213 743 1276 780 ca,
1306 745 1403 784 quae
1435 730 1487 771 de
1518 745 1599 781 nie,
1631 731 1718 782 sed,

288 797 386 837 quae
418 783 469 824 de
502 783 604 838 ipsis
634 783 719 824 lata
750 794 853 836 erat,
876 800 975 826 cum
1006 801 1124 827 meus
1156 786 1356 827 inimicus
1379 790 1394 820 7
1414 787 1718 844 promulgavit,

289 850 352 891 ut,
377 840 408 880 si
444 840 699 880 revixissent
721 841 764 892 ii,
787 842 858 896 qui
890 842 983 884 liaec
1013 858 1137 898 paene
1159 843 1367 894 delerunt,
1391 853 1481 884 tum
1504 858 1586 900 ego
1610 844 1720 885 redi-

289 911 400 938 rem:
434 912 519 952 quo
543 896 657 938 facto
680 907 908 953 utrumque
929 899 1150 941 confessus
1169 911 1247 951 est,
1266 909 1308 941 et
1328 915 1370 941 se
1394 901 1562 942 illorum
1587 901 1719 943 vitam

288 954 540 1005 desiderare,
562 964 606 995 et
637 969 794 1010 magno
821 956 863 996 in
897 957 1085 1012 periculo
1117 958 1425 1013 rempublicam
1458 958 1661 1007 futuram,
1683 959 1718 1000 si

288 1021 362 1052 aut
393 1011 536 1063 hostes
567 1021 695 1066 atque
734 1013 1028 1055 interfectores
1061 1015 1310 1070 reipublicae
1343 1015 1613 1066 revixissent,
1644 1024 1720 1058 aut

288 1082 370 1123 ego
403 1083 489 1109 non
523 1069 803 1110 revertissem.
865 1069 1017 1125 Itaque
1048 1071 1118 1113 illo
1153 1073 1245 1127 ipso
1279 1081 1421 1112 tamen
1455 1087 1583 1123 anno,
1617 1087 1716 1113 cum

287 1139 370 1181 ego
391 1126 626 1175 cessissem,
650 1131 667 1157 3
684 1127 879 1183 princeps
902 1139 1044 1169 autem
1067 1130 1269 1179 civitatis,
1292 1144 1376 1169 non
1403 1129 1541 1184 legum
1570 1129 1717 1184 praesi-

288 1182 375 1232 dio,
409 1183 480 1223 sed
520 1183 745 1238 parietum,
778 1184 909 1225 vitam
942 1200 1060 1226 suam
1094 1196 1306 1237 tueretur;
1346 1186 1588 1242 respublica
1626 1186 1717 1227 sine

156 1235 276 1273 '’³²⁰5‘’
289 1240 535 1280 consulibus
564 1250 688 1290 esset,
712 1255 848 1296 neque
873 1241 1009 1282 solum
1042 1243 1288 1298 parentibus
1316 1243 1546 1299 perpetuis,
1571 1257 1718 1284 verum

246 1286 275 1306 λ’
288 1297 417 1338 etiam
442 1297 655 1337 tutoribus
674 1299 826 1338 annuis
843 1308 955 1339 esset
972 1301 1123 1340 orbata
1142 1316 1151 1341 ι
1175 1304 1194 1334 9
1209 1301 1438 1340 sententias
1458 1300 1599 1341 dicere
1620 1315 1718 1355 pro-

288 1353 542 1395 hiberemini
565 1370 574 1395 ε
611 1357 789 1410 lOcaput
811 1370 916 1397 meae
941 1356 1265 1412 proscriptionis
1289 1358 1560 1398 recitaretur:
1593 1371 1718 1398 num-

289 1425 417 1465 quam
445 1411 674 1452 dubitastis
706 1427 844 1454 meam
876 1412 1055 1454 salutem
1078 1429 1175 1454 cum
1207 1414 1424 1454 communi
1450 1414 1584 1454 salute
1614 1428 1719 1455 con-

242 1467 482 1524 Sjungere.
532 1467 689 1510 Postea
708 1484 807 1511 vero
827 1485 955 1525 quam
975 1471 1178 1527 singulari
1197 1480 1240 1511 et
1259 1471 1612 1526 praestantissima
1635 1473 1718 1511 vir-

254 1538 276 1571 5
293 1535 382 1566 tute
405 1525 455 1566 P.
478 1525 646 1566 Lentuli
669 1527 870 1578 consulis,
887 1542 942 1568 ex
962 1528 1190 1584 superioris
1210 1528 1309 1568 anni
1330 1527 1514 1583 caligine
1535 1537 1578 1568 et
1601 1537 1719 1569 tene-

291 1583 376 1623 bris
395 1583 532 1624 lucem
553 1584 595 1623 in
615 1583 836 1639 republica
857 1584 953 1625 Kal.
971 1585 1072 1626 Jan.
1098 1588 1130 1615 Η
1147 1584 1355 1641 dispicere
1373 1584 1595 1641 coepistis:
1618 1599 1718 1625 cum

289 1641 346 1686 Q.
381 1639 564 1691 Metelli,
593 1640 848 1682 nobilissimi
882 1642 1068 1682 hominis
1099 1651 1227 1697 atque
1258 1642 1412 1697 optimi
1440 1642 1520 1682 viri
1552 1656 1719 1682 summa

287 1697 490 1753 dignitas,
513 1712 611 1738 cum
644 1707 892 1754 praetorum,
916 1700 1186 1739 tribunorum
1214 1699 1349 1755 plebis
1373 1713 1496 1754 paene
1522 1699 1718 1740 omnium

287 1754 421 1795 virtus
443 1763 487 1794 et
509 1754 629 1805 fideS,
651 1755 899 1810 reipublicae
926 1757 1213 1798 subvenisset:
1246 1771 1344 1797 cum
1369 1756 1540 1806 virtute,
1565 1755 1718 1811 gloria,

285 1812 412 1852 rebus
434 1811 566 1867 gestis
590 1811 673 1853 Cn.
698 1812 944 1869 Pompeius,
967 1815 1160 1854 omnium
1191 1813 1400 1869 gentium,
1422 1813 1615 1854 omnium
1639 1828 1718 1854 sae-

285 1868 493 1919 culorum,
516 1869 656 1910 omnis
685 1871 904 1911 memoriae
936 1870 1061 1911 facile
1093 1871 1305 1926 princeps,
1331 1880 1425 1911 tuto
1453 1885 1496 1911 se
1528 1870 1572 1910 in
1597 1884 1718 1910 sena-

288 1932 378 1966 tum
402 1925 544 1967 venire
566 1927 867 1970 arbitraretur:
905 1936 1049 1969 tantus
1071 1937 1209 1969 vester
1241 1942 1474 1969 consensus
1503 1927 1555 1968 de
1583 1926 1718 1968 salute

327 2052 346 2080 5
363 2049 589 2090 posteaquam]
619 2051 764 2081 Graevius
779 2061 797 2081 e
812 2050 876 2082 Ms.
890 2050 980 2082 dedit

1021 2055 1072 2082 est
1086 2052 1258 2092 Pompeius
1274 2052 1433 2091 inprimis.

282 2096 391 2131 postea
417 2103 491 2123 vero
517 2102 630 2131 qnam,
658 2104 723 2123 non
754 2093 849 2124 male.
902 2094 980 2124 Post

1064 2098 1083 2127 9
1104 2095 1280 2124 sentencias
1299 2094 1414 2134 d.pr.]
1439 2092 1580 2124 Videtur
1599 2093 1719 2124 adden-

285 2135 343 2164 mb
357 2135 462 2164 alieno
483 2136 612 2172 scelere,
636 2135 697 2167 int.
720 2136 851 2166 Gabinii
872 2141 908 2166 et
928 2136 981 2166 Pi-

285 2177 385 2206 sonis.

326 2220 346 2249 6
367 2220 422 2258 qui
443 2222 474 2248 et
490 2219 757 2259 promulgarent]
786 2218 835 2251 Et
856 2219 980 2250 addidit

286 2260 431 2291 Graevius
447 2271 463 2289 e
487 2261 565 2290 Msc..
581 2263 696 2299 quibus
719 2264 782 2292 (J‘u.
801 2263 979 2298 consentit,

285 2308 319 2333 vt
341 2303 393 2334 ed.
412 2303 463 2333 W.
488 2303 566 2333 Mox
591 2303 676 2334 idem
700 2304 819 2334 delevit
840 2315 891 2342 ea,
908 2309 982 2345 post

285 2346 348 2375 sed.
366 2345 458 2375 bene.

328 2390 341 2421 7
363 2387 605 2426 promulgavit]
638 2387 890 2428 Quiapraecedit
914 2390 984 2418 lata

286 2434 370 2465 erat,
397 2430 525 2459 videtur
548 2429 721 2467 legendum
741 2431 984 2469 promulgavi&

285 2476 330 2500 set
343 2485 352 2501 :
377 2482 452 2501 mox
475 2475 507 2500 ct
526 2471 672 2500 delerant
689 2473 804 2502 inclitis
826 2473 869 2502 sit
884 2483 983 2511 quam

285 2514 444 2543 ‹lt-lerunt.
489 2513 642 2543 Ceterum
659 2514 720 2543 hoc
743 2516 836 2549 dixit,
852 2516 879 2544 si
901 2516 984 2544 revi-

284 2556 405 2585 .1·issent
431 2556 489 2585 Sec.
518 2556 592 2593 quia
615 2556 648 2585 in
674 2556 744 2594 lege
768 2557 873 2586 (Tlodii
895 2565 979 2593 erat,

287 2599 435 2628 sict-roni
459 2608 544 2635 aqua
565 2603 599 2627 ct
621 2598 686 2637 igni
711 2598 873 2635 interdici,
894 2599 980 2638 quod

285 2641 369 2669 cives
385 2641 590 2670 indemnatos
605 2646 759 2670 necasset.

329 2686 346 2710 ‘d
366 2683 516 2721 princeps
533 2692 564 2711 a.
585 2682 850 2721 citu—lueretur]
878 2682 980 2712 Intel-

285 2723 394 2760 ligunt
418 2724 608 2763 Pompeium
623 2736 640 2754 e
656 2736 682 2754 c.
697 2728 727 2754 3.
745 2724 798 2754 sed
815 2725 891 2755 Mss.
909 2725 980 2764 plu-

287 2776 336 2795 res
359 2777 377 2796 a
393 2777 493 2796 manu
515 2776 578 2798 sec.
597 2767 697 2797 etiam
721 2767 783 2797 Gu.
806 2767 885 2797 item
909 2766 980 2796 edd.

286 2813 367 2838 vett.
397 2809 545 2848 quaedam
569 2809 980 2849 principes—tuerentur,

288 2859 355 2880 nun
387 2851 484 2883 male.
528 2851 570 2882 Et
605 2851 838 2892 intelligendus
868 2854 983 2882 tamen

1023 2135 1100 2166 dum
1118 2147 1169 2166 vos
1182 2137 1215 2166 in
1229 2136 1399 2177 principia.

1069 2181 1107 2209 10
1129 2184 1227 2218 capnt
1243 2189 1286 2209 m.
1298 2189 1354 2218 pr.
1371 2177 1580 2216 reciraretur]
1614 2177 1717 2208 Nem-

1022 2230 1074 2260 pe,
1086 2227 1185 2261 caput
1194 2221 1286 2261 legis,
1296 2230 1372 2260 quo,
1390 2219 1503 2250 relatio
1514 2219 1551 2249 de
1562 2220 1718 2250 Cicerone

1024 2273 1063 2293 ne
1079 2263 1184 2299 fieret,
1201 2263 1400 2303 prohibitum
1417 2267 1500 2297 erat,
1518 2262 1718 2292 recitabatur

1024 2306 1148 2336 assidue
1160 2310 1194 2335 et
1209 2305 1435 2345 opponebatur
1451 2304 1567 2333 referre
1580 2303 1720 2334 volenti-

1024 2348 1094 2377 bus.
1138 2347 1202 2378 Sed
1225 2347 1286 2377 hoc
1309 2347 1404 2376 nimis
1420 2347 1556 2385 abrupte
1582 2345 1720 2377 dictum.

1026 2389 1108 2420 Edd.
1130 2399 1177 2429 pr.
1191 2389 1316 2419 addunt
1338 2398 1485 2428 cumque.
1501 2387 1619 2417 delevit
1641 2387 1718 2418 Ald.

1026 2431 1118 2462 bene.
1132 2432 1172 2461 cf.
1187 2442 1213 2461 c.
1225 2434 1257 2462 4.
1274 2441 1322 2470 pr.

1070 2476 1081 2503 l
1095 2477 1103 2503 1
1129 2473 1295 2513 dispicere]
1321 2473 1374 2503 Sic
1388 2483 1404 2502 e
1417 2473 1578 2511 scriptura
1592 2472 1670 2502 Mss.
1683 2475 1718 2503 et

1024 2515 1097 2546 edd.
1122 2521 1201 2546 vett.
1217 2515 1431 2554 quarundam.
1451 2515 1610 2553 despicere
1624 2514 1720 2544 ‹lede-

1026 2567 1059 2587 re
1089 2557 1267 2587 Lambinus
1298 2563 1329 2587 et
1356 2558 1527 2586 Gruterus.
1554 2555 1607 2586 alii
1639 2556 1718 2586 Mss.

1021 2599 1146 2630 habent
1167 2601 1334 2639 respicere,
1348 2600 1447 2629 etiam
1471 2599 1533 2628 Gu.
1556 2597 1611 2627 sed
1626 2599 1660 2627 in
1679 2598 1718 2628 li.

1021 2646 1097 2672 tura
1111 2646 1160 2671 est
1173 2652 1203 2672 r.
1219 2643 1361 2680 itemque
1376 2640 1446 2671 edd.
1459 2645 1540 2670 vett.
1557 2639 1717 2678 quaedam.

1022 2683 1168 2713 Graevius
1187 2684 1331 2714 restituit
1352 2684 1516 2722 respicere.
1561 2683 1646 2712 Sane
1669 2684 1718 2712 Iu-

1022 2735 1090 2755 cem
1105 2725 1233 2755 videtur
1247 2727 1400 2764 respicere
1413 2724 1592 2754 desiderare
1604 2734 1612 2752 ι
1639 2734 1716 2755 nam

1023 2768 1178 2806 dispicere
1194 2768 1386 2807 simpliciter
1405 2767 1534 2798 dicitur.
1578 2765 1640 2799 Sed
1652 2766 1717 2797 for·-

1023 2814 1108 2840 tasse
1123 2810 1226 2840 lucem
1240 2809 1414 2841 insititium
1426 2815 1488 2840 est.
