1812 3147
591 81 710 119 PRO
743 81 788 119 L.
817 80 1060 119 FLACCO.
1468 86 1548 123 745

113 188 374 245 scripsisset3
412 185 530 227 illam
561 185 773 226 rationem
805 185 847 225 in
883 185 1134 240 imperando
1168 194 1310 226 sumtu
1339 196 1382 227 et
1416 186 1548 228 Pom-

111 247 232 303 peius
271 253 315 286 et
353 242 530 285 Flaccus
561 251 732 284 secutus
756 251 835 283 est.
866 255 1004 297 neque
1036 251 1101 283 est
1134 242 1274 284 adhuc
1315 252 1457 284 tamen
1496 259 1546 284 ea

112 317 279 345 summa
327 299 558 357 completa.
615 302 652 330 4¹
672 299 774 340 Non
816 299 946 340 refert
989 313 1102 340 vero.
1169 300 1287 346 Quid
1331 300 1608 342 lucretur?33

111 362 154 391 42
166 374 263 402 cum
285 357 399 399 enim
422 371 557 413 genus
581 357 802 412 imperatae
827 356 1022 413 pecuniae
1047 357 1252 413 suscipit:
1286 356 1343 408 id,
1366 358 1480 412 quod
1502 367 1546 398 tu

111 417 270 458 crimen
305 430 395 456 esse
430 415 510 466 vis,
541 413 786 456 confitetur.
839 414 927 460 Qui
960 413 1091 469 igitur
1120 415 1291 470 probari
1323 425 1479 470 potest,
1504 415 1549 455 in

111 486 164 515 ca
186 473 366 530 pecunia
390 486 476 513 non
498 471 734 522 referenda,
757 470 918 512 crimen
943 471 1024 511 sibi
1057 471 1200 528 ipsum
1222 471 1376 522 facere,
1400 472 1441 512 in
1465 486 1552 526 qua

113 531 274 572 crimen
305 538 417 571 esset
449 529 628 581 nullum,
661 529 695 569 si
728 527 928 570 referret?
959 527 1019 568 At
1048 529 1161 570 enim
1202 544 1332 585 negas
1375 528 1550 570 fratrem

112 602 270 639 meum,
288 587 362 642 qui
379 586 426 628 L.
447 586 603 628 Flacco
617 586 883 636 successerit,
900 586 1128 642 pecuniam
1150 585 1279 627 ullam
1304 587 1347 627 in
1368 587 1551 642 remiges

113 645 172 686 im
206 659 357 686 erasse.
420 642 633 699 Equidem
669 643 824 689 Quinti
864 643 1006 684 fratris
1049 644 1133 684 mei
1172 643 1296 685 laude
1339 643 1548 685 delector:

113 717 157 743 se
208 702 300 743 aliis
323 702 476 758 magis,
499 700 769 756 gravioribus
791 711 920 756 atque
938 701 1190 756 majoribus.
1207 700 1321 742 aliud
1346 701 1551 756 quiddam

115 760 280 811 statuit,
302 758 415 800 aliud
448 758 571 800 vidit.
599 758 883 808 existimavit,
905 772 1178 813 quocumque
1211 768 1404 814 tempore
1432 758 1552 799 audi—

115 827 207 858 tum
229 816 331 872 quid
353 824 465 857 esset
485 816 538 856 de
561 815 853 871 p1·aedonibuS‚
876 830 1006 871 quam
1027 815 1155 857 vellet
1186 816 1346 866 subito,
1369 831 1413 856 se
1443 816 1550 856 clas-

117 888 205 915 sem
222 882 585 928 comparaturum.
602 872 787 928 denique
809 872 892 914 hoc
910 873 1072 928 primus
1097 873 1226 914 frater
1249 887 1365 913 meus
1389 873 1430 913 in
1447 872 1552 913 Asia

117 929 235 981 fecit,
258 939 306 972 ut
326 931 407 972 hoc
443 939 585 971 sumtu
617 930 830 986 remigum
863 930 1060 971 civitates
1094 930 1267 971 levaret.
1291 930 1454 971 crimen
1477 946 1551 970 au-

117 998 200 1030 tem
226 997 317 1029 tum
340 988 470 1030 videri
495 988 617 1038 solet,
639 1002 738 1028 cum
765 987 918 1043 aliquis
941 997 1106 1028 sumtus
1141 988 1330 1029 instituit
1360 1002 1447 1037 eos,
1477 988 1551 1042 qui

115 1057 242 1087 antea
264 1060 348 1087 non
371 1055 492 1086 erant
514 1045 718 1095 instituti,
740 1060 828 1086 non
851 1059 950 1086 cum
973 1060 1192 1086 successor
1212 1045 1373 1100 aliquid
1397 1045 1553 1085 immu-

118 1112 182 1144 tat
202 1103 254 1144 de
285 1103 492 1144 institutis
514 1103 720 1159 priorum.
782 1102 976 1153 Flaccus,
995 1103 1099 1158 quid
1121 1103 1192 1144 alii
1217 1113 1367 1158 postea
1397 1101 1552 1143 facturi

117 1169 273 1213 essent,
295 1160 402 1202 scire
426 1175 509 1200 non
534 1169 726 1216 poterat:
759 1160 862 1215 quid
887 1159 1103 1212 fecissent,
1127 1160 1317 1202 videbat.
1614 1207 1636 1220 .-

130 1230 132 1233 ’
176 1217 275 1270 Sed,
312 1217 516 1273 quoniam
556 1218 660 1258 43de
701 1217 922 1258 communi
962 1217 1092 1258 totius
1121 1217 1238 1259 Asiae
1268 1217 1449 1259 crimine
1490 1209 1637 1258 cli-li)

117 1283 236 1318 ctum
268 1284 345 1326 est,
371 1274 598 1331 aggrediar
626 1274 720 1330 jam
754 1275 807 1316 ad
841 1274 1029 1331 singulas
1063 1276 1287 1317 civitates:
1320 1290 1374 1315 ex
1398 1275 1615 1330 quibus34

119 1333 175 1374 sit
196 1347 296 1374 sane
319 1333 443 1373 nobis
467 1332 604 1388 prima
625 1333 778 1373 civitas
794 1331 1096 1373 Acmonensis.
1149 1332 1269 1373 Citat
1289 1347 1432 1388 praeco
1454 1346 1556 1372 voce

119 1390 310 1431 maxima
331 1390 495 1446 legatos
517 1388 824 1431 Acmonenses.
888 1389 1093 1430 Procedit
1124 1405 1231 1431 unus
1264 1389 1556 1445 Asclepiades,

119 1447 393 1503 “prodeant
430 1446 629 1488 Etiamne
649 1461 893 1502 praeconem
911 1447 1084 1488 mentiri
1104 1447 1288 1503 coegisti
1305 1450 1318 1488 ?
1341 1457 1406 1488 est
1427 1447 1559 1498 enim,

122 1504 265 1553 credo,
287 1505 322 1545 is
347 1504 409 1545 vir
431 1504 524 1556 iste,
556 1513 604 1544 ut
623 1505 813 1546 civitatis
842 1519 1000 1545 nomen
1036 1520 1112 1546 sua
1144 1505 1402 1546 auctoritate
1433 1505 1561 1545 susti-

123 1561 242 1603 ne'at:
273 1562 498 1602 damnatus
531 1561 790 1618 turpissimis
819 1561 999 1617 judiciis
1033 1562 1166 1614 domi,
1199 1571 1372 1604 notatus
1406 1561 1561 1602 litteris

124 1618 329 1674 publicis:
372 1619 496 1674 cujus
533 1619 586 1660 de
630 1619 812 1675 probris,
848 1619 1068 1661 adulteriis
1101 1635 1151 1661 ac
1184 1620 1342 1676 stupris
1385 1629 1564 1660 exstant.

124 1675 460 1718 Acmonensium
483 1676 662 1718 litterae:
697 1692 802 1732 quas
832 1692 915 1733 ego
938 1691 1025 1718 non
1057 1677 1195 1719 solum
1227 1685 1403 1733 propter
1424 1676 1566 1732 longi-

127 1734 333 1785 tudinem,
355 1734 428 1774 sed
447 1734 577 1774 etiam
601 1744 777 1790 propter
800 1734 1092 1790 turpissimam
1115 1735 1452 1776 obscoenitatem
1474 1749 1573 1775 ver--

127 1793 294 1843 borum,
316 1791 634 1848 praetereundas
669 1801 790 1848 puto.
853 1791 982 1833 Dixit
1016 1792 1190 1849 publice
1219 1792 1320 1834 data
1340 1791 1568 1833 drachma-

127 1905 302 1936 describere
327 1907 415 1937 enim
440 1911 490 1938 est
509 1908 647 1947 partiri,
671 1907 824 1939 dividere.

106 1988 114 1993 ἡ
129 1948 242 1978 Sermo
254 1951 363 1979 autem
377 1953 427 1980 est
441 1949 480 1980 de
496 1950 653 1980 divisione
677 1951 824 1990 pecuniae

118 1990 289 2021 'olvendae
304 1991 338 2021 in
348 1997 468 2032 parteS,
479 2002 551 2031 quie
562 1992 697 2032 singulis
712 1993 825 2023 civita-

126 2032 215 2063 tibus
237 2033 453 2073 imperentur.
510 2034 598 2074 Ergo
629 2045 740 2065 verum
765 2040 826 2071 est,

128 2075 216 2114 quod
250 2076 421 2115 ingenium
456 2076 610 2107 Lambini
640 2077 762 2117 reperit
788 2083 823 2109 ct

127 2117 240 2153 edidit,
255 2117 376 2148 frustra
392 2118 597 2158 obloquente
612 2120 767 2156 Cratero,
789 2122 825 2150 in

129 2169 236 2190 omnes
247 2160 330 2190 Asioe
344 2161 490 2192 civitates
501 2172 562 2200 pro
570 2163 718 2201 portione
728 2172 826 2202 pecu-

128 2202 201 2232 nias
210 2202 430 2242 descripsisset.
453 2203 541 2234 Nam
553 2204 666 2235 statim
678 2204 764 2235 idem
777 2210 827 2235 est

131 2243 165 2274 in
194 2244 427 2285 applicatione:
452 2247 546 2276 illam
569 2247 730 2277 rationem
759 2247 826 2287 (de-

129 2286 339 2326 scriptionem
361 2288 474 2327 Sullae)
500 2289 689 2329 imperando
715 2294 827 2320 sumtu

135 2329 171 2368 (i.
184 2339 212 2359 e.
230 2329 386 2369 pecuniis)
404 2335 530 2361 secutus
542 2335 598 2361 est.
644 2331 736 2362 Nihil
754 2336 828 2371 pot-

131 2375 180 2400 est
200 2380 295 2401 sensu
312 2381 384 2401 meo
398 2382 466 2402 esse
480 2373 675 2404 evidentius.
711 2374 827 2413 Itaque

131 2414 244 2452 recepi.
291 2413 333 2443 Et
348 2414 378 2444 id
401 2415 518 2445 saltem
540 2415 683 2456 intelligi
704 2422 827 2457 potest,

131 2455 300 2493 vulgatum
316 2457 406 2486 nullo
422 2457 529 2487 modo.

173 2500 209 2528 41
237 2498 315 2528 Non
337 2498 438 2538 refert
458 2499 546 2538 vero]
572 2499 700 2540 Nempe
723 2502 757 2532 in
777 2505 828 2532 ta—

133 2538 224 2570 bulas
238 2544 446 2580 acceptorum
461 2549 494 2572 et
506 2552 736 2581 expensorum,
749 2554 828 2582 quas

133 2581 295 2618 exhibeat,
305 2588 355 2620 ut,
367 2583 530 2622 quomodo
539 2593 616 2614 usus
625 2586 666 2614 sit
678 2587 827 2625 pecunia,

135 2629 300 2662 appareat.
336 2625 394 2655 Est
410 2626 606 2663 (sufficientis.
640 2628 827 2667 Respondet

135 2665 298 2696 defensor:
317 2676 382 2697 non
399 2669 429 2697 id
444 2668 523 2698 facit
542 2668 687 2700 lucrandi
702 2679 826 2707 caussa,

137 2712 194 2736 aut
208 2707 240 2737 id
257 2709 284 2738 ci
301 2709 382 2739 nihil
400 2711 511 2748 prosit.

179 2751 220 2779 452
241 2759 315 2780 eum
341 2761 446 2790 genus
478 2753 554 2791 imp.
580 2762 651 2792 pec.
678 2755 827 2794 sureiffle]

136 2789 218 2820 Edd.
234 2801 282 2829 pr.
297 2801 409 2823 omnes
429 2804 544 2832 genus,
569 2802 688 2834 praeter
710 2796 761 2826 ed.
777 2797 830 2827 W.

138 2841 210 2870 quae
223 2832 321 2866 babet
336 2845 425 2869 omes,
439 2836 524 2874 qumi
537 2843 611 2876 pust
633 2845 717 2872 unus
735 2838 833 2869 Lam-

867 1907 964 1938 binus
991 1907 1170 1946 revocabit,
1197 1913 1231 1939 et
1257 1907 1372 1939 deinde
1402 1907 1568 1939 Graevius:

868 1955 982 1990 estque
999 1951 1032 1981 id
1047 1951 1080 1981 in
1093 1950 1254 1991 plerisque
1271 1951 1351 1981 Mss.
1377 1950 1500 1981 Saltem
1517 1962 1572 1982 ve-

869 1993 1004 2033 stigium
1018 1994 1100 2032 ejus,
1114 1998 1153 2023 ut
1169 1994 1203 2023 in
1219 1993 1327 2023 Guelf.
1344 1995 1458 2023 honus:
1504 1993 1572 2024 Ne-

869 2045 930 2074 que
945 2039 1058 2065 tamen
1073 2045 1169 2066 ausus
1184 2045 1257 2065 suin
1281 2035 1312 2065 id
1327 2036 1487 2075 reciperet
1513 2035 1571 2066 ha-

866 2079 922 2108 bet
935 2078 1024 2108 enim
1040 2079 1178 2117 speciem
1198 2077 1326 2118 glossae‚
1340 2085 1423 2107 ortae
1439 2088 1458 2108 a
1471 2079 1570 2109 verbo

866 2121 1012 2160 suscipit,
1026 2120 1114 2159 quod
1128 2121 1259 2161 proprie
1273 2120 1311 2150 de
1324 2130 1423 2151 onere
1432 2119 1568 2152 dicitur.

869 2161 930 2193 Sed
945 2162 978 2192 id
991 2162 1131 2202 intelligi
1148 2164 1181 2193 in
1201 2173 1307 2202 genus
1328 2164 1498 2202 imperata*
1515 2173 1572 2202 pe-

869 2205 973 2235 cunioe
985 2209 1106 2245 potest,
1122 2205 1208 2245 quod
1224 2206 1279 2245 qui
1294 2206 1485 2240 confitetur,
1502 2215 1572 2235 sus-

869 2248 950 2288 cipit
973 2257 1056 2277 onus
1079 2249 1236 2278 criminis.
1262 2258 1292 2279 v.
1309 2247 1417 2279 Clavis
1446 2249 1481 2277 in
1503 2258 1572 2278 sus-

869 2292 986 2330 cipere.

911 2335 952 2363 43
975 2332 1014 2362 de
1028 2333 1193 2363 communi
1205 2335 1306 2363 totius
1319 2332 1404 2363 Asioe
1417 2332 1568 2372 crimine]

871 2375 924 2404 Sic
938 2375 1062 2405 habent
1083 2375 1156 2406 edd.
1171 2381 1249 2406 ante
1271 2375 1465 2411 Gruterum,
1483 2375 1538 2413 qui
1554 2386 1573 2405 e

870 2417 936 2446 suis
951 2417 1032 2448 Mss.
1055 2418 1249 2456 quibuscum
1271 2418 1437 2447 consentit.
1462 2416 1571 2447 Guelf.

870 2459 972 2490 edidit
986 2461 1085 2490 totius
1106 2460 1286 2490 communis
1300 2459 1394 2490 Astce.
1439 2459 1574 2498 Cogita-

871 2501 928 2532 bat
954 2512 1123 2532 commune
1147 2503 1245 2537 Asioe,
1271 2506 1310 2532 ut
1333 2503 1493 2538 Graevius,
1517 2503 1573 2540 qui

871 2549 985 2574 tamen
999 2546 1109 2581 totius,
1125 2549 1163 2575 ut
1177 2544 1331 2584 glossam,
1352 2544 1483 2574 delevit.
1507 2544 1574 2573 Au-

871 2586 964 2625 tiqua
987 2586 1085 2616 lectio
1101 2598 1176 2618 vera
1198 2596 1268 2623 est3
1295 2597 1465 2617 commane
1488 2587 1574 2616 :14:2⁴ae

871 2629 996 2659 crimen
1019 2634 1081 2665 est,
1106 2629 1193 2668 quod
1218 2629 1294 2659 Asia
1312 2629 1478 2668 provincia
1502 2628 1574 2657 uni-

871 2679 962 2701 versa
978 2671 1011 2700 in
1037 2671 1190 2702 Flaccum
1214 2671 1368 2709 conjicit:
1397 2677 1575 2709 sequentur

873 2713 1012 2743 crimina
1026 2713 1229 2752 singularum
1245 2714 1428 2743 civitatum.

915 2758 956 2785 44
976 2756 1151 2795 prodeam]
1185 2755 1330 2786 Faernus
1358 2756 1495 2796 putabat
1522 2765 1576 2785 εν(-

875 2797 988 2827 cidisse
1017 2799 1125 2828 veteri.
1156 2797 1272 2828 melius
1303 2798 1462 2835 Graevius,
1494 2803 1570 2828 ante

871 2840 1017 2878 prot-edit-
1033 2840 1222 2878 ponendum
1236 2849 1315 2870 esse,
