1769 3174
635 111 701 149 IN
736 109 1052 149 VATINIUM.
1434 112 1530 148 1031

97 224 163 258 est
193 223 422 267 servatum,
446 215 504 267 id,
527 221 569 256 te
601 214 774 256 tribuno
797 214 948 270 plebis,
971 212 1136 255 consuli
1158 212 1311 254 domus
1332 212 1532 254 exsilium

97 288 189 315 esse
222 288 309 315 non
342 275 511 330 posset?
544 271 765 327 Simulque
802 272 909 313 mihi
943 270 1200 327 respondeto
1234 279 1295 321 tu,
1331 271 1403 325 qui
1440 276 1595 321 nos,23

97 331 170 386 qui
205 331 257 371 de
292 330 510 372 communi
546 329 679 370 salute
712 329 1020 380 consentimus,
1042 337 1247 384 tyrannos
1278 341 1420 378 vocas,
1444 328 1535 367 fue-

100 388 213 429 risne
236 403 322 429 non
346 389 543 429 tribunus
575 386 726 442 plebis,
749 387 821 428 sed
854 385 1158 436 intoleranduS,
1178 386 1219 414 43
1234 398 1288 425 ex
1312 398 1443 425 coeno
1465 399 1539 425 ne-

100 445 189 486 scio
221 446 311 500 qui,
348 454 476 500 atque
513 458 567 486 ex
603 444 790 485 tenebris
828 445 1063 500 tyrannus?
1109 441 1182 497 qui
1222 441 1409 498 primum
1447 456 1541 482 eam

98 503 423 558 rempublicam,
447 516 543 557 quae
574 501 775 558 auspiciis
806 500 992 542 inventis
1022 499 1259 541 constituta
1279 507 1358 549 est,
1389 498 1542 540 iisdem

102 559 304 615 auspiciis
347 559 540 609 sublatis,
574 573 775 600 conarere
815 569 1018 610 evertere,
1057 556 1211 598 deinde
1252 555 1543 597 sanctissimas

99 616 232 672 leges,
255 616 414 657 AEliam
444 627 487 657 et
518 616 685 657 'Fufiam
707 617 820 668 dico,
851 631 948 671 quae
980 615 1023 656 in
1054 613 1354 656 Gracchorum
1389 612 1545 654 feroci-

103 683 206 725 tate,
229 682 272 714 et
293 675 337 714 in
360 674 540 715 audacia
561 673 796 724 Saturnini,
818 683 862 714 et
883 675 925 714 in
948 672 1191 715 colluvione
1213 670 1360 721 Drusi,
1379 680 1423 710 et
1443 670 1542 711 44i11

103 731 382 772 contentione
405 730 601 786 Sulpicii,
623 739 666 771 et
688 732 731 771 in
756 745 906 772 cruore
929 730 1144 780 Cinnano,
1165 728 1295 768 etiam
1317 728 1427 768 inter
1449 727 1545 768 Sul-

102 788 199 830 lana
221 803 338 829 arma
361 788 574 838 vixerunt,
595 787 707 828 solus
727 789 1006 839 conculcaris,
1025 801 1075 828 ac
1099 800 1175 842 pro
1197 785 1333 826 nihilo
1357 785 1542 841 putaris:

103 846 178 901 qui
212 845 431 887 consulem
464 844 592 885 morti
630 845 855 904 objeceriS,
889 844 1100 886 inclusum
1135 842 1367 894 obsederis,
1401 852 1545 883 extra-

104 903 205 944 here
233 917 287 943 ex
322 903 408 943 suis
432 902 555 943 tectis
589 914 767 943 conatus
800 903 881 945 sis:
913 902 987 958 qui
1019 902 1063 942 in
1094 915 1145 941 eo
1171 900 1428 956 magistratu
1458 914 1544 941 non

106 960 237 1001 modo
267 959 487 1000 emerseris
509 975 562 1000 ex
589 961 883 1010 mendicitate,
906 960 978 1001 sed
1000 959 1130 1000 etiam
1151 958 1315 999 divitiis
1347 972 1424 999 nos
1449 957 1546 1012 jam

107 1017 192 1058 tuis
225 1026 396 1058 terreas.
427 1016 613 1057 fuerisne
645 1026 763 1058 tanta
783 1017 1049 1068 crudelitate,
1079 1025 1127 1057 ut
1148 1015 1335 1057 delectos
1368 1017 1480 1057 viros
1502 1023 1547 1055 et

109 1074 325 1130 principes
347 1074 536 1115 civitatis
568 1073 715 1116 tollere
736 1085 780 1116 et
801 1075 939 1116 delere
962 1083 1037 1115 tua
1056 1073 1282 1129 rogatione
1303 1072 1546 1115 conareris?

109 1131 223 1172 Cum
249 1132 296 1172 L:
320 1131 530 1183 Vettium,
552 1131 625 1187 qui
649 1132 692 1172 in
715 1142 863 1173 senatu
886 1130 1105 1173 confessus
1128 1139 1254 1180 esset,
1275 1144 1319 1171 se
1339 1146 1436 1172 cum
1460 1129 1546 1171 telo
1563 1116 1630 1164 10

109 1188 257 1239 fuisse,
281 1188 363 1230 Cn.
387 1188 614 1245 Pompeio,
645 1203 812 1231 summo
839 1198 882 1230 et
912 1189 1147 1231 clarissimo
1170 1188 1271 1239 civi,
1293 1188 1379 1229 suis
1408 1187 1546 1229 mani·
1557 1188 1609 1223 24

108 1246 188 1286 bus
209 1248 408 1287 45necem
431 1246 584 1286 offerre
617 1247 814 1299 voluisse,
838 1247 882 1288 in
904 1247 1159 1288 concionem
1190 1245 1460 1301 produxeris,
1483 1245 1549 1285 in-

110 1303 250 1344 dicem
276 1304 315 1344 in
346 1303 526 1354 Rostris,
550 1304 592 1344 in
625 1303 711 1356 illo,
734 1304 924 1360 inquam,
956 1311 1166 1360 augurato
1187 1302 1350 1358 templo
1372 1319 1422 1345 ac
1452 1304 1550 1345 loco

110 1360 358 1402 collocaris:
391 1375 492 1416 quo,
527 1362 795 1402 auctoritatis
830 1361 1108 1417 exquirendae
1138 1375 1280 1412 causa,
1311 1360 1442 1402 ceteri
1475 1360 1552 1400 tri-

112 1418 216 1459 buni
249 1417 385 1474 plebis
417 1418 632 1474 principes
655 1419 842 1460 civitatis
875 1419 1111 1474 producere
1138 1426 1468 1469 consueverunt,
1489 1417 1552 1458 ibi

113 1483 160 1515 tu
195 1475 382 1516 indicem
405 1475 614 1527 Vettium,
643 1475 834 1533 linguam
867 1486 910 1517 et
940 1490 1091 1517 vocem
1123 1489 1241 1516 suam
1275 1474 1475 1517 46sceieri
1509 1483 1554 1515 et

111 1533 245 1573 menti
280 1543 365 1574 tuae
405 1533 596 1588 praebere
629 1533 816 1586 voluisti,
846 1536 887 1567 47
901 1543 949 1574 ut
983 1534 1144 1575 diceret
1179 1533 1250 1587 [L.
1282 1531 1473 1586 Vettius]
1508 1532 1554 1573 in

111 1589 322 1631 concione
344 1599 432 1642 tua,
456 1599 631 1645 rogatus
652 1606 678 1631 a
697 1600 752 1643 te,
771 1606 815 1632 se
835 1600 1046 1642 auctores,
1066 1601 1110 1632 et
1129 1589 1398 1646 impulsores,
1420 1600 1463 1631 et
1485 1604 1553 1630 so·-

111 1647 202 1688 cios
224 1646 424 1688 habuisse
446 1647 614 1688 sceleris
636 1646 748 1689 illius
777 1663 849 1690 eos
874 1649 1000 1701 viros,
1022 1648 1179 1703 quibus
1201 1662 1224 1688 e
1245 1646 1422 1688 civitate
1453 1647 1554 1689 sub-

109 1703 222 1756 latis,
245 1705 359 1760 quod
383 1713 429 1746 tu
452 1719 503 1745 eo
527 1714 721 1760 tempore
752 1706 999 1758 moliebare,
1019 1706 1172 1746 civitas
1203 1714 1314 1746 stare
1344 1719 1430 1745 non
1453 1719 1554 1762 pos-

112 1764 205 1804 set?
237 1760 304 1803 M.
329 1761 550 1813 Bibulum,
573 1762 696 1818 cujus
728 1763 966 1805 inclusione
987 1771 1218 1805 contentus
1247 1777 1335 1803 non
1359 1776 1465 1814 eras,
1487 1762 1554 1802 in-

113 1818 306 1861 terficere
336 1819 544 1870 volueras,
577 1820 835 1875 spoliaveras
865 1821 1106 1872 consulatu,
1127 1820 1268 1876 patria
1289 1819 1457 1875 privare
1478 1833 1553 1861 cu-

114 1876 286 1932 piebas:
321 1876 370 1917 L.
395 1876 636 1931 Lucullum,
659 1879 782 1934 cujus
816 1888 862 1920 tu
894 1880 1020 1920 rebus
1052 1878 1200 1935 gestis,
1227 1877 1343 1933 quod
1376 1876 1468 1933 ipse
1498 1877 1550 1919 ad
1564 1876 1666 1947 {¹³³4-

111 2025 174 2059 set,
188 2032 255 2052 non
270 2023 300 2053 vi
313 2022 441 2053 extrahi
457 2023 497 2053 ad
510 2024 739 2063 magistratum
751 2026 809 2056 ἃς.
854 2035 871 2055 e
887 2025 952 2056 Ms.
969 2024 1041 2055 Erf.
1057 2025 1128 2056 dedi
1145 2028 1299 2055 evertere.

111 2065 200 2096 unde
223 2070 257 2095 et
285 2065 320 2095 in
341 2066 397 2104 jus
422 2066 542 2102 vocati,
570 2067 596 2096 si
625 2066 810 2105 latitarent,
895 2070 940 2098 44
951 2069 985 2097 in
998 2069 1196 2098 contentione
1209 2065 1363 2106 Sulpicii]
1380 2065 1486 2104 Illius,
1499 2067 1554 2106 qui

112 2117 180 2138 non
205 2114 338 2148 possent
354 2108 382 2137 vi
408 2107 442 2137 in
457 2109 512 2147 jus
535 2109 617 2148 rapi,
635 2109 696 2138 nisi
710 2110 743 2140 in
760 2111 812 2140 via
855 2109 894 2140 de
917 2110 1104 2149 abrogando
1126 2110 1227 2140 Sullae
1250 2109 1388 2149 imperio
1411 2109 1446 2138 in
1467 2109 1554 2140 bello

113 2150 245 2190 publiea
269 2149 459 2190 deprehensi
483 2157 602 2182 essent.
648 2151 755 2182 Docet
777 2158 812 2182 et

115 2192 324 2222 Justinianus
339 2192 360 2222 l.
376 2192 415 2222 de
432 2192 531 2231 injus
548 2193 704 2225 vocando.
750 2194 811 2225 Pro

115 2239 282 2265 servatum
304 2234 375 2265 edd.
399 2245 449 2275 pr.
471 2235 686 2266 observatum.
732 2235 813 2267 Mox

119 2281 193 2317 post
213 2277 260 2314 id,
276 2281 306 2306 te
327 2278 455 2307 tribuno
471 2279 521 2316 pl.
535 2277 655 2308 excidit
667 2278 815 2316 verbum,

119 2319 222 2349 veluti
246 2320 433 2349 tolleretur.-
457 2329 533 2349 nam
549 2319 628 2349 ordo
643 2321 816 2351 verborum

117 2360 152 2392 id
174 2361 329 2402 postulat.
344 2366 383 2391 ut
404 2362 440 2392 id
452 2365 482 2391 te
497 2362 572 2392 trib.
589 2363 820 2403 plebis—quod

119 2404 154 2434 in
170 2404 314 2444 privatis
327 2413 453 2443 semper
467 2407 635 2435 servatum
649 2410 705 2435 est.
750 2406 818 2436 lta-

118 2456 182 2485 que
197 2446 242 2476 sic
259 2446 466 2477 scribendum
481 2446 620 2483 videtur,
636 2452 673 2477 ut
687 2449 771 2488 quod
783 2449 819 2479 in

113 2488 258 2528 privatis
285 2498 410 2527 semper
433 2493 480 2519 est
509 2494 689 2527 servatum,
716 2491 762 2525 id,
788 2495 820 2521 te

118 2531 250 2562 tribuno
279 2531 393 2571 plebis,
424 2533 606 2568 tolleretur,
633 2537 665 2562 et
693 2533 817 2563 consuli

123 2572 195 2613 (sic,
227 2582 294 2603 non
321 2574 472 2610 consulis,
501 2578 540 2603 ut
567 2574 716 2613 quaedam
743 2575 816 2606 edd.

121 2615 186 2654 pr.)
215 2616 329 2645 domus
353 2617 505 2646 exsilium
528 2625 593 2646 esse
615 2625 679 2646 non
701 2621 818 2656 posset.

123 2655 198 2687 Hoc
222 2657 354 2696 elegans
380 2662 442 2695 est,
468 2659 591 2688 consuli
616 2659 730 2689 domus
756 2669 820 2689 non

121 2702 224 2738 potest
251 2710 317 2730 esse
342 2702 514 2731 exsilium:
539 2700 612 2731 loco
639 2701 757 2738 exsilii,
785 2701 820 2732 in

122 2750 188 2779 quo
202 2741 275 2780 quis
287 2745 381 2772 tutus
395 2747 445 2772 est
458 2753 477 2773 a
492 2741 534 2773 vi.

167 2785 208 2813 43
231 2793 270 2812 ex
290 2793 375 2814 caeno
397 2785 499 2814 neseio
516 2784 585 2824 qui]
604 2783 662 2814 Ex·
675 2794 702 2815 e.
717 2787 821 2816 nescio

125 2834 199 2863 quo,
235 2824 360 2855 habent
394 2826 466 2858 edd.
501 2826 649 2866 quaedam
684 2832 821 2858 veteres.

127 2867 208 2898 Mox
223 2877 281 2908 pro
291 2876 395 2907 remp.
405 2872 593 2910 pervertere
604 2877 681 2900 cum
693 2869 822 2900 Graevio

856 2152 1098 2190 Mithridatico,
1135 2152 1176 2183 ad
1203 2151 1414 2190 Mariumque
1449 2155 1556 2182 trans-

854 2194 1001 2231 ferendo,
1018 2195 1124 2234 legem
1139 2194 1231 2225 tulit.
1276 2193 1408 2224 Excidit
1430 2193 1491 2224 hoc
1506 2204 1555 2224 er-

856 2247 927 2267 rore
950 2247 1122 2277 operarum
1148 2237 1183 2266 in
1204 2235 1347 2266 editione
1370 2235 1554 2267 Graeviana.

860 2289 937 2310 nam
960 2279 1044 2309 nihil
1065 2279 1104 2309 de
1127 2278 1189 2310 hac
1211 2279 1386 2309 omissione
1408 2278 1559 2309 admoni-

859 2324 934 2351 tum
948 2327 1009 2352 est.

902 2366 943 2395 45
966 2372 1075 2394 necem
1096 2360 1230 2403 qffcrre]
1258 2362 1332 2394 Hoc
1347 2371 1425 2393 sane
1440 2362 1558 2394 melius

861 2405 996 2446 vulgato
1032 2403 1157 2446 afferre
1173 2418 1183 2435 .·
1225 2406 1271 2436 sic
1309 2405 1453 2436 habebat
1493 2405 1557 2437 Ms.

860 2448 976 2479 Lamb.
992 2448 1038 2478 sic
1055 2448 1181 2478 Erfurt.
1194 2453 1230 2478 et
1243 2447 1316 2478 edd.
1332 2457 1381 2489 pr.
1396 2448 1450 2479 W.
1467 2451 1557 2481 1480.

862 2491 985 2532 recepit
999 2496 1033 2521 et
1047 2490 1207 2520 Graevius.

900 2533 943 2564 46
963 2533 1076 2564 sceleri
1097 2537 1128 2562 et
1151 2532 1253 2562 menti
1271 2531 1349 2572 tuae]
1377 2533 1440 2563 Pro
1463 2535 1558 2564 scele-

859 2580 944 2606 ratae
969 2576 1070 2607 menti
1093 2579 1157 2605 tuae
1179 2575 1275 2611 dixit,
1300 2580 1340 2605 ut
1365 2576 1558 2606 concinnius

862 2618 1073 2658 responderet
1108 2616 1306 2657 praecedenti
1344 2619 1495 2656 linguam
1527 2623 1560 2648 et

861 2669 970 2691 vocem
982 2670 1090 2691 suam.

861 2728 863 2733 .
904 2705 944 2736 47
971 2708 1009 2733 ut
1035 2703 1156 2733 diceret
1185 2700 1230 2731 L.
1258 2700 1398 2740 Vettius]
1428 2700 1562 2732 Nomen

862 2743 967 2775 Vettii
980 2745 1032 2775 hic
1047 2743 1162 2775 dubito
1175 2752 1244 2773 esse
1258 2753 1278 2773 a
1290 2743 1459 2774 Cicerone.
1472 2744 1562 2775 Nam

863 2787 1035 2827 emphasin
1061 2785 1194 2826 quidem
1217 2786 1250 2815 in
1274 2786 1343 2825 ejus
1368 2786 1563 2826 repetitione

863 2827 917 2860 hie
934 2829 1063 2861 nullam
1076 2828 1180 2859 video.
