1769 3174
587 114 653 152 IN
686 113 1006 153 VATINIUM.
1413 118 1514 160 1037

78 217 188 260 divit
218 218 309 260 sine
340 218 745 260 senatusconsulto?
777 228 877 259 ante
907 227 950 259 te
983 232 1139 259 nemo:
1174 228 1273 274 post
1301 221 1511 264 continuo

75 274 180 316 fecit
213 275 324 316 idem
361 277 402 316 in
441 276 608 316 duobus
647 276 857 332 prodigiis
897 274 1144 331 reipublicae
1186 275 1388 320 Clodius:
1420 293 1507 334 quo

75 332 207 372 etiam
242 333 404 388 majore
438 348 481 374 es
515 332 626 373 malo
657 333 923 383 mactandus,
956 332 1070 387 quod
1105 346 1189 372 non
1223 333 1359 375 solum
1393 335 1510 379 facto

74 397 167 440 tuo,
198 390 270 431 sed
301 391 432 431 etiam
463 389 662 445 exemplo
693 390 1001 446 rempublicam
1026 389 1286 430 vulnerasti:
1317 392 1358 423 76
1371 405 1510 447 neque

73 454 243 488 tantum
265 462 309 488 es
332 448 553 503 improbus
576 447 679 502 ipse,
703 447 775 488 sed
796 447 926 488 etiam
949 447 1054 487 alios
1074 447 1228 487 docere
1252 446 1436 489 voluisti.

128 503 276 559 Atque
309 504 412 545 illud
444 505 574 546 etiam
604 505 750 545 audire
785 519 810 545 a
844 514 884 545 te
919 505 1072 560 cupio:
1105 518 1250 558 quare,
1286 518 1384 545 cum
1423 508 1566 561 ego-‘37

73 557 214 616 legem
244 561 296 602 de
327 562 493 602 ambitu
525 575 579 602 ex
611 560 981 603 senatusconsulto
1015 561 1198 611 tulerim,
1222 561 1312 601 sine
1335 562 1376 602 vi
1400 563 1507 603 tule-

73 617 169 668 rim,
201 618 327 659 salvis
359 619 561 675 auspiciis
593 619 777 669 tulerim,
809 619 923 659 salva
955 618 1049 674 lege
1071 617 1186 659 AElia
1216 628 1258 658 et
1291 618 1427 669 Fufia,
1462 629 1507 661 tu

72 687 169 715 eam
201 691 292 716 esse
330 675 468 732 legem
510 690 595 716 non
629 687 776 732 putes:
812 677 1047 731 praesertim
1087 690 1184 717 cum
1221 689 1303 731 ego
1340 675 1506 732 legibus

47 782 52 786 N
79 732 178 782 tuis,
199 748 375 788 quoquo
397 733 525 774 modo
550 733 646 774 latae
670 734 769 784 sint,
791 737 825 767 75
843 747 1037 789 paream:
1070 747 1168 774 cum
1192 746 1287 774 mea
1309 733 1375 773 lex
1399 734 1508 774 dilu-

72 788 169 830 cide
202 800 332 840 vetet,
374 803 609 840 BIENNlo,
651 804 748 841 Quo
791 803 903 842 Qui-s
948 803 1120 840 PETAT,
1163 803 1506 832 PETITURUSVE

76 859 169 896 SIT,
201 860 551 888 GLAD1ATORES
588 860 871 898 DARE,.N151
907 861 971 887 Ex
1007 861 1342 888 TESTAMENTO
1383 861 1507 889 PR-AE-

76 916 286 946 ετιτυΤΑ
313 918 424 945 DIE:
457 919 554 959 quae
586 914 706 945 tanta
737 905 779 945 111
813 914 853 944 te
885 905 940 945 sit
965 905 1166 955 amentia,
1187 915 1233 945 ut
1256 904 1297 944 in
1319 905 1412 960 ipsa
1435 920 1508 960 pe-

73 960 228 1002 titione
258 960 515 1017 gladiatores
547 962 702 1002 audeas
733 963 865 1003 dare?
898 976 999 1002 num
1028 976 1155 1017 quem
1188 972 1310 1018 putes
1342 962 1507 1002 willius

72 1017 136 1058 tui
171 1019 398 1060 certissimi
436 1019 684 1075 gladiatoris
728 1019 910 1059 similem
949 1019 1169 1060 tribunum
1212 1019 1344 1075 plebis
1386 1034 1509 1075 posse

72 1076 263 1130 reperiri,
304 1076 379 1131 qui
423 1091 468 1117 se
513 1076 774 1132 interponat,
816 1091 901 1131 quo
943 1076 1084 1118 minus
1131 1092 1225 1118 reus
1271 1090 1367 1116 mea
1413 1077 1508 1133 lege

75 1131 151 1173 fias
172 1134 186 1174 ?

129 1188 202 1231 Ob
233 1189 361 1231 hasce
394 1204 542 1231 omnes
581 1204 660 1241 res,
694 1191 856 1231 sciasne
892 1200 932 1231 te
965 1190 1329 1232 severissimorum
1367 1192 1508 1242 homi-7

71 1261 190 1298 num,
230 1247 503 1297 Sabinorum,
546 1247 877 1288 fortissimorum
920 1247 1124 1298 virorum,
1167 1247 1413 1290 Marsorum
1464 1259 1508 1291 et

72 1303 368 1360 Pelignorum,
400 1305 624 1346 tribulium
655 1316 825 1346 tuorum
851 1305 1021 1359 judicio
1052 1315 1264 1356 notatum,
1296 1321 1375 1348 nec
1409 1317 1506 1363 post

75 1360 263 1402 Romam
293 1362 528 1413 conditam,
559 1373 715 1418 praeter
746 1372 801 1413 te,
827 1362 1025 1403 tribulem
1046 1377 1321 1418 quemquam,
1343 1365 1504 1405 tribum

75 1418 271 1474 Sergiam
309 1419 570 1475 perdidisse?
600 1419 666 1460 Ac
701 1419 734 1460 si
771 1419 865 1461 haec
899 1419 1045 1460 omnia
1076 1421 1317 1461 contemnis
1350 1437 1399 1462 ac
1432 1422 1504 1462 de-
1523 1409 1589 1462 16

75 1476 220 1532 spicis,
246 1491 333 1531 quo
362 1477 423 1517 ita
457 1476 535 1517 tibi
566 1477 837 1532 persuaseris,
868 1486 916 1517 ut
944 1477 1084 1533 palam
1115 1477 1303 1528 dictitas,
1336 1487 1391 1529 te,
1423 1479 1566 1520 diissss

74 1533 600 1588 hominibusqueinvitis,
633 1548 778 1575 amore
810 1534 854 1574 in
885 1544 926 1574 te
959 1534 1200 1575 incredibili
1229 1536 1417 1589 quodam
1451 1536 1504 1577 C.

76 1589 275 1641 Caesaris,
297 1591 444 1632 omnia
463 1606 560 1647 quae
591 1591 710 1642 velis,
731 1602 1060 1632 consecuturum
1084 1608 1093 1632 z
1126 1593 1279 1647 ecquid
1311 1593 1509 1644 audieris,

74 1648 324 1703 ecquisnam
356 1648 435 1689 tibi
467 1648 638 1699 dixerit,
671 1648 722 1689 C.
749 1647 964 1689 Caesarem
995 1663 1130 1704 nuper
1152 1648 1380 1704 Aquileiae,
1410 1665 1510 1691 cum

73 1705 126 1746 de
148 1705 405 1760 quibusdam
429 1715 538 1747 esset
563 1707 726 1746 mentio
749 1705 878 1756 facta,
900 1706 1075 1756 dixisse,
1100 1706 1151 1747 C.
1171 1705 1332 1747 Alfium
1357 1718 1510 1762 praete-

72 1762 204 1804 ritum
234 1763 489 1818 permoleste
518 1762 679 1814 tulisse,
704 1763 820 1818 quod
853 1764 898 1803 in
929 1762 1105 1804 homine
1138 1778 1348 1804 summam
1381 1764 1510 1808 fidem

73 1820 421 1876 probitatemque
449 1830 694 1877 cognosset,
713 1820 986 1876 graviterque
1016 1821 1146 1861 etiam
1179 1835 1222 1861 se
1253 1820 1376 1871 ferre,
1401 1836 1512 1876 prae-

74 1886 212 1918 torem
234 1877 418 1932 aliquem
440 1892 532 1919 esse
557 1877 736 1929 factum,
758 1878 832 1932 qui
854 1892 880 1918 a
901 1878 987 1918 suis
1018 1878 1257 1918 rationibus
1289 1878 1510 1919 dissensis-

74 1937 166 1976 set?
205 1943 297 1976 tum
332 1936 537 1990 quaesisse
574 1935 803 1991 quendam,
841 1935 894 1976 de
931 1934 1109 1976 Vatinio
1144 1935 1509 1989 quemadmodum

74 1991 219 2042 ferret,
262 1991 402 2048 ipsum
446 1993 727 2048 respondisse,
761 1992 987 2033 Vatinium
1029 1992 1072 2032 in
1114 1993 1335 2033 tribunatu
1374 1994 1508 2049 gratis

74 2048 183 2090 nihil
201 2048 378 2091 fecisse?
399 2049 474 2104 qui
496 2050 642 2090 omnia
662 2051 707 2090 in
728 2050 912 2105 pecunia
933 2049 1160 2105 posuisset,
1178 2049 1341 2091 honore
1363 2051 1508 2091 animo

75 2120 201 2161 aequo
234 2121 377 2147 carere
410 2107 593 2149 debere?
626 2107 793 2154 Quodsi
827 2107 933 2162 ipse,
966 2106 1039 2160 qui
1075 2116 1131 2156 te,
1165 2121 1252 2148 suae
1282 2107 1506 2163 dignitatis
1519 2115 1569 2150 39

74 2163 284 2219 augendae
307 2179 449 2215 causa,
471 2164 662 2220 periculo
685 2173 774 2215 tuo,
797 2163 913 2204 nullo
935 2178 1012 2203 suo
1034 2163 1207 2216 delicto,
1231 2164 1329 2204 ferri
1357 2166 1509 2220 praeci-

71 2221 208 2277 pitem
238 2231 303 2262 est
333 2220 459 2262 facile
490 2236 652 2278 passus,
673 2231 815 2262 tamen
847 2230 888 2261 te
917 2222 1036 2261 omni
1066 2220 1230 2261 honore
1262 2221 1509 2278 indignissi-

74 2292 193 2319 mum
211 2277 382 2333 judicat
401 2295 409 2320 :
443 2279 476 2319 si
501 2288 542 2320 te
563 2278 710 2329 vicini,
733 2279 767 2319 si
790 2279 954 2330 affines,
977 2278 1011 2318 si
1031 2277 1208 2318 tribules
1231 2279 1292 2319 ita
1313 2279 1510 2331 oderunt,

73 2345 123 2376 ut
143 2335 354 2391 repulsam
379 2345 496 2377 tuam
520 2335 789 2392 triumphum
819 2350 944 2377 suum
973 2335 1201 2377 duxerint:
1234 2335 1268 2376 si
1287 2350 1414 2376 nemo
1437 2336 1512 2377 ad-

74 2393 218 2449 spicit,
248 2393 351 2448 quin
385 2393 665 2450 ingemiscat3
696 2407 823 2433 nemo
854 2393 1118 2434 mentionem
1150 2392 1269 2443 facit,
1299 2393 1404 2448 quin
1435 2408 1512 2434 ex-

75 2458 286 2492 secretur:
320 2450 354 2490 si
379 2451 530 2503 vitant,
557 2451 748 2507 fugiunt,
778 2450 924 2491 audire
954 2450 1006 2491 de
1037 2460 1079 2491 te
1109 2449 1286 2492 nolunt:
1318 2464 1417 2491 cum
1449 2451 1512 2492 vi-

114 2574 157 2609 76
177 2584 278 2614 neque
302 2579 435 2605 tantum
452 2585 484 2606 es
506 2576 671 2616 improbus
683 2574 765 2616 ipse]
811 2574 862 2605 ed.
877 2574 1065 2607 Cratandri.
1088 2575 1168 2605 Post
1175 2583 1317 2614 paream
1332 2582 1400 2604 non
1415 2573 1512 2605 debet

73 2617 127 2648 Sic
140 2616 192 2648 ed.
200 2617 256 2648 W.
279 2617 407 2648 Ceterae
421 2619 548 2657 primm,
564 2627 598 2647 n.
613 2622 638 2649 t.
651 2629 684 2649 es
696 2628 770 2648 con·
811 2627 879 2648 esse
901 2621 1081 2658 punctum:
1106 2626 1184 2648 nam
1203 2616 1350 2657 pendent
1373 2624 1512 2655 sequen-

75 2663 184 2689 tentus
194 2659 292 2699 impr.
306 2659 374 2699 ipse
384 2673 393 2690 .·
418 2661 453 2690 111
467 2670 531 2699 quo
547 2661 682 2691 verbum
696 2670 770 2691 con·
811 2660 860 2689 tia
874 2671 913 2690 ex
928 2660 985 2690 illo
1000 2670 1007 2688 :
1030 2659 1148 2689 audire
1163 2668 1202 2688 ea:
1216 2663 1246 2689 te
1260 2658 1361 2697 cupio.

74 2704 183 2732 tentus
197 2700 410 2739 glossatorem
426 2702 505 2732 olet.
854 2705 894 2734 78
917 2702 1007 2732 illius
1032 2702 1082 2731 tui
1103 2701 1273 2731 certissimi
1294 2696 1507 2738 gladiatoris]

116 2745 157 2776 77
177 2743 330 2782 paream]
358 2744 437 2775 Post
461 2744 523 2774 hoc
548 2745 683 2775 verbum
709 2745 770 2774 ite·
815 2743 968 2774 Clodium
982 2743 1160 2783 intelligit:
1177 2743 1232 2782 qui
1247 2742 1277 2771 ei
1292 2749 1424 2781 operam
1441 2739 1510 2779 gla-

74 2792 150 2816 mm
173 2790 224 2814 est
245 2784 365 2816 lacuna
388 2786 422 2816 in
443 2786 515 2816 edd.
539 2796 589 2826 pr.
606 2796 707 2825 usque
731 2787 771 2816 ad
814 2785 988 2816 diatoriam
1020 2795 1088 2815 non
1119 2786 1162 2815 sit
1192 2788 1384 2823 negaturuS,
1412 2791 1510 2822 quam

74 2826 174 2856 verba
191 2837 201 2856 ι
239 2827 361 2857 tribum
395 2827 551 2867 Sergiam
581 2829 771 2868 perdidisse.
815 2837 900 2868 saepe
914 2829 1055 2858 navarit.
1071 2826 1277 2858 acerbissime
1290 2825 1427 2856 dictum.

76 2867 220 2909 Expleta
241 2873 292 2898 est
317 2869 387 2899 haec
414 2880 542 2909 quoque
568 2870 712 2910 primum
737 2871 772 2900 in

137 2923 246 2952 vor„
272 2924 327 2952 11.
352 2925 392 2953 P.
419 2925 475 2953 11.
751 2918 775 2953 3
801 2925 826 2951 Y
