1769 3174
233 108 311 145 936
820 104 1070 144 ORATIO

231 209 315 250 fuit
337 208 538 265 gratiosa.
557 222 686 250 nemo
705 221 801 250 mea
822 209 1093 251 restitutione
1114 208 1283 250 laetatus
1305 214 1384 260 est,
1405 222 1533 251 nemo
1553 207 1612 267 inj
1621 224 1668 252 u-

230 267 293 307 iia
322 242 473 318 dooluit,
503 267 572 308 cui
604 281 690 307 non
718 266 845 321 liujus
876 267 919 307 in
951 281 1020 307 me
1047 266 1340 307 misericordia
1366 276 1496 321 grata
1525 267 1668 309 fuerit.

164 329 218 364 226
233 322 420 375 Etenim,
455 324 488 364 si
522 333 620 364 ante
653 323 836 364 reditum
869 337 1013 364 meum
1037 323 1117 365 Cn.
1143 323 1320 364 Plancio
1353 337 1396 363 sc
1429 323 1558 380 vulgo
1587 324 1667 366 viri

231 381 350 431 boni,
371 395 469 421 cuin
492 381 564 422 hic
586 381 852 421 tribunatum
876 389 1053 436 peteret,
1076 380 1186 421 ultro
1209 380 1467 421 efferebant:
1499 381 1569 421 cui
1589 395 1669 422 no-

227 451 328 477 men
350 452 492 478 meum
515 438 702 478 absentis
726 438 876 478 honori
898 437 1062 488 fuisset,
1080 438 1118 477 ei
1142 451 1255 477 meas
1279 437 1500 500 praesentis
1525 451 1670 492 preces

226 509 315 535 non
341 506 463 550 putas
484 493 724 550 profuisse?
754 493 823 534 An
846 493 1168 534 Minturnenses
1188 493 1344 543 coloni,
1364 494 1479 558 quod
1503 493 1556 535 C.
1571 494 1672 535 Ma·

228 552 340 592 rium
362 566 416 592 ex
439 555 474 582 51
492 551 605 592 cixili
627 565 781 601 errore,
800 561 928 605 atque
950 565 1004 591 ex
1028 551 1171 606 impiis
1191 550 1388 591 manibus
1406 551 1670 606 eripuer,unt

227 608 345 663 quod
375 617 491 649 tecto
523 618 798 664 receperunt:
831 607 946 662 quod
978 610 1017 637 52
1031 607 1188 647 fessum
1218 607 1360 648 inedia
1381 607 1671 663 fluctibusque

227 675 488 715 recrearunt,
510 665 626 719 quod
648 665 855 705 viaticum
877 673 1199 720 congesserunt,
1216 664 1331 719 quod
1353 665 1575 720 navigium
1597 665 1671 706 de-

228 727 397 773 derunt,
417 722 532 778 quod
555 736 652 762 eum
675 721 939 776 linquentem
960 732 1112 761 terram
1135 735 1244 772 eam,
1263 735 1392 776 quam
1414 731 1670 773 servaverat,

229 786 269 815 53
287 779 410 830 votis,
433 779 666 829 ominibus7
688 778 874 819 lacrimis
907 778 1122 834 prosecuti
1154 787 1267 828 sunt,
1291 787 1451 819 aeterna
1473 779 1517 819 in
1547 778 1672 821 laude

229 848 476 877 versantur:
511 836 704 886 Plancio,
727 835 842 890 quod
872 850 940 875 me
962 835 1027 875 vel
1051 835 1089 875 vi
1113 835 1298 891 pulsum,
1320 835 1385 875 vel
1417 836 1581 876 ratione
1603 850 1674 878 ce-

181 910 215 940 b.
230 892 402 934 dentem
425 893 647 948 receperit,
663 893 842 947 juverit,
864 892 1140 943 custodierit3
1163 892 1244 943 his,
1266 901 1310 932 et
1331 893 1511 944 senatui,
1535 908 1674 949 popu-

231 949 359 1005 loque
391 950 608 999 Romano,
647 959 696 990 ut
726 950 949 999 haberent,
983 952 1022 980 54
1036 963 1162 1004 quem
1205 949 1471 1001 reducerent,
1503 964 1675 991 conser-

230 1008 365 1048 varit:
398 1007 552 1048 honori
587 1007 700 1048 hanc
737 1007 880 1058 fidem,
914 1006 1266 1058 misericordiam,
1300 1006 1503 1048 virtutem
1538 1006 1670 1049 fuisse

230 1064 426 1106 miraris?

151 1129 212 1176 11
288 1122 340 1162 V
332 1122 407 1162 itia
439 1121 682 1162 mehercule
713 1120 795 1162 Cn.
832 1120 1013 1185 Plancii,
1048 1135 1114 1162 res
1153 1120 1239 1171 hae,
1277 1120 1330 1161 de
1370 1122 1526 1176 quibus
1563 1122 1671 1174 dixi,

196 1184 376 1238 7tegere
408 1186 665 1234 potuerunt.
698 1181 804 1219 55ne
838 1187 898 1229 tu,
922 1179 966 1219 in
998 1193 1048 1219 ea
1078 1178 1180 1229 vita,
1199 1178 1252 1219 dc
1288 1192 1373 1232 qua
1395 1178 1489 1234 jam
1514 1179 1672 1230 dicam,

230 1244 296 1276 tot
317 1245 359 1276 et
383 1244 503 1277 tanta
523 1236 773 1292 adjumenta
792 1235 893 1276 huic
923 1235 1076 1276 honori
1109 1235 1240 1275 fuisse
1270 1235 1437 1276 mirere.
1498 1236 1586 1278 Hie
1608 1247 1676 1278 est

226 1293 325 1333 enin
330 1308 358 1344 ι,
398 1293 471 1347 qui
513 1292 852 1334 adolescentulus
892 1307 989 1333 cum
1028 1292 1082 1333 A.
1113 1291 1334 1356 Torquato
1368 1291 1586 1349 profectus
1628 1295 1673 1335 in

226 1349 437 1401 Africam,
462 1350 523 1391 sic
556 1352 610 1391 ab
644 1349 714 1391 illo
738 1349 1007 1405 gravissimo,
1029 1359 1073 1390 et
1094 1350 1379 1400 sanctissimo,
1402 1359 1531 1405 atque
1553 1352 1671 1392 omni

225 1405 352 1448 laude
382 1415 426 1448 et
448 1407 620 1448 honore
646 1407 901 1463 dignissimo
932 1407 1023 1447 viro
1055 1406 1236 1448 dilectus
1269 1416 1347 1457 est,
1370 1416 1417 1448 ut
1447 1416 1491 1448 et
1520 1418 1675 1450 contu-

225 1464 365 1504 bernii
387 1465 673 1515 necessitudo,
696 1474 739 1504 et
760 1463 1065 1505 adolescentuli
1097 1464 1401 1505 modestissimi
1432 1465 1564 1520 pudol
1653 1492 1673 1498 -

226 1521 428 1563 stulabat.
450 1522 523 1577 qui
547 1523 581 1562 si
604 1522 790 1563 adesset.
822 1536 907 1562 non
932 1521 1072 1562 minus
1095 1521 1164 1561 ille
1182 1520 1429 1573 declararet,
1450 1480 1674 1587 quai-iiidie

227 1577 339 1619 illius
372 1579 503 1620 frater
537 1579 755 1635 patruelis,
783 1587 826 1620 et
857 1593 977 1619 socer
998 1578 1048 1619 T.
1067 1577 1325 1633 Torquatus,
1349 1578 1408 1619 illi
1440 1581 1557 1620 omni
1589 1581 1675 1620 vir-

227 1644 320 1676 tute
350 1646 394 1677 et
423 1636 548 1677 laude
571 1651 671 1692 par:
704 1637 777 1700 qui
808 1646 873 1676 est
903 1636 1077 1690 quidem
1112 1650 1210 1676 cum
1242 1635 1314 1676 illo
1346 1637 1546 1678 maximis
1580 1638 1675 1678 vin-

226 1693 333 1734 culis
358 1702 401 1734 et
422 1694 756 1749 propinquitatis
779 1704 822 1734 ct
844 1693 1065 1733 affinitatis
1088 1693 1371 1748 conjunctus:
1405 1694 1476 1734 sed
1500 1695 1560 1735 ita
1582 1708 1672 1735 ma-

229 1751 302 1799 ‹rni
323 1751 494 1801 amoris,
518 1761 565 1791 ut
583 1751 665 1791 illae
688 1750 1014 1791 necessitudinis
1037 1764 1177 1791 causae
1197 1749 1260 1792 lev
1266 1765 1308 1791 es
1328 1764 1419 1791 8558
1434 1751 1674 1793 videantur.

227 1794 263 1847 Ι
268 1809 328 1848 uit
351 1809 395 1850 in
419 1808 550 1849 Creta
569 1817 717 1863 postea
737 1807 1056 1848 contubeinalis
1080 1807 1315 1859 Saturnini,
1338 1808 1569 1864 propinqui
1593 1809 1674 1860 sui,

225 1866 348 1906 miles
379 1865 507 1919 liujus
539 1866 596 1912 Q.
629 1864 813 1906 Metelli.
843 1865 999 1920 quibus
1030 1879 1130 1905 cum
1162 1863 1292 1905 fue1it
1330 1866 1674 1921 probatissimus,

225 1921 441 1977 hodieque
463 1923 542 1963 sit.
574 1922 775 1963 omnibus
797 1936 888 1963 8558
911 1937 954 1962 se
977 1922 1206 1977 probatum
1228 1922 1357 1963 debet
1376 1937 1559 1978 sperare.
1620 1922 1673 1964 In

226 1993 277 2019 ea
298 1980 521 2035 provincia
542 1979 708 2036 legatus
731 1979 815 2020 tuit
838 1979 889 2020 C.
910 1979 1141 2020 Sacerdos:
1165 1994 1250 2034 qua
1273 1980 1444 2030 virtute,
1466 1995 1551 2035 qua
1571 1995 1676 2022 eon—

228 2038 387 2077 stantia
409 2038 493 2078 vir.
488 2040 499 2067 Ρ
533 2037 581 2078 L.
607 2037 808 2078 Flaccus.
837 2036 911 2092 qui
935 2037 1004 2077 lio
998 2038 1092 2078 ·?no
1114 2050 1187 2090 qul
1210 2036 1345 2078 civis?
1366 2036 1533 2092 qualem
1558 2037 1674 2080 hunc

165 2103 216 2136 28
230 2103 397 2148 putent
419 2095 481 2125 56·
473 2094 722 2135 assiduitate
739 2094 1076 2170 testimonioque
1097 2093 1329 2134 declarant.
1390 2094 1442 2134 In
1466 2093 1676 2136 Macedo-

227 2166 283 2190 ιιι
276 2167 300 2191 ιι
320 2152 516 2192 tribunus
548 2152 733 2192 militum
762 2150 866 2192 mit:
899 2151 943 2192 in
966 2151 1114 2192 eadem
1140 2151 1363 2206 provincia
1384 2161 1534 2207 postea
1555 2166 1674 2206 quae-

229 2219 331 2249 stor.
394 2208 589 2249 Primum
623 2208 887 2250 Macedonia
920 2209 982 2250 sic
1005 2222 1103 2249 eum
1136 2207 1294 2263 diligit,
1327 2217 1375 2248 ut
1407 2209 1601 2250 indicant
1625 2209 1670 2250 hi

227 2265 444 2322 principes
477 2266 703 2307 civitatum
735 2279 931 2308 suarum:
963 2265 1037 2321 qui
1068 2279 1168 2306 cum
1198 2265 1315 2305 missi
1348 2265 1434 2307 sint
1465 2266 1521 2307 ob
1545 2266 1673 2307 aliam
1729 2307 1734 2314 ζ

267 2392 304 2420 51
330 2390 418 2420 civili-
432 2389 555 2429 errore]
582 2391 622 2420 In
649 2390 762 2430 fugam
786 2391 928 2427 eiectum
973 2388 1041 2419 Erf.
1056 2399 1115 2429 pro
1129 2390 1224 2428 quod.
1235 2388 1266 2419 id
1282 2393 1315 2419 et
1329 2389 1398 2420 sine
1410 2389 1500 2419 libris
1515 2389 1561 2419 sic
1575 2389 1675 2420 corri-

224 2432 266 2461 cix
277 2432 372 2463 ilibus
386 2433 504 2469 turbe,
520 2438 554 2462 et
567 2439 745 2462 errantem.
972 2431 1114 2470 gendum
1139 2436 1222 2462 erat.
1271 2432 1324 2461 Sic
1346 2437 1420 2471 post
1436 2443 1466 2462 c.
1486 2435 1535 2462 ll.
1551 2432 1637 2471 quod
1649 2433 1678 2462 εἰ

267 2476 307 2504 53
317 2473 451 2513 sessum
472 2473 822 2515 inediafluetibusque]
846 2473 929 2513 Qui·
972 2473 1093 2503 adesset
1115 2479 1164 2503 est
1187 2473 1220 2504 in
1243 2474 1357 2504 multis
1381 2474 1484 2512 libris,
1501 2483 1560 2514 pro
1577 2474 1677 2514 quisi

223 2515 450 2556 bnsflucc'ii‘ms
462 2517 478 2546 ‚⁹
495 2527 570 2546 cum
585 2516 729 2546 nondum
745 2527 833 2546 mare
849 2516 929 2546 teti·
971 2516 1107 2546 adesset.

223 2559 335 2595 gissct.
353 2569 413 2589 nec
428 2559 461 2588 in
478 2559 536 2589 illa
550 2559 666 2598 palude
682 2559 800 2588 fluctus
815 2563 924 2594 erant,
1012 2559 1051 2587 55
1074 2568 1114 2587 ne
1135 2558 1348 2597 tzc—mirere]
1389 2558 1445 2588 Ne
1465 2558 1519 2589 hic
1541 2563 1590 2588 cst
1613 2567 1674 2598 pro

223 2601 257 2629 in
272 2611 336 2639 qua
350 2601 437 2631 inter
451 2600 626 2631 arundines
638 2601 776 2631 latebat.
792 2601 854 2630 nisi
867 2609 925 2630 au·
968 2599 1100 2637 nedum,
1113 2601 1203 2639 cujus
1218 2601 1333 2631 forman
1346 2600 1495 2640 exempla
1505 2600 1610 2631 multa
1622 2600 1678 2630 de-

221 2643 319 2681 gendi
337 2653 434 2673 causa
449 2644 591 2673 oratorie
606 2643 651 2673 sic
667 2643 758 2673 dixit.
968 2641 1043 2671 dere
1056 2642 1160 2672 Gron.
1176 2647 1210 2672 ct
1223 2642 1394 2673 Drakenb.
1404 2642 1445 2672 ad
1458 2642 1606 2679 Liv.111,
1621 2644 1672 2673 52.

266 2687 305 2715 53
328 2686 475 2715 lacrimis
490 2686 630 2723 comque
647 2684 808 2724 omnibus]
834 2683 925 2714 Grae-
1011 2684 1051 2713 56
1085 2685 1292 2723 assiduitate]
1331 2684 1564 2715 Advocationis
1593 2693 1674 2714 con-

220 2727 292 2755 vius
317 2727 396 2757 hene
420 2738 437 2757 e
462 2727 525 2757 Ms.
549 2727 618 2759 Erf.
641 2728 735 2763 rotis,
751 2728 921 2763 ominibus,
967 2726 1103 2763 stantia,
1114 2737 1189 2756 cum
1202 2737 1331 2767 semper
1341 2726 1473 2763 adsunt,
1485 2736 1559 2756 cuin
1573 2735 1673 2758 causa

219 2769 376 2799 lacrimis.
388 2769 520 2799 solenne
533 2769 672 2799 librariis
684 2770 763 2800 votis
774 2771 923 2800 omnibus
966 2768 1088 2806 agitur,
1103 2779 1133 2799 v.
1149 2769 1240 2800 Clav.
1257 2768 1378 2799 Eadem
1402 2768 1584 2805 assiduitas,
1615 2767 1670 2799 sed

218 2811 358 2841 scrithe
374 2822 431 2851 pro
446 2814 538 2849 uvolis,
553 2812 723 2842 ominibus.
964 2810 1036 2840 aliis
1052 2811 1168 2850 verbis,
1178 2810 1345 2852 delegatis
1356 2810 1576 2842 Macedonicis
1590 2819 1663 2842 nar·
1676 2813 1682 2819 '

261 2855 302 2883 ‚34
323 2864 418 2894 quem
441 2854 645 2894 reducerem]
671 2854 724 2885 Sic
745 2854 827 2885 bene
852 2854 917 2885 Ms.
964 2859 1068 2885 ratur.
