1769 3174
403 109 480 148 DE
507 108 862 149 HARUSPICUM
887 108 1184 151 RESPONSIS.
1448 115 1526 152 899

75 224 171 256 rum
201 227 376 255 causam
407 213 670 256 stultissimis
697 213 1112 271 interrogationibus
1138 214 1380 271 impediret,
1401 223 1446 257 et
1471 215 1522 258 P.

73 269 264 312 Tullioni
283 270 392 327 Syro
414 280 590 313 navaret
607 285 798 328 operam,
821 280 951 327 atque
971 271 1009 312 ei
1025 285 1130 323 sese,
1151 272 1222 313 cui
1242 281 1357 313 totus
1378 274 1522 314 venie·

74 336 156 378 rat,
175 328 306 369 etiam
325 329 448 369 vobis
469 329 811 384 inspectantibus
832 328 1088 371 venditaret.
1121 327 1275 384 Itaque
1298 329 1521 372 hominem

73 383 288 426 furentem
301 385 676 442 exsultantemque
689 386 901 437 continui,
916 385 1094 428 simulac
1108 385 1345 442 periculum
1358 387 1516 440 judicii

73 441 263 484 intendi:
288 444 307 473 3
320 443 489 484 duobus
503 443 687 499 inceptis
701 443 842 484 verbis
856 457 1029 484 omnem
1043 444 1252 499 impetum
1267 442 1518 498 gladiatoris

74 497 368 554 ferociamque
389 501 639 556 compressi.
697 499 904 541 Attamen
927 501 1137 556 4ignarus
1160 500 1243 551 ille,
1265 500 1339 555 qui
1362 512 1553 547 consu-‘2

69 555 130 597 les
153 565 309 608 essent,
327 558 559 613 exsanguis
578 566 708 613 atque
727 567 930 609 aestuans,
949 572 992 598 se
1011 572 1066 599 ex
1084 557 1204 599 curia
1221 566 1397 613 repente
1418 570 1516 611 pro-

61 612 218 669 ripuit,
257 628 357 655 cum
389 615 647 670 quibusdam
669 614 818 656 fractis
853 615 947 671 jam
970 624 1099 671 atque
1133 615 1333 656 inanibus
1371 615 1514 666 minis,

67 678 114 711 et
147 685 247 712 cum
277 671 389 713 illius
421 671 643 713 Pisoniani
676 673 882 729 temporis
914 671 1237 728 Gabinianique
1269 671 1518 713 terroribus.

69 727 213 774 Quem
249 743 349 770 cum
377 729 669 784 egredientem
702 730 869 785 insequi
899 729 1156 785 coepissem:
1191 730 1287 785 cepi
1317 729 1518 784 equidem

66 783 257 827 fructum
288 786 544 838 maximum,
565 796 610 828 et
639 801 693 828 ex
718 787 1068 828 consurrectione
1086 786 1282 827 omnium
1311 785 1518 837 vestrum,

63 851 109 884 et
137 857 192 884 ex
211 844 421 884 comitatu
440 843 785 900 publicanorum.
811 844 883 885 sed
903 859 1050 885 vecors
1083 854 1259 900 repente
1283 847 1300 876 5
1316 843 1406 884 sine
1439 858 1516 884 suo

65 899 204 951 vultu,
227 901 317 941 sine
346 900 504 952 colore,
528 901 618 942 sine
654 916 760 943 voce
788 901 1015 944 constitit:
1047 901 1202 942 deinde
1224 901 1440 957 respexit3
1471 910 1516 942 et

66 957 246 998 simulac
266 957 348 998 Cn.
373 958 603 999 Lentulum
626 958 847 1000 consulem
869 959 1084 1015 adspexit,
1106 959 1299 1000 concidit
1321 958 1362 998 in
1383 958 1515 999 curiae

65 1028 191 1070 paene
213 1014 376 1067 limine,
399 1016 711 1068 recordatione,
741 1016 884 1068 credo,
905 1016 1084 1057 Gabinii
1115 1016 1195 1066 sui,
1217 1015 1516 1069 desiderioque

64 1071 251 1113 Pisonis.
313 1073 451 1128 Cujus
482 1088 564 1129 ego
596 1073 649 1115 de
679 1073 886 1114 effrenato
918 1083 961 1114 et
994 1073 1208 1129 praecipiti
1242 1071 1384 1113 furore
1411 1071 1515 1127 quid

61 1128 236 1171 dicam?
272 1129 421 1171 6haud
458 1139 602 1186 potest
636 1131 906 1188 gravioribus
940 1146 965 1171 a
1000 1145 1069 1171 me
1104 1130 1247 1171 verbis
1285 1129 1512 1180 vulnerari,

61 1200 194 1241 quam
215 1194 281 1229 est
312 1188 473 1238 statim,
497 1191 514 1222 7
533 1188 578 1229 in
600 1187 717 1230 facto
739 1187 850 1244 ipSO,
873 1203 898 1229 a
917 1187 1172 1244 gravissimo
1206 1188 1314 1238 viro,
1340 1186 1389 1227 P.
1414 1186 1511 1227 Ser-

64 1243 167 1285 vilio
190 1244 413 1287 confectus
436 1260 486 1286 ac
505 1246 758 1287 trucidatus.
781 1245 906 1300 cujus
929 1245 962 1286 si
982 1245 1113 1285 etiam
1139 1244 1226 1286 vim
1256 1253 1299 1285 et
1322 1244 1510 1300 gravita-
1524 1265 1554 1295 p.
1571 1257 1643 1287 244.

62 1308 152 1342 tem
183 1301 299 1344 illam
331 1302 607 1358 singularem,
638 1318 689 1344 ac
720 1316 844 1359 paene
874 1302 1081 1353 divinam,
1114 1302 1279 1357 assequi
1314 1309 1554 1357 possemza·

65 1365 211 1400 tamen
241 1374 328 1401 non
351 1360 520 1411 dubito,
541 1361 646 1416 quin
677 1374 727 1400 ea
749 1360 845 1411 tela,
869 1375 965 1414 quae
998 1358 1235 1414 conjecerit
1258 1362 1276 1390 8
1294 1358 1511 1409 inimicus,

64 1429 196 1470 quam
217 1430 280 1468 ea,
299 1432 396 1472 quae
427 1418 593 1474 collega
614 1418 748 1474 patris
770 1417 929 1467 emisit,
951 1416 1113 1458 leviora
1135 1425 1265 1471 atque
1286 1415 1512 1458 hebetiora

62 1487 154 1514 esse
177 1473 416 1516 videantur.

118 1530 202 1572 Sed
226 1541 369 1572 tamen
392 1531 476 1573 mei
497 1530 598 1573 facti
622 1530 835 1573 rationem
852 1544 1070 1587 exponere
1097 1529 1180 1571 illis
1203 1529 1316 1580 volo,
1338 1530 1411 1585 qui
1434 1529 1509 1570 he·
1524 1533 1555 1580 2

62 1595 207 1629 sterno
239 1589 310 1629 die
340 1588 486 1630 dolore
516 1603 585 1630 me
617 1589 792 1640 elatum,
814 1598 858 1629 et
890 1587 1114 1629 iracundia
1136 1587 1340 1642 9longius
1377 1601 1548 1643 prope3

59 1644 300 1701 digressum
330 1646 664 1698 arbitrabantur,
698 1661 828 1701 quam
861 1645 1067 1702 sapientis
1099 1644 1290 1685 hominis
1318 1644 1513 1700 cogitata

57 1703 167 1744 ratio
201 1703 451 1759 postularet.
513 1704 635 1746 Nihil
669 1703 752 1745 feci
776 1704 924 1754 iratus,
950 1702 1061 1743 nihil
1095 1701 1328 1758 impotenti
1350 1701 1512 1753 animo,

56 1759 167 1800 nihil
188 1775 275 1802 non
296 1760 369 1803 diu
392 1761 712 1803 consideratum
736 1775 787 1802 ac
808 1760 947 1801 multo
969 1770 1070 1801 ante
1088 1759 1360 1800 meditatum.
1412 1757 1508 1815 Ego

56 1816 186 1868 enim,
210 1827 350 1873 patres
369 1819 620 1875 conscripti,
644 1818 870 1860 inimicum
891 1831 961 1858 me
983 1830 1152 1872 semper
1173 1830 1264 1857 esse
1287 1814 1506 1872 professus

56 1889 150 1915 sum
172 1875 355 1926 duobus,
377 1877 450 1932 qui
473 1891 557 1927 me,
575 1876 649 1932 qui
671 1875 984 1932 rempublicam
1005 1888 1104 1915 cum
1127 1872 1356 1914 defendere
1374 1873 1504 1915 debe-

55 1942 165 1983 rent,
189 1947 356 1975 servare
389 1943 590 1990 possent;
621 1947 806 1989 cumque
841 1932 895 1974 ad
927 1930 1152 1974 consulare
1174 1930 1368 1972 officium
1399 1931 1504 1988 ipsis

96 2075 116 2103 3
138 2073 260 2104 duobus
271 2074 405 2114 inceptis
415 2074 531 2115 verbis]
557 2075 578 2106 i.
593 2075 658 2112 vix,
672 2083 756 2105 non·
839 2076 857 2108 7
882 2072 1021 2113 infacto
1040 2071 1121 2112 ipso]
1151 2070 1235 2101 Mihi
1251 2069 1335 2111 sapit
1348 2069 1411 2101 hoc
1423 2069 1511 2110 glos-

55 2112 135 2146 durn
147 2115 497 2156 planepronunciatist
521 2118 687 2148 sententia
700 2118 757 2146 bo-
798 2120 954 2146 satorem.
990 2124 1068 2145 nam
1098 2113 1185 2153 apud
1219 2114 1413 2144 Ciceronem
1451 2119 1512 2144 aut.

54 2165 97 2188 na
110 2169 119 2195 ;
153 2158 210 2188 sed
228 2158 343 2189 modus
358 2158 512 2199 loquendi
526 2160 637 2190 durus.
682 2159 759 2199 Ipsa
800 2158 882 2189 alios
890 2162 1015 2188 veteres
1030 2157 1203 2196 scriptores
1216 2165 1284 2186 non
1300 2155 1417 2195 reperi.
1432 2155 1512 2186 Sta-

55 2197 163 2230 forma
183 2201 341 2231 orationis
363 2212 430 2232 non
453 2201 531 2233 satis
554 2201 674 2243 placet,
698 2211 758 2232 nec
802 2201 862 2230 tim
884 2204 935 2230 est
957 2199 1002 2236 id,
1019 2199 1104 2239 quod
1128 2198 1227 2237 vulgo
1247 2197 1364 2228 dicunt
1386 2197 1422 2227 in
1444 2198 1509 2237 ipso

55 2241 124 2271 sine
139 2242 218 2272 vitio
233 2252 305 2273 eam
319 2253 386 2274 esse
401 2251 493 2284 puto.
787 2241 898 2283 facto.
942 2241 1022 2271 Mox
1050 2250 1108 2281 pro
1126 2249 1252 2280 possem
1274 2240 1310 2270 in
1332 2239 1381 2269 ed.
1409 2239 1508 2271 Grut.

95 2286 118 2315 4
149 2285 290 2323 ignarus
311 2287 378 2323 ille,
396 2288 451 2326 qui
473 2286 616 2316 consules
638 2284 755 2324 essent]
801 2294 910 2316 errore
926 2293 1100 2323 operarum
1115 2282 1246 2322 irrepsit
1254 2285 1396 2322 possent.

55 2325 78 2355 i.
102 2336 131 2357 e.
146 2336 213 2357 non
235 2327 331 2365 tales,
355 2328 466 2369 quales
487 2328 654 2359 habuisset
670 2328 760 2358 Piso·
852 2329 870 2357 8
904 2326 1069 2363 inimicus,
1103 2335 1205 2364 quam
1247 2323 1301 2363 ea]
1348 2323 1510 2355 Inimicus

55 2376 131 2398 nem
146 2373 181 2399 et
202 2369 392 2409 Gabinium,
407 2376 446 2401 ut
469 2376 579 2411 posset
600 2370 684 2401 tales
698 2369 760 2400 mi-
802 2373 852 2400 est
869 2368 1006 2406 Cicer-03
1029 2377 1130 2408 quam
1152 2377 1191 2397 ea
1215 2376 1282 2397 non
1305 2364 1426 2406 placet,
1450 2375 1508 2406 pro

55 2418 114 2440 nas
119 2411 246 2450 jactare
261 2411 407 2453 impune.
800 2412 859 2442 iis.-
886 2409 973 2450 quod
1002 2409 1130 2440 videtur
1153 2408 1274 2439 ultima
1297 2408 1332 2438 in
1358 2408 1510 2438 inimicus

99 2454 117 2482 5
138 2454 207 2483 sine
223 2463 281 2484 suo
295 2455 405 2495 vultu]
429 2456 520 2487 Bene
535 2465 604 2492 suo,
627 2455 648 2486 i.
666 2465 696 2485 e.
712 2454 759 2484 fe-
800 2453 1020 2493 absorpsisse:
1061 2456 1095 2483 et
1125 2456 1327 2482 correctores
1358 2459 1508 2490 reparare

53 2494 119 2524 roci
145 2494 203 2525 illo
230 2500 265 2526 et
288 2498 422 2535 minaei,
445 2498 500 2537 qui
525 2507 594 2528 esse
619 2497 757 2528 solebat.
803 2496 952 2526 voluisse.
1343 2533 1356 2539 ,

56 2545 133 2566 mox
148 2537 295 2568 Graevius
309 2550 348 2570 ex
363 2540 436 2571 edd.
460 2550 508 2580 pr.
524 2541 625 2571 simul
637 2540 684 2570 ad
699 2539 758 2570 Cn.
843 2543 863 2572 9
887 2538 1016 2576 longius
1021 2545 1124 2576 prope
1130 2543 1342 2575 progressum
1344 2541 1357 2572 j
1377 2533 1458 2565 Mss.
1471 2537 1505 2563 et

55 2577 98 2608 L.
124 2580 281 2619 adspemt.
311 2591 378 2612 non
403 2582 497 2612 bene.
525 2592 603 2612 nam
628 2582 759 2612 videtur
801 2580 873 2611 edd.
896 2579 1020 2609 habent
1040 2578 1090 2608 vel
1099 2587 1200 2618 prope
1214 2585 1440 2617 progressum,
1457 2574 1510 2609 vel

54 2629 131 2650 casu
165 2623 233 2662 ejus
265 2622 436 2664 adspectus
467 2624 581 2656 Clodio
627 2624 758 2655 oblatus
795 2632 898 2663 prope
924 2622 1121 2660 digressum.
1168 2619 1242 2650 Hoc
1271 2618 1406 2663 quidem·
1431 2617 1510 2647 alie,

52 2670 132 2693 eSSe·
803 2674 884 2695 num
912 2674 933 2694 a
959 2673 1078 2694 sensu:
1114 2662 1149 2692 in
1174 2660 1233 2691 illo
1253 2669 1355 2700 prope
1378 2658 1508 2691 videtur

96 2704 116 2734 6
144 2705 235 2736 haud
254 2707 373 2748 potest]
412 2709 492 2739 Mss.
521 2708 654 2748 quidam
683 2711 757 2745 aut,
799 2708 946 2737 minuere
962 2715 1030 2736 reni
1047 2711 1164 2735 contra
1177 2707 1383 2749 contextura.
1395 2700 1509 2739 Itaque

54 2745 96 2774 ab
119 2746 190 2777 aliis
212 2748 315 2780 abest.
342 2751 428 2790 quod
450 2750 558 2791 placet
580 2750 758 2786 Lambino,
799 2748 981 2779 Lambinus
1003 2746 1135 2782 delevit,
1159 2744 1245 2783 quod
1268 2744 1349 2773 mihi
1364 2752 1431 2772 non
1445 2743 1511 2775 dis..

55 2786 288 2829 interrogative
299 2793 462 2835 capienti:
487 2792 575 2833 quod
585 2799 670 2824 esset
682 2801 759 2822 sane
801 2791 916 2830 plicet,
944 2789 1000 2820 sed
1028 2794 1145 2818 contra
1170 2787 1271 2817 libros
1299 2794 1413 2815 omnes
1442 2794 1510 2818 non

54 2829 232 2863 efficacius,
804 2842 878 2863 sum
893 2841 1001 2864 ausus,
1018 2831 1079 2862 Est
1093 2829 1182 2861 enim
1195 2834 1310 2860 tamen
1324 2826 1509 2860 tolerabile.

674 2892 806 2931 8154
