1785 3185
480 104 595 142 PRO
621 104 783 142 REGE
807 105 1131 145 DEIOTARO.
1433 113 1526 148 1281

388 291 458 339 M.
491 293 762 341 TULLII
801 295 1232 344 CICERONIS
1534 315 1568 377 Σ.
1589 308 1657 337 1-14.

764 421 840 446 PRO

197 497 567 564 REGE
663 500 1414 568 DEIOTARO

417 627 544 680 AD
600 627 660 681 C.
706 628 1192 683 CAESAREM

277 753 493 796 oRATlo,
522 754 771 792 SECUNDA
795 754 866 792 ET
891 755 1327 795 QUADRAGESIMA.

598 929 1001 968 ARGUMENTUM.

82 1000 285 1037 Deiotarus
302 997 484 1034 tetrarcha
507 998 632 1034 Gallo·
641 998 788 1034 Gr'aeciae
802 1000 876 1034 sive
898 999 1055 1035 Galatia>
1062 999 1157 1048 fuit.
1198 1000 1246 1043 Is,
1267 1002 1363 1049 quod
1377 1014 1516 1039 summa

135 1051 209 1097 ejus
228 1053 263 1090 in
284 1049 465 1099 Romanos
471 1050 568 1099 fides
586 1051 784 1093 constabat,
805 1063 828 1086 a
846 1051 1019 1099 Pompeio
1039 1064 1148 1098 regno
1166 1054 1348 1089 Armenice
1367 1056 1516 1091 minoris

134 1105 299 1142 donatus,
329 1107 362 1138 et
391 1116 414 1138 a
441 1102 579 1138 Senatu
607 1102 685 1137 Rex
711 1108 763 1138 est
793 1104 1008 1151 appellatus.
1062 1104 1132 1139 His
1160 1105 1334 1154 beneficiis
1361 1106 1515 1144 Senatus

134 1155 372 1203 Pompeiique
396 1159 577 1202 permotus
605 1167 684 1190 cum
712 1157 749 1190 in-
771 1155 862 1191 bello
882 1156 979 1191 cicili
999 1156 1172 1204 Pompeio
1191 1159 1329 1194 auxilia
1349 1161 1512 1202 misisset,

132 1208 285 1243 Casaris
303 1209 461 1242 animum
480 1207 642 1255 offendit.
685 1206 815 1254 Itaque
832 1208 923 1243 bello
940 1208 1187 1244 Alerandrino
1207 1212 1414 1258 composito,
1434 1224 1514 1247 cum

134 1260 254 1295 Caesar
273 1261 309 1294 in
326 1261 467 1301 Asiam,
487 1259 690 1294 Pharnacis
709 1259 821 1294 Ponti
838 1262 933 1307 regis
952 1260 1042 1296 bello
1057 1263 1294 1308 persequendi
1315 1275 1435 1306 causa,
1454 1275 1512 1299 ve-

131 1313 253 1351 nisset,
283 1323 322 1347 eo
351 1312 500 1354 det-icto,
522 1312 741 1347 Deiotarum
769 1314 879 1347 etiam
907 1325 1016 1360 regno
1033 1313 1215 1349 Armeniae
1242 1315 1422 1355 multat-it,
1447 1328 1511 1351 no-

131 1375 211 1399 men
231 1369 348 1399 autem
369 1365 506 1411 regium
525 1368 559 1399 et
577 1364 718 1411 reliqua
733 1369 878 1400 senatus
897 1365 1065 1414 beneficia
1083 1368 1264 1402 concessit.
1321 1367 1398 1408 Quo
1423 1372 1511 1404 tem-

125 1427 218 1464 pore
236 1428 313 1451 cum
333 1417 382 1451 ad
405 1428 482 1451 eum
503 1417 709 1451 devertisset
728 1416 858 1459 Ca’sar,
880 1417 1127 1453 liberalissime
1143 1431 1165 1453 a
1183 1430 1267 1466 rege
1284 1418 1426 1455 habitus
1444 1425 1509 1463 est,

128 1479 236 1515 ‘magn
244 1470 388 1516 isit-eque
405 1469 570 1504 donatas.
607 1469 742 1504 Graves
755 1474 875 1504 (tutem
894 1471 1096 1505 inimicitice
1115 1471 1376 1506 intercedebant
1393 1472 1508 1507 Deio-

129 1524 210 1554 taro
229 1533 305 1555 cum
329 1520 488 1562 Castore,
508 1532 550 1556 ez·
565 1521 655 1569 filia
671 1526 810 1569 nepote,
831 1533 908 1569 quae
927 1521 1173 1558 Saocondario
1192 1528 1373 1570 nupserat.
1430 1523 1509 1560 Ita-

127 1583 196 1619 que
222 1584 301 1607 cum
332 1572 458 1608 Castor
476 1585 612 1608 omnem
641 1585 706 1608 avo
734 1575 883 1609 nocendi
911 1576 1131 1610 occasionem
1157 1580 1334 1622 captaret,
1355 1577 1404 1611 arl
1430 1588 1510 1613 eam

125 1636 199 1660 rem
227 1624 356 1660 abusus
382 1629 435 1660 est
463 1630 621 1673 tempore
647 1625 722 1665 illo,
745 1638 814 1673 quo
844 1626 962 1661 Caesar
989 1628 1037 1662 ad
1055 1626 1276 1663 Deiotarum
1304 1629 1508 1664 deversatus

123 1681 215 1712 erat.
270 1677 379 1718 Nam,
400 1677 552 1714 abducto
575 1677 619 1713 ab
637 1689 703 1713 avo
720 1689 820 1713 servo
838 1679 975 1714 medico
995 1679 1194 1727 Phidippo,
1217 1681 1312 1715 misit
1331 1692 1409 1716 eum
1427 1693 1521 1716 cum‘

123 1729 244 1776 legato
273 1728 438 1769 Romam,
457 1731 650 1766 accusandi
678 1732 737 1765 avi
764 1742 883 1770 causa,
911 1732 1007 1778 quod
1036 1731 1167 1767 Coesari
1197 1733 1295 1778 apud
1320 1744 1357 1767 se
1384 1733 1505 1769 dever-

119 1782 220 1816 santi
248 1781 398 1817 insidias
413 1780 576 1829 fecisset.
631 1781 766 1829 Legati
782 1782 958 1818 Deiotari
984 1795 1130 1818 causam
1153 1785 1201 1819 ad
1221 1784 1425 1819 Ciceronem
1443 1786 1503 1820 de-

123 1834 296 1875 tulerunt,
324 1835 513 1880 antiquum
541 1834 714 1870 Deiotari
742 1834 917 1882 hospitem
945 1839 979 1870 et
1006 1837 1172 1872 amicum.
1228 1836 1263 1871 Is
1292 1848 1400 1871 causa
1424 1849 1501 1872 sus-

122 1889 239 1933 cepta,
259 1897 380 1920 coram
400 1885 547 1926 Caesare
570 1888 668 1922 intra
686 1887 895 1922 domesticos
910 1888 1068 1934 parietes
1087 1887 1305 1923 Deiotarum
1324 1887 1499 1936 defendit,

121 1942 157 1971 et
185 1948 255 1972 non
281 1938 386 1972 modo
413 1944 522 1985 caput
549 1940 787 1974 accusationis
815 1939 934 1980 diluit,
954 1940 1016 1974 sed
1043 1944 1160 1974 cetera
1188 1941 1311 1982 etiam,
1332 1952 1409 1987 (μαῖ’
1428 1943 1499 1976 cri-

120 1989 228 2024 minis
256 1989 490 2038 confirmandi
518 2002 626 2025 causa
652 1991 771 2026 allata
796 1995 913 2032 erant,
935 1995 1131 2038 tamquam,
1153 1992 1196 2026 de
1223 1993 1305 2027 odio
1323 1992 1498 2029 Deiotari

119 2041 158 2076 in
178 2040 364 2082 Caesarem,
383 2042 426 2077 de
443 2044 597 2078 evercitu
616 2047 742 2078 contra
759 2054 838 2078 eum
857 2048 1078 2090 comparato,
1097 2048 1132 2078 et
1150 2043 1236 2079 alia.

68 2113 225 2177 CUM
257 2130 299 2170 in
332 2130 531 2170 omnibus
553 2131 690 2171 causis
717 2130 1000 2186 gravioribus,
1025 2130 1077 2172 C.
1103 2131 1263 2182 Caesar,
1283 2131 1406 2173 initio
1428 2133 1492 2174 di-
1511 2127 1537 2172 1

63 2187 188 2229 cendi
201 2188 461 2228 commoveri
477 2187 635 2228 soleam
650 2187 958 2238 vehementius,
971 2202 1099 2242 quam
1115 2188 1282 2229 videtur
1294 2190 1358 2230 vel
1380 2205 1492 2242 usus,
1513 2198 1527 2230 1

65 2245 131 2285 vel
149 2253 252 2285 aetas
271 2259 366 2284 mea
391 2244 628 2299 postulare:
654 2254 744 2285 tum
768 2246 808 2284 in
832 2245 913 2286 hac
931 2260 1059 2285 causa
1079 2246 1138 2286 ita
1157 2260 1224 2285 me
1244 2247 1378 2287 multa
1400 2263 1495 2303 per-

64 2302 253 2351 turbant,
275 2311 337 2351 ut‚
359 2313 565 2356 quantum
589 2316 684 2342 mea
703 2301 806 2342 fides
840 2302 969 2343 studii
1002 2301 1108 2343 mihi
1138 2302 1288 2343 afferat
1309 2304 1362 2345 ad
1385 2305 1494 2345 salu-

65 2366 152 2399 tem
182 2358 295 2414 regis
329 2357 523 2400 Deiotari
558 2358 884 2410 defendendam,
916 2368 1083 2400 tantum
1115 2359 1330 2401 facultatis
1366 2363 1496 2404 timor

61 2415 272 2456 detrahat.
330 2415 523 2456 Primum
546 2417 644 2457 dico
669 2431 745 2472 pro
766 2417 909 2472 capite
928 2416 1196 2472 fortunisque
1214 2419 1351 2473 regis:
1376 2419 1494 2473 quod

61 2473 204 2529 ipsum
227 2473 306 2513 etsi
327 2487 412 2513 non
437 2474 631 2528 iniquum
653 2484 732 2524 est,
759 2473 827 2514 lin
853 2484 926 2514 tuo
949 2474 1162 2514 duntaxat
1183 2475 1397 2530 periculo:
1430 2486 1495 2516 ta-

60 2543 160 2570 men
197 2538 262 2570 est
294 2530 354 2570 ita
379 2529 647 2581 inusitatum,
677 2545 818 2586 regem
845 2531 999 2586 capitis
1033 2545 1151 2571 reum
1184 2546 1290 2582 esse,
1317 2541 1365 2572 ut
1391 2541 1492 2573 ante

59 2586 144 2628 hcc
175 2595 341 2641 tempus
375 2601 459 2628 non
492 2588 546 2628 sit
575 2588 785 2628 auditum.
848 2587 1016 2628 Deinde
1045 2602 1143 2628 eum
1177 2602 1338 2643 regem,
1361 2603 1526 2644 quem2

61 2657 211 2685 ornare
244 2652 371 2684 antea
404 2655 561 2685 cuncto
596 2659 695 2686 cum
731 2654 879 2685 senatu
921 2644 1124 2693 solebam,
1156 2659 1232 2700 pro
1272 2647 1490 2701 perpetuis

103 2790 116 2818 1
141 2789 176 2818 in
190 2793 244 2818 tuo
257 2789 351 2820 dum.
359 2789 520 2831 periculo]
539 2800 585 2822 sc.
597 2790 674 2830 quia
687 2791 812 2821 crimen
828 2790 977 2821 Deiotari
991 2791 1089 2831 Regis
1104 2790 1144 2823 ad
1160 2791 1298 2829 Caesaris·
1310 2791 1491 2835 periculum

56 2830 255 2870 pertinebat.
769 2860 774 2866 .

718 2880 746 2916 4
770 2886 795 2913 L
818 2881 844 2916 Ω.
