1785 3185
422 106 540 145 PRO
566 105 612 144 T.
639 105 833 144 ANNIO
859 104 1114 143 MILONE.
1387 105 1486 147 1173

57 208 234 251 tertium·
249 213 372 264 gesta
393 222 459 249 res
480 216 559 260 est,
580 223 709 263 quam
730 208 913 250 dixerat.
974 208 1087 249 Cum
1110 208 1179 249 ille
1206 208 1292 250 non'
1313 207 1487 250 dubita-

54 274 117 306 ret
138 265 317 320 aperire‚
338 264 487 320 6¹quid
511 267 737 320 cogitaret,
758 279 834 305 vos
865 265 1044 320 potestis
1065 264 1275 316 dubitare,
1298 266 1399 320 quid
1423 265 1485 306 fe-

53 321 185 367 cerit?
234 321 612 369 Quemadmodum
643 322 778 378 igitur
810 335 908 362 cum
936 321 1026 362 dies
1062 336 1146 361 non
1183 321 1361 364 fefellit?
1392 322 1482 364 dixi
1503 321 1568 374 17

54 378 252 433 equidem
276 378 419 421 modo.
481 378 720 421 Dictatoris
745 378 955 420 Lanuvini
984 387 1095 418 stata
1116 378 1325 418 sacrificia
1346 393 1484 430 nosse,
1498 393 1548 427 45

55 435 220 490 negotii
243 435 349 476 nihil
371 444 475 478 erat.
499 435 622 488 vidit,
644 449 816 478 necesse
837 449 927 476 esse
961 434 1135 485 Miloni,
1159 434 1372 490 proticisci
1407 435 1488 476 La-

55 492 234 534 nuvium
265 491 338 534 illo
360 494 471 550 ipso,
493 507 579 548 quo
602 492 821 550 profectus
850 500 929 543 est,
950 491 1035 533 die.
1069 492 1213 547 itaque
1243 492 1487 533 antevertit.

57 547 119 589 At
140 563 226 603 quo
247 549 345 593 die?
375 565 477 605 qun,
502 560 548 591 ut
568 559 668 591 ante
689 550 797 601 dixi,
817 549 1088 590 insanissima
1103 548 1256 590 concio
1278 548 1332 589 ab
1355 547 1490 604 ipsius

55 606 319 647 mercenario
349 608 524 648 tribuno
560 607 694 663 plebis
726 616 792 648 est
827 607 1067 648 concitata:
1100 620 1227 661 quem
1260 605 1374 645 diem
1406 604 1492 656 ille,

55 677 183 717 quam
206 664 476 716 concionem,
498 679 605 719 quos
627 664 849 715 clamores,
875 663 955 704 nisi
988 663 1040 704 ad
1062 663 1300 719 cogitatum
1325 661 1492 704 facinus

57 733 375 776 approperaret,
397 736 631 777 numquam
653 721 908 777 reliquisset.
955 719 1072 775 Ergo
1095 720 1154 761 illi
1177 734 1230 761 ne
1248 734 1376 760 causa
1396 720 1494 774 qui-

57 777 155 818 dem
178 777 357 830 itineris,
378 779 507 819 etiam
539 793 667 819 causa
690 778 918 820 manendi:
953 776 1113 818 Miloni
1147 777 1347 818 manendi
1377 776 1495 817 nulla

58 833 255 885 facultas,
288 835 473 877 exeundi
513 850 599 876 non
627 850 758 876 causa
795 835 948 885 solum,
986 834 1057 874 sed
1096 834 1226 875 etiam
1261 834 1492 875 necessitas

59 890 158 932 fuit.
218 892 364 938 Quid?
395 892 444 942 si,
466 902 515 932 ut
545 891 613 932 ille
649 892 790 943 scivit,
814 891 1028 932 Milonem
1050 891 1142 932 fore
1167 906 1218 932 eo
1240 891 1310 932 die
1340 891 1383 931 in
1408 891 1491 943 via,

59 947 121 990 sic
153 947 354 990 Clodium
387 948 499 990 Milo
531 963 585 990 ne
623 949 829 1005 suspicari
862 949 1035 1004 quidem
1073 949 1243 1004 potuit?
1297 948 1554 990 Primum46

60 1019 224 1059 quaero,
245 1006 318 1060 qui
348 1006 455 1047 scire
488 1008 707 1063 potuerit?
739 1006 854 1061 quod
876 1021 952 1047 vos
982 1006 1096 1046 idem
1129 1007 1172 1047 in
1197 1005 1352 1047 Clodio
1373 1021 1493 1061 quae-

59 1075 150 1102 rere
171 1076 259 1103 non
282 1063 475 1118 potestis,
501 1072 546 1104 ut
567 1065 683 1105 enim
703 1063 918 1104 neminem
940 1063 1085 1113 alium,
1108 1064 1188 1105 nisi
1210 1062 1261 1105 T.
1277 1062 1494 1114 Patinam‚

60 1118 440 1166 ikimiliarissimum
477 1134 613 1171 suum,
646 1131 852 1176 rogasset,
887 1121 993 1161 scire
1027 1121 1183 1175 potuit,
1215 1120 1286 1161 illo
1309 1120 1404 1176 ipso
1425 1120 1496 1160 die

63 1175 245 1226 Lanuvii
287 1192 313 1217 a
346 1178 556 1219 dictatore
599 1178 768 1219 Milone
799 1178 923 1234 prodi
957 1178 1176 1218 flaminem
1212 1192 1384 1219 necesse
1415 1186 1495 1218 est.

64 1233 137 1273 sed
159 1242 279 1274 erant
302 1234 502 1290 permulti
523 1235 609 1286 alii,
631 1249 686 1276 ex
708 1234 864 1290 quibus
890 1235 932 1276 id
956 1234 1156 1275 facillime
1188 1235 1295 1276 scire
1326 1244 1539 1290 possetzb.

63 1304 211 1335 omnes
234 1292 395 1332 scilicet
424 1292 649 1333 Lanuvini.
710 1291 823 1333 Milo
845 1292 898 1333 de
920 1291 1064 1333 Clodii
1084 1292 1223 1333 reditu
1247 1293 1359 1333 unde
1379 1307 1499 1348 quae-

66 1347 194 1393 sivit?
230 1349 448 1403 quaesierit
484 1363 596 1390 sune.
631 1349 789 1402 videte,
823 1349 927 1405 quid
960 1349 1084 1390 vobis
1122 1349 1291 1405 largiar.
1331 1363 1500 1390 servum

66 1404 212 1454 etiam,
243 1415 291 1445 ut
319 1405 484 1457 Arrius,
518 1421 636 1447 meus
669 1407 847 1456 amicus,
878 1406 1005 1457 dixit,
1035 1407 1288 1462 corruperit.
1350 1406 1503 1462 Legite

68 1461 317 1504 testimonia
346 1463 520 1504 testium
555 1472 806 1504 vestrorum.
844 1463 958 1504 dixit
990 1463 1041 1504 C.
1075 1463 1310 1514 Cassinius‚
1340 1478 1504 1519 cogno-

70 1527 217 1559 mento
241 1519 381 1571 Scola,
403 1520 740 1572 62111teramnas‚
762 1521 1132 1573 familiarissimus,
1151 1530 1193 1561 et
1225 1521 1335 1561 idem
1360 1535 1504 1562 comes

71 1574 123 1617 P.
156 1575 323 1618 Clodii:
361 1576 484 1631 cujus
515 1578 610 1632 jam
653 1578 816 1634 pridem
860 1579 1107 1619 testimonio
1146 1578 1324 1619 Clodius
1356 1578 1506 1618 eadem

70 1632 177 1672 hora
206 1632 466 1675 Interamnae
500 1635 652 1686 fuerat,
674 1644 717 1675 et
749 1635 919 1686 Romae,
953 1635 1002 1676 P.
1027 1635 1229 1676 Clodium
1258 1635 1329 1676 illo
1360 1636 1430 1676 die
1461 1635 1506 1675 in

69 1688 240 1730 Albano
282 1705 523 1732 mansurum
563 1692 717 1734 fuisse:
750 1693 821 1733 sed
860 1693 1003 1733 subito
1039 1693 1078 1733 ei
1117 1707 1207 1733 esse
1245 1693 1507 1742 nuntiatum,

72 1746 234 1801 Cyrum
257 1749 540 1789 architectum
564 1763 655 1790 esse
678 1760 919 1791 mortuum:
952 1750 1098 1805 itaque
1122 1749 1304 1791 Romam
1331 1758 1508 1805 repente

71 1805 345 1846 constituisse
368 1806 597 1861 proficisci.
619 1806 734 1848 dixit
762 1806 846 1848 hoc
877 1821 1021 1848 comes
1058 1807 1161 1848 item
1197 1807 1248 1848 P.
1272 1807 1430 1858 Clodii,
1454 1805 1507 1847 C.

75 1860 270 1902 Clodius.
330 1862 498 1912 Videte,
523 1864 709 1918 judices,
732 1875 904 1918 quantae
937 1879 1002 1905 res
1035 1864 1101 1905 his
1135 1864 1390 1905 testimoniis
1422 1858 1590 1907 sint18

75 1917 303 1960 confectae.
335 1920 520 1975 primum
542 1929 657 1961 certe
687 1921 941 1962 63liberatur
973 1921 1101 1971 Milo,
1134 1935 1220 1962 non
1254 1936 1305 1962 eo
1327 1920 1507 1962 consilio
1521 1931 1572 1970 47

75 1974 294 2030 profectus
317 1989 422 2027 esse,
446 1987 489 2017 ut
523 1978 794 2018 insidiaretur
824 1979 867 2018 in
890 1979 961 2019 via
983 1978 1160 2020 Clodio:
1192 1979 1232 2009 ⁶4
1246 1978 1406 2034 quippe
1436 1978 1512 2033 qui

78 2032 115 2072 ei
141 2033 293 2073 obvius
316 2032 484 2074 futurus
508 2035 684 2075 omnino
707 2050 790 2075 nou
815 2043 919 2076 erat.
942 2036 1095 2076 deinde
1113 2039 1217 2088 (non
1238 2036 1352 2077 enim
1374 2035 1515 2087 video,

78 2103 171 2131 cur?
194 2104 280 2130 non
320 2104 459 2131 meum
493 2105 663 2146 quoque
704 2106 830 2147 agam
864 2094 1122 2147 negotium)
1161 2093 1294 2144 scitis,
1327 2093 1515 2148 judices,

80 2145 226 2197 fuisse,
260 2147 333 2202 qui
373 2147 414 2187 in
454 2148 533 2188 liac
570 2148 797 2203 rogatione
834 2150 1051 2190 suadenda
1086 2149 1291 2202 dicerent,
1333 2149 1515 2191 Milonis

80 2217 209 2249 manu
241 2204 403 2244 caedem
434 2219 525 2245 esse
555 2204 731 2256 factam,
762 2205 943 2246 consilio
978 2220 1079 2247 vero
1108 2207 1284 2262 majoris
1319 2207 1517 2263 alicujus.

82 2259 295 2302 Videlicet
327 2276 393 2301 me
423 2262 632 2302 latronem
670 2276 720 2303 ac
759 2262 959 2304 sicarium
997 2262 1208 2318 65abjecti
1240 2264 1435 2305 homines
1474 2274 1519 2306 et

125 2384 160 2415 61
186 2385 266 2425 quid
278 2386 451 2426 cogitaret]
476 2386 564 2417 Male
587 2386 736 2416 Graevius
759 2397 777 2417 e
819 2386 882 2418 bri.
927 2387 987 2418 Ed.
1011 2388 1108 2419 Rom.
1131 2389 1186 2420 lib.
1201 2388 1252 2420 M.
1275 2393 1313 2419 ut
1335 2398 1369 2418 eo
1390 2390 1521 2420 consilio

84 2427 146 2458 Ms.
184 2428 252 2457 Erf.
284 2429 448 2466 cogitarit.
493 2431 577 2460 Cum
611 2429 778 2468 aperiebat
815 2428 984 2470 profectus
1004 2435 1093 2461 esset.
1137 2431 1191 2462 W.
1211 2433 1300 2462 1480.
1317 2432 1374 2461 διο.
1398 2432 1452 2461 lib.
1467 2432 1518 2462 M.

86 2469 220 2501 Clodius
233 2470 404 2500 consilium
428 2471 467 2501 de
490 2471 616 2501 Milone
630 2471 778 2502 occiden-
821 2481 885 2501 non
899 2482 933 2502 eo
947 2474 1075 2502 consilio
1086 2474 1270 2514 prefectum
1283 2483 1358 2504 esse.
1396 2472 1520 2513 Vulga-

87 2512 141 2549 do,
167 2511 273 2542 adhuc
296 2513 472 2552 cogitabat.
515 2513 642 2543 Vitium
668 2518 779 2544 ortum

87 2558 139 2584 est
165 2563 184 2583 a
209 2554 354 2590 librario,
381 2556 435 2594 qui
461 2556 616 2593 cogitarit
641 2555 780 2593 putabat

89 2595 308 2631 scribendum,
323 2597 400 2635 quia
412 2602 484 2637 post
497 2596 683 2636 estfecerit.

132 2638 173 2668 62
197 2637 420 2677 Interamnam]
449 2640 502 2670 Sic
525 2644 613 2669 recte
634 2639 782 2669 Graevius

90 2689 149 2719 pro
165 2679 365 2711 Interamnia·
378 2680 479 2712 edidit
491 2691 528 2712 ex
546 2681 698 2711 Asconio.
725 2681 782 2712 Al-

92 2721 212 2751 ludunt
228 2721 307 2751 Mss.
322 2723 376 2760 qui
389 2722 512 2753 habent
528 2723 752 2754 Inceramnus.

137 2763 178 2793 63
206 2763 365 2793 liberatur
390 2764 486 2802 Milo,
516 2766 786 2806 non-—prqfhctus

96 2814 160 2835 esse
171 2803 247 2843 δια]
265 2805 346 2844 Quae
354 2806 461 2838 forma
472 2806 612 2849 dicendi,
627 2807 788 2838 liberatur

95 2856 159 2878 non
165 2845 332 2888 prefectus
345 2858 409 2880 esse
419 2849 435 2879 .?
457 2849 598 2882 Variam.
619 2853 730 2882 autem
747 2849 787 2880 li-

822 2517 895 2544 tum
911 2520 961 2545 est
976 2515 1016 2545 ab
1030 2515 1126 2546 Aldo.

865 2557 907 2586 64
933 2557 1048 2597 quippe
1069 2559 1124 2597 qui
1149 2557 1178 2587 εἰ
1204 2556 1279 2596 &c.]
1312 2556 1365 2586 Sic
1393 2557 1518 2595 primus

822 2597 999 2629 Victorius.
1012 2598 1084 2629 edd.
1107 2599 1229 2639 priores
1249 2606 1381 2628 omnes:
1405 2599 1521 2637 quippe

824 2640 864 2677 si,
880 2641 966 2679 quod
980 2642 1127 2671 restituit
1141 2641 1300 2670 Graevius,
1331 2638 1394 2669 Sed
1409 2642 1444 2669 in
1459 2641 1521 2671 hac

825 2681 967 2712 lectione
991 2684 1108 2723 quippe
1130 2681 1289 2712 redundat
1314 2685 1347 2711 et
1373 2681 1521 2713 alienum

826 2729 893 2754 est:
917 2725 953 2755 in
979 2725 1096 2761 altera,
1118 2724 1320 2759 Victoriana,
1345 2723 1447 2753 etiarn
1473 2733 1523 2754 re-

829 2765 967 2803 dundat,
981 2766 1037 2797 sed
1058 2771 1171 2796 tamen
1186 2767 1239 2795 'sic
1260 2765 1373 2796 Latini
1397 2764 1524 2797 addunt

829 2807 865 2838 in
879 2809 1008 2838 ratione
1025 2807 1198 2838 reddenda.

872 2850 913 2882 65
927 2849 993 2891 abj.
1007 2851 1149 2881 homines
1162 2853 1195 2881 et
1202 2848 1255 2891 μ]
1275 2848 1315 2880 ln
1327 2848 1377 2882 ed.
1390 2849 1523 2882 Gruteri
