1785 3185
504 99 851 137 PHILIPPICA
894 100 1138 140 QUINTA.
1314 145 1320 153 ,
1434 105 1530 141 1331

106 210 211 247 erat.
230 217 329 245 cum
359 211 501 245 autem
525 202 651 243 semel
685 201 874 264 gladium
899 201 1053 242 scelere
1075 203 1312 256 imbuisset,
1330 204 1445 246 nulla
1467 220 1531 247 res

102 261 143 303 ei
166 261 294 302 finem
317 260 524 310 caedendi,
547 259 628 299 nisi
645 258 899 313 defatigatio
923 270 965 300 et
987 260 1175 310 satietas,
1193 261 1417 303 attulisset.
1442 272 1530 304 ete-

102 318 190 359 nim
215 318 358 358 aderat
383 317 429 357 L.
454 317 595 366 frater,
619 315 829 371 gladiator
850 314 938 355 Asi
930 315 1082 366 ιῑὶ6ιι5,
1105 317 1177 370 qui
1201 314 1401 360 mirmillo
1425 318 1530 375 My-

100 374 198 416 lasis
221 374 509 430 depugnarat:
543 372 793 428 sanguinem
817 381 1008 413 nostrum
1032 372 1218 423 sitiebat,
1247 388 1368 415 suum
1392 376 1434 416 in
1457 376 1529 417 illa

100 431 356 488 gladiatoria
379 445 523 486 pugna
545 430 724 471 multum
749 428 1008 485 profuderat.
1036 428 1106 470 hic
1131 430 1332 486 pecunias
1362 442 1527 474 nostras

102 489 368 530 aestimabmt
403 488 688 543 possessiones
711 496 799 527 not·
801 487 889 527 ibat
910 495 952 527 et
966 487 1147 528 urbanas
1160 496 1203 528 et
1223 488 1426 529 rusticas:
1447 488 1528 530 hu-

94 544 167 600 Jus
191 545 442 586 mendicitas
466 544 669 585 aviditate
690 544 937 598 conjuncta,
960 544 1003 585 in
1038 543 1229 585 fortunas
1260 554 1426 585 nostras
1447 545 1526 586 im-

101 601 314 644 minebat:
347 602 566 643 dividebat
598 615 737 657 agros,
769 601 926 664 quibus
958 610 1000 641 et
1027 616 1134 656 quos
1162 600 1353 643 volebat:
1385 601 1524 643 nullus

97 658 239 700 aditus
262 668 351 700 crat
371 659 552 715 privato,
574 658 689 699 nulla
710 658 924 712 aequitatis
946 658 1204 713 deprecatio.
1227 667 1394 699 tantum
1408 660 1566 714 quis-b,

99 730 183 771 que
216 717 402 758 habebat
441 730 667 772 possessor,
700 724 908 770 quantum
940 715 1166 770 reliquerat
1197 715 1358 756 divisor
1383 715 1522 757 Anto-

100 773 211 814 nius.
274 774 383 820 Quae
417 786 690 828 quamquam,
713 772 747 812 si
781 771 893 827 leges
917 772 1054 812 irritas
1087 773 1288 823 feceritis,
1321 782 1413 815 rata
1432 787 1580 821 essem

98 843 185 870 non
208 840 409 886 possunt.
443 839 584 871 tamen
606 806 846 884 separaturi-²
857 843 931 870 suo
954 830 1126 870 nomine
1143 829 1331 871 notanda
1343 844 1521 882 censeo;

89 885 475 942 judicandumque,
499 885 634 927 nullos
656 886 935 942 septemviros
959 885 1113 928 fuisse:
1142 887 1250 928 nihil
1271 886 1437 943 placere
1456 902 1522 929 ra-

102 952 192 985 tum
215 959 318 995 esse,
340 944 452 999 quod
476 944 558 984 ab
549 944 599 984 ris
617 954 763 986 actum
786 943 1013 984 dicer-‚etur

158 1000 225 1042 M.
258 1016 355 1042 v·eio
392 1000 632 1042 Antonium
661 1000 756 1055 quis
788 1011 866 1051 est,
884 1000 957 1056 qui
995 1001 1131 1042 civem
1166 1000 1302 1057 possit
1323 1000 1566 1056 judicaress

95 1059 402 1114 potiuS,qua1n
423 1059 701 1099 taeterrimum
722 1067 766 1098 et
787 1057 1125 1099 crudelissimum
1149 1058 1330 1109 hostem,
1346 1059 1420 1114 qui
1442 1073 1519 1124 pro

95 1115 190 1156 aede
212 1114 402 1156 Castoris
425 1116 588 1167 sedens,
610 1115 808 1156 audiente
829 1114 989 1171 populo
1010 1115 1224 1180 Romano,
1245 1116 1418 1167 dixerit,
1437 1117 1519 1157 nisi
1566 1138 1569 1140 >

97 1172 322 1223 victorem,
352 1173 564 1214 victurum
608 1172 850 1214 neminem?
891 1186 994 1212 num
1032 1173 1206 1229 putatis,
1241 1183 1381 1228 patres
1416 1188 1520 1214 con-

96 1229 260 1285 scripti,
281 1205 443 1271 dixisse
464 1245 562 1271 eum
584 1230 807 1280 minacius,
830 1244 958 1284 quam
981 1228 1194 1271 facturum
1217 1230 1369 1270 tuisse?
1402 1230 1520 1276 Quid

95 1287 212 1337 vero,
235 1287 382 1342 quod
373 1302 414 1328 in
437 1288 646 1329 concione
668 1287 808 1329 dicere
831 1302 956 1328 ausus
977 1296 1056 1337 est,
1077 1301 1247 1338 se,cum
1266 1287 1520 1342 magistratu

94 1344 268 1395 abisset,
298 1345 401 1385 5Oad
432 1344 579 1385 urbem
618 1343 808 1385 futurum
846 1359 944 1385 eum
976 1345 1193 1386 exercitu?
1229 1345 1520 1397 introiturum,

94 1402 448 1457 quotiescumque
469 1401 619 1444 vellet?
651 1402 753 1456 quid
787 1411 877 1442 erat
897 1401 1026 1451 aliud,
1056 1401 1136 1442 nisi
1159 1401 1410 1443 denuntiare
1442 1417 1520 1458 po-

95 1457 198 1513 pulo
230 1458 428 1499 Romano
461 1459 737 1501 serxitutem?
770 1459 898 1505 Quod
936 1468 1077 1500 autern
1106 1458 1198 1514 ejus
1224 1460 1304 1499 iter
1336 1458 1580 1507 Brundi-22

95 1515 233 1558 sium>
264 1531 359 1571 quae
384 1516 629 1557 festinatio?
661 1531 756 1571 quae
787 1531 898 1580 spes,
920 1516 1001 1556 nisi
1035 1525 1081 1556 ut
1113 1517 1167 1558 ad
1202 1516 1365 1567 urbem,
1389 1516 1485 1557 vel
1476 1531 1520 1557 m

96 1573 244 1613 urbem
265 1573 422 1629 potius,
445 1575 679 1614 exercituin
709 1575 945 1614 maximum
965 1573 1221 1615 adduceret?
1261 1573 1349 1620 Qui
1378 1582 1522 1615 autem

93 1628 274 1671 dilectus
309 1631 637 1672 centurionum?
688 1645 784 1685 quae
822 1629 1045 1672 effrenatio
1078 1631 1327 1686 impotentis
1365 1631 1521 1673 animi?

98 1685 209 1727 Cum
233 1687 326 1741 ejus
350 1688 568 1743 promissis
591 1688 780 1743 legiones
816 1687 1062 1728 fortissimas
1096 1688 1411 1738 reclamassent,
1445 1688 1523 1728 do-

92 1757 211 1784 mum
233 1745 284 1785 ad
309 1759 352 1785 se
379 1745 666 1799 venirejussit
689 1745 974 1795 centuriones,
1000 1759 1106 1800 quos
1131 1746 1238 1786 bene
1261 1745 1313 1785 de
1335 1744 1523 1801 republi-

93 1815 145 1841 ca
174 1802 330 1843 sentire
360 1811 647 1858 cognoverzat
681 1817 838 1857 eosque
868 1813 966 1843 ante
997 1802 1125 1857 pedes
1148 1817 1260 1853 suos,
1290 1802 1522 1857 uxorisque

94 1872 197 1908 suae,
228 1873 355 1913 quam
388 1874 529 1900 secum
555 1859 695 1915 oravis
719 1859 951 1915 ἰιῐιρ6ιηειῑοι
977 1860 1029 1900 ad
1061 1860 1298 1901 exercitum
1323 1859 1521 1910 duxerat,

83 1914 277 1970 jugulari
300 1915 462 1972 co'etrit.
524 1892 624 1963 Qouo
647 1917 792 1957 animo
822 1916 936 1957 hunc
966 1916 1157 1957 futurum
1183 1916 1314 1957 fuisse
1337 1916 1520 1960 censetis

92 1971 137 2012 in
167 1987 259 2022 nos,
284 1988 389 2028 quos
384 1950 580 2024 Ozoderu,
611 1984 710 2014 cum
742 1974 784 2014 in
817 1988 903 2024 eos,
935 1989 1043 2037 quos
1074 1989 1308 2037 numquam
1340 1973 1520 2023 vider,at

91 2037 176 2070 tam
198 2030 379 2071 crudelis
401 2029 577 2072 fuisset?
610 2043 652 2071 et
673 2045 800 2086 quam
826 2031 997 2072 avidum
1030 2045 1073 2071 ln
1105 2045 1298 2087 pecuniis
1330 2030 1519 2094 locuple-

90 2094 198 2136 tum,
219 2087 292 2141 qui
315 2102 550 2143 pauperum
583 2102 834 2144 sanguinem
865 2088 1164 2152 concupisset?
1195 2101 1378 2143 quorum
1403 2102 1519 2144 ipso-

88 2157 185 2184 rum
208 2144 334 2195 bona,
355 2153 686 2200 quantacunque
708 2153 842 2194 erant,
865 2146 1007 2185 statim
1038 2145 1270 2186 comitibus
1292 2159 1377 2185 Slus
1399 2159 1519 2185 com-

89 2201 401 2256 potoribusque
422 2202 661 2258 descripsit..
692 2201 836 2257 Atque
859 2202 926 2242 ille
943 2202 1086 2243 fmens
1109 2201 1421 2265 5linfestajnam
1443 2216 1578 2257 ρει-23

88 2257 184 2298 triae
207 2259 332 2314 signa
354 2258 584 2300 Brundisio
607 2259 841 2300 inf·:e1ebat
865 2274 963 2300 cum
980 2259 1126 2300 Caesar
1147 2259 1351 2300 deorum
1343 2273 1518 2299 immor-

89 2291 272 2356 taliumo
284 2315 510 2368 beneficio,
539 2316 674 2357 divini
708 2316 855 2367 animi,
885 2315 1064 2372 ingenii,
1098 2316 1266 2357 consilii
1299 2315 1518 2372 magnitu-

89 2371 204 2423 dine,
226 2386 485 2427 quamquam
511 2388 587 2414 sua
609 2383 777 2429 sponte,
807 2373 1052 2428 eximiaque
1076 2373 1247 2424 virtute,
1270 2382 1412 2414 tamen
1442 2387 1561 2429 ap-p
1582 2383 1650 2415 199.

89 2429 345 2485 probatione
366 2431 550 2472 auctorit
554 2430 636 2471 atis
658 2445 779 2481 meae,
810 2431 999 2471 colonias
1032 2431 1163 2487 patris
1190 2430 1321 2472 adiit:
1354 2431 1547 2471 vetera·a
1553 2442 1562 2450 ·

89 2499 169 2527 nos
191 2486 346 2529 milites
369 2488 652 2529 convocavit:
685 2489 832 2544 paucis
855 2488 1006 2529 diebus
1026 2488 1261 2529 exercitum
1284 2486 1415 2529 fecit:
1454 2487 1518 2526 in-

89 2543 246 2584 citatos
269 2543 444 2586 latronis
467 2545 652 2600 impetus
683 2545 929 2587 1··eta1davit.
991 2544 1149 2586 Postea
1169 2559 1284 2596 vero,
1315 2558 1441 2599 quam
1462 2543 1520 2584 16-

130 2681 171 2710 50
191 2679 238 2709 ad
259 2679 372 2709 urbem
381 2678 562 2718 futurum]
589 2678 782 2718 Elegantius
813 2677 965 2718 ferebat]
997 2678 1200 2719 Ambiguum
1230 2682 1279 2708 est
1307 2676 1380 2707 hoc.
1424 2675 1522 2708 Forte

87 2720 190 2752 etiam
205 2721 267 2752 hoc
282 2721 359 2752 Vat.
382 2721 420 2752 L.
439 2731 536 2760 quam
551 2721 722 2761 vulgatum
740 2721 785 2750 ad
827 2721 956 2760 scripsit
972 2721 1086 2752 Cicero
1101 2731 1123 2751 a
1138 2720 1331 2755 Brundisio,
1355 2722 1392 2749 ut
1405 2727 1521 2759 supra:

86 2767 328 2800 u.v‹mturum‚
352 2773 418 2794 non
434 2762 532 2793 modo
547 2773 671 2793 serum.
707 2763 783 2793 Jam
827 2763 1052 2803 absorpsitque
1068 2762 1209 2794 ultima
1203 2772 1236 2793 in
1251 2762 1301 2800 sig
1303 2771 1347 2791 na
1370 2761 1523 2802 praeposi

88 2805 178 2836 enim
199 2805 327 2836 aderat:
355 2805 568 2846 placebatque
583 2811 616 2836 et
631 2805 784 2835 Gmtero.
828 2805 969 2836 tionem.

119 2848 157 2878 51
174 2847 420 2890 iqfestajamp.
433 2848 530 2887 signa
543 2847 723 2879 Brundisio
738 2848 788 2876 ἰη-

746 2894 875 2930 434
