1769 3174
552 130 670 173 PRO
696 129 783 170 CN.
812 126 1083 177 PLANcm,
1448 130 1527 174 957

23 277 27 285 ,
87 231 260 290 judices
298 235 459 278 idcirco
490 235 632 277 minus
664 249 761 276 mea
793 248 922 276 causa
955 232 1159 283 facturos,
1188 232 1304 287 quod
1335 247 1403 275 me
1433 248 1523 276 esse
1537 240 1566 270 P·
1581 228 1663 263 276,

34 315 47 342 ρ
92 301 263 347 gratum
281 293 516 334 crimineris
537 295 550 334 ?
580 306 648 343 an,
671 306 769 333 cum
792 290 975 348 populus
996 289 1218 330 Romanus
1241 289 1311 330 illo
1334 301 1523 332 senatus·
1535 283 1566 303 ³⁶

86 350 301 400 consulto,
323 350 438 405 quod
471 350 514 391 in
539 358 818 390 monumento
851 347 985 389 Marii
1019 346 1181 388 factum
1211 356 1289 396 est,
1311 362 1396 401 quo
1429 363 1527 389 mea

45 420 47 422 ·
84 405 202 446 »salus
234 407 434 448 omnibus
471 415 536 448 est
568 406 770 462 gentibus
805 403 1120 453 commendata,
1143 402 1216 443 uni
1240 402 1322 444 Cn.
1349 404 1525 449 Plancio

89 463 249 518 gratias
270 464 421 519 egerit,
442 467 571 516 (uuus
603 463 719 504 enim
742 461 824 503 fuit
845 465 883 496 57
897 462 950 503 de
980 460 1304 516 magistratibus
1327 460 1525 502 defensor

89 517 238 561 salutis
260 534 382 572 meae,
404 521 474 562 cui
497 531 667 561 senatus
690 534 767 576 pro
788 533 857 560 me
879 521 918 550 58
934 518 1092 575 gratias
1115 517 1301 573 agendas
1322 518 1525 573 putavit,)

13 579 30 613 4ξ
88 574 126 615 ei
151 590 234 632 ego
255 592 280 618 a
299 591 367 618 me
390 577 654 618 referendam
677 576 860 633 gratiam
883 590 969 616 non
992 577 1169 631 putem?
1200 577 1240 609 59
1255 573 1405 629 Atqui,
1429 573 1524 616 haec

90 646 190 674 cum
207 633 338 686 vides,
351 649 438 689 quo
450 648 519 675 me
533 635 705 675 tandem
718 634 862 674 animo
878 632 920 673 in
936 643 977 674 te
997 642 1121 688 putas
1135 645 1240 681 esse,
1258 631 1524 682 Laterensis?

85 688 220 731 ullum
239 705 330 732 esse
349 701 516 732 tantum
539 691 790 747 periculum,
813 699 980 731 tantum
1008 689 1214 739 laborem,
1241 699 1401 730 tantam
1421 704 1526 730 con-2,

2 774 8 779 ·
83 747 475 804 tentionem,quam
499 762 581 804 ego
603 763 690 789 non
710 747 838 790 modo
855 761 932 803 pro
949 746 1083 787 salute
1100 754 1187 797 tua,
1209 747 1282 788 sed
1301 747 1429 788 etiam
1447 763 1523 803 pro

0 793 26 844 f
84 803 297 859 dignitate
317 805 594 861 defugerem?
611 806 712 852 Quo
733 805 905 860 quidem
920 804 1050 845 etiam
1073 804 1210 860 magis
1233 819 1341 856 sum,
1357 820 1441 847 non
1458 807 1523 847 di-

2 857 14 867 ’
74 875 179 902 -cam
201 862 341 913 miser,
358 866 478 916 (nam
497 862 580 904 hoc
592 863 766 918 quidem
783 861 986 903 abhorret
1007 876 1032 902 a
1048 861 1206 902 virtute
1224 863 1435 914 verbum,)
1450 864 1522 904 sed

0 905 39 1112 ἒ
71 926 196 961 ¹certe
205 920 442 961 exercitus:
465 933 549 960 non
561 920 663 975 quia
679 919 822 960 multis
836 919 987 970 debeo,
1002 918 1114 973 (leve
1127 918 1241 959 enim
1254 934 1376 971 onus,
1394 922 1524 963 beneq

0 597 12 646 1-
5 562 21 574 ι,

39 988 41 990 ’
82 973 168 1016 ficii
180 976 352 1031 gratia‚)
366 977 436 1018 sed
448 977 549 1032 quia
562 991 676 1033 saepe
694 976 927 1027 concurrit,
943 985 1117 1032 propter
1129 975 1368 1031 aliquorum
1383 978 1435 1019 de
1453 993 1523 1019 me

35 1043 37 1045 ’
77 1033 326 1074 meritorum
346 1033 457 1075 inter
470 1034 584 1090 ipsos
604 1034 919 1083 contentiones,
934 1043 981 1074 ut
995 1034 1146 1076 eodem
1163 1043 1356 1090 tempore
1372 1036 1413 1077 in
1429 1052 1521 1079 om-

26 1131 33 1139 >⁴
17 1066 34 1108 ''⁴'.

80 1100 153 1130 nes
172 1104 380 1131 verearne
393 1095 467 1132 vix
487 1091 647 1147 possim
663 1100 810 1147 gratus
826 1091 974 1132 videri.
1006 1091 1088 1133 Sed
1103 1107 1184 1148 ego
1194 1093 1278 1134 hoc
1293 1095 1396 1134 meis
1411 1109 1516 1150 pon·
1531 1092 1581 1130 79

0 1113 34 1213 ξς
68 1146 251 1188 -deribus
265 1148 637 1199 examinabo‚non
655 1148 791 1189 solum
805 1148 908 1204 quid
925 1148 1080 1203 cuique
1093 1149 1287 1202 debeam,
1302 1151 1517 1194 sedetiam

0 1188 37 1251 {1¹3
79 1204 182 1260 quid
203 1204 412 1260 cujusque
444 1206 626 1257 intersit,
647 1215 691 1246 et
711 1205 815 1261 quid
845 1222 869 1246 a
899 1220 965 1246 me
986 1206 1196 1262 cujusque
1218 1218 1388 1263 tempus
1417 1225 1516 1265 pos-

20 1257 41 1314 1‘,
72 1271 162 1302 cat.
220 1261 380 1318 Agitur
416 1263 606 1303 studium
638 1272 774 1314 tuum,
805 1263 866 1304 vel
898 1264 1044 1314 etiam,
1067 1264 1100 1304 si
1135 1264 1212 1315 vis,
1233 1260 1599 1319 existimatio,33

8 1319 43 1361 ‚‘·
73 1317 183 1369 laus,
206 1319 413 1361 aedilitas:
445 1329 491 1360 at
525 1319 607 1360 Cn.
633 1320 796 1361 Plancii
831 1319 956 1371 salus,
980 1320 1131 1376 patria,
1163 1321 1363 1364 fortunae.
1424 1323 1517 1364 Sal-

3 1325 45 1441 Ξὲ.
77 1388 181 1416 vum
204 1384 250 1417 tu
273 1390 341 1417 me
359 1391 451 1418 esse
472 1377 657 1432 cupisti:
688 1377 761 1418 hic
783 1377 888 1418 fecit
903 1378 1050 1428 etiam,
1073 1387 1120 1418 ut
1142 1392 1233 1420 esse
1254 1394 1438 1435 possem.
1453 1382 1519 1422 di-

5 1439 55 1505 δ’
77 1433 237 1474 stineor
255 1442 395 1474 tamen
414 1442 456 1475 et
473 1433 822 1484 divellordolore,
844 1443 888 1475 et
906 1435 945 1475 in
970 1449 1099 1475 causa
1119 1435 1277 1491 dispari
1291 1436 1453 1478 offendi
1476 1449 1518 1480 te

75 1503 105 1530 a
123 1503 206 1542 me,
227 1490 376 1532 doleo:
409 1491 498 1541 sed,
519 1491 685 1532 medius
715 1491 858 1542 fidius,
879 1491 1016 1532 multo
1039 1492 1167 1533 citius
1190 1494 1230 1523 60
1243 1508 1381 1535 meam
1406 1495 1516 1536 salu-

52 1582 54 1587 ,
78 1548 163 1588 te'm
187 1561 263 1603 pro
293 1556 335 1589 te
365 1547 579 1603 abjecero,
611 1563 739 1603 quam
775 1547 860 1589 Cn.
893 1548 1059 1589 Plancii
1093 1548 1273 1592 salutem
1297 1552 1512 1594 tradidero

8 1614 15 1625 ·’
54 1604 343 1660 μεοηῑ6ηῖίοηί
368 1613 469 1646 tuae.
530 1604 718 1656 Etenim,
734 1605 919 1660 judiceS,
937 1621 1035 1646 cum
1054 1606 1255 1648 omnibus
1280 1609 1510 1650 virtutibus
1524 1617 1575 1651 80

42 1671 52 1687 ”
75 1674 143 1702 me
177 1661 380 1703 affectum
412 1676 504 1703 esse
540 1663 728 1718 cupiam,
768 1672 909 1704 tamen
944 1662 1050 1703 nihil
1083 1673 1161 1714 est,
1199 1665 1313 1719 quod
1349 1666 1514 1718 malim,-

43 1714 45 1718 ’
73 1731 202 1774 quam
225 1733 293 1759 me
314 1728 358 1760 et
377 1730 547 1776 gratum
571 1734 677 1772 esse,
692 1729 736 1760 et
758 1719 906 1760 videri.
969 1719 1081 1761 Haec
1097 1730 1162 1761 est
1183 1722 1297 1762 enim
1322 1738 1406 1764 una
1428 1725 1513 1765 vir-

0 1772 6 1787 ³
67 1780 142 1832 ‘Qus
161 1790 249 1817 non
272 1775 409 1818 solum
441 1777 646 1829 maxima,
673 1776 748 1818 sed
767 1777 898 1817 etiam
929 1789 1065 1818 mater
1089 1778 1294 1820 virtutum
1318 1782 1512 1822 omnium

8 1837 31 1851 “’
69 1831 345 1888 teliquarum.
407 1834 526 1881 Quid
560 1843 624 1875 est
663 1834 814 1890 pietaS,
847 1835 929 1875 nisi
972 1834 1168 1876 voluntas
1201 1846 1324 1892 grata
1359 1838 1403 1878 in
1436 1853 1511 1894 pa-

9 1882 39 1933 ⁰‚
72 1894 238 1933 rentes?
268 1891 462 1946 quisunt
502 1892 604 1932 boni
631 1891 761 1942 cives,
797 1891 870 1947 qui
902 1891 1016 1942 belli,
1039 1892 1113 1947 qui
1135 1893 1253 1934 domi
1287 1895 1339 1935 de
1372 1896 1554 1950 pau-iah,-

52 1943 183 1988 „bene
203 1957 427 2000 merentes,
450 1948 531 1989 nisi
565 1948 638 2004 qui
661 1949 811 2005 patriae
846 1948 1057 1990 beneficia
1089 1951 1405 1994 meminerunt?
1435 1953 1508 2008 qui

35 2036 39 2040 Α
73 2004 224 2055 sancti,
254 2005 328 2059 qui
361 2005 616 2061 religionum
653 2006 856 2057 colentes,
882 2006 961 2047 nisi
995 2006 1068 2061 qui
1104 2007 1301 2049 meritam
1325 2009 1407 2050 diis
1430 2010 1510 2050 im-

0 2083 1 2087 =
32 2061 323 2114 „mortalibus
346 2063 675 2119 gratiamjustis
704 2062 955 2114 honoribus,
977 2074 1020 2104 et
1042 2065 1221 2105 memori
1250 2076 1394 2107 mente
1415 2082 1510 2123 per-

18 2166 24 2170 .
70 2116 272 2163 solvunt?
304 2118 416 2165 Quae
448 2130 590 2176 potest
612 2134 702 2161 esse
725 2120 979 2175 jucunditas
1011 2121 1127 2172 vitae,
1150 2121 1328 2163 sublatis
1359 2125 1508 2165 amici-

6 2162 164 2230 }ffiis?
181 2189 277 2230 quae
301 2190 427 2231 porro
449 2178 641 2219 amicitia
661 2186 804 2233 potest
826 2191 918 2218 esse
937 2178 1047 2218 inter
1065 2178 1282 2234 ingratos?
1314 2181 1423 2227 Quis
1443 2192 1508 2223 est
1520 2185 1566 2219 Sl

8 2231 10 2236 ’
48 2229 264 2273 ΞΕΙιοεῑτιῖῑῐι
295 2233 526 2274 liberaliter
551 2235 772 2285 educatus,
803 2234 872 2275 cui
907 2249 995 2275 non
1031 2235 1296 2288 educatores,
1318 2239 1387 2279 cui
1419 2254 1510 2280 non

38 2302 49 2313 “
67 2288 265 2345 magistri
287 2290 367 2342 sui,
389 2300 518 2347 atque
534 2292 747 2343 doctores,
764 2292 834 2332 cui
852 2306 940 2333 non
957 2293 993 2323 61
1009 2292 1128 2334 locus
1151 2293 1220 2334 ille
1242 2303 1385 2337 mutus
1403 2296 1508 2352 ipsc,

110 2402 149 2434 57
169 2401 208 2433 de
222 2404 484 2445 magistratibus]
510 2405 550 2436 In
565 2405 615 2436 ed.
629 2405 764 2437 Gruteri
850 2407 889 2440 59
911 2405 1013 2445 Atqui
1033 2416 1110 2437 eum
1129 2416 1204 2437 eum
1223 2408 1326 2448 vides]
1352 2408 1426 2439 Hoc
1440 2410 1511 2450 qui-

67 2441 196 2474 additm·
205 2450 265 2475 aut
276 2455 336 2485 pro
350 2448 612 2486 magistratibus,
629 2447 715 2487 quod
729 2452 764 2478 et
807 2447 880 2477 dem
901 2449 1055 2478 vitiosum
1077 2454 1171 2488 puto.
1216 2449 1261 2479 Et
1283 2451 1412 2481 variant
1425 2452 1511 2482 libri.

101 2486 212 2516 raevius
232 2489 384 2526 sen-avit,
411 2490 472 2520 etsi
495 2495 683 2530 suspectum
707 2490 763 2520 ha·
807 2489 869 2520 Ms.
887 2490 956 2520 Erf.
973 2490 1013 2520 A.
1032 2491 1098 2521 Izoec
1111 2500 1184 2521 cum
1199 2492 1298 2523 vides.
1315 2493 1375 2523 Ed.
1397 2494 1437 2525 R.
1453 2494 1508 2525 ΒΓ.

69 2523 151 2558 buit.
193 2528 313 2560 Omisit
326 2531 449 2571 primus
465 2532 578 2562 Aldus.
594 2533 687 2563 bene.
703 2533 763 2563 Est
806 2531 854 2562 M.
879 2532 985 2572 Atque
1006 2542 1081 2563 cum
1097 2534 1193 2563 vides.
1217 2533 1272 2564 W.
1299 2537 1390 2566 1480.
1412 2536 1510 2569 Junt.

67 2575 182 2600 eontra
207 2573 476 2604 consuetudinem
499 2574 533 2604 in
562 2574 625 2604 hoc
654 2575 761 2605 verbo.
806 2574 912 2614 Atque
938 2584 1014 2605 eum
1046 2575 1165 2606 videns.
1209 2575 1402 2608 Lectiouem
1441 2579 1511 2610 Erf.

0 2605 4 2644 l
68 2607 179 2657 Cjcero
199 2622 265 2650 eos,
282 2615 335 2653 qui
350 2621 428 2646 sunt
445 2614 478 2646 in
502 2617 680 2657 provincia,
696 2627 765 2647 ma·-
807 2616 1021 2656 praetulerim.

0 2665 1 2669 ¹
68 2655 221 2690 gistratus
234 2655 324 2686 dicit.
349 2667 377 2686 v.
402 2658 492 2689 Clav.
537 2658 583 2688 Et
603 2658 693 2696 alibi,
708 2659 764 2688 ubi
850 2658 891 2689 60
913 2668 1020 2689 meam
1033 2659 1375 2700 salutem-abjecero]
1394 2661 1447 2691 Sic
1463 2671 1511 2691 re-

0 2703 2 2721 ι
67 2691 128 2724 hoc
147 2695 270 2728 sctum
285 2704 534 2737 commemorat,
549 2705 683 2731 tantum
697 2710 767 2732 ma·
809 2706 862 2730 cte
878 2710 937 2741 pro
953 2700 1094 2742 objecero
1106 2710 1124 2730 e
1137 2701 1201 2732 Ms.
1217 2702 1286 2732 Erf.
1303 2702 1405 2734 edidit
1420 2702 1512 2734 Grae·

0 2748 3 2762 1
67 2734 220 2776 gistratus
236 2746 483 2772 commemorat.
807 2743 892 2774 vius.

0 2785 13 2806 s!
107 2780 146 2809 58
164 2783 296 2818 gracias
315 2783 460 2821 agendas
468 2783 616 2823 putavit]
629 2783 677 2813 Ex
694 2794 766 2824 per·
849 2785 886 2815 61
910 2786 998 2815 locus
1022 2785 1078 2815 ille
1098 2788 1221 2821 nautas,
1247 2784 1304 2814 uhi
1325 2786 1392 2824 ipse
1410 2788 1512 2818 alitus

0 2818 14 2862 η
66 2822 165 2858 petua
177 2822 341 2853 Ciceronis
355 2826 593 2856 consuetudine
608 2831 640 2856 et
654 2826 766 2857 latini·
809 2826 882 2865 &c.]
909 2827 1009 2856 Hunc
1032 2826 1142 2857 locum
1165 2827 1289 2857 correxi
1312 2838 1350 2858 ex
1374 2829 1446 2860 edd.
1471 2830 1510 2860 R.

0 2862 15 2907 '1
49 2861 141 2900 *tatis
154 2862 223 2903 lege
235 2866 439 2896 scribendum
453 2876 501 2898 est
513 2872 661 2909 putaret.
810 2868 865 2899 Br.
882 2869 946 2909 ipse
968 2874 1039 2899 erat
1064 2868 1172 2899 alieno
1195 2868 1279 2908 loco,
1297 2869 1351 2900 ubi
1374 2877 1460 2902 stare
1476 2873 1510 2902 in

122 2918 230 2948 ἴοι..
254 2921 310 2949 11.
335 2922 375 2950 P.
400 2922 454 2950 11.
725 2913 750 2951 3
774 2922 802 2952 R

0 3017 2 3027 ¹
13 3020 18 3042 ¹.

14 3047 18 3073 l

15 3087 18 3100 ι

0 3059 21 3174 {1
