1785 3185
272 144 372 183 1170
421 162 425 168 *
806 144 1054 183 ORATIO

268 258 355 285 non
380 253 561 299 poterat,
583 255 752 288 mortuo
765 247 950 303 denique
972 249 1125 290 tentari
1148 258 1319 304 coeptus
1341 258 1418 290 est.
1450 263 1535 290 non
1565 247 1696 289 modo

270 300 403 356 igitur
426 301 533 342 nihil
556 303 741 357 prodest,
764 305 834 346 sed
857 307 979 347 obest
1001 306 1129 347 etiam
1157 306 1203 347 P.
1221 306 1361 348 Clodii
1385 320 1497 347 mors
1519 304 1694 346 Miloni.

206 364 258 398 :35
275 358 331 397 At
356 358 486 399 valuit
506 359 669 411 odium,
691 359 794 402 fecit
815 363 961 413 iratus,
984 363 1086 404 fecit
1109 363 1322 413 inimicus,
1345 362 1426 404 fuit
1450 362 1561 403 ultor
1582 362 1696 416 inju-

272 414 362 465 riae,
387 416 559 470 punitor
579 416 736 458 doloris
760 419 839 459 sui.
901 420 1046 466 Quid?
1072 419 1104 459 si
1140 421 1245 470 haee,
1278 435 1363 460 nou
1396 420 1509 469 dico,
1533 419 1697 473 majora

273 471 445 513 fuerunt
478 472 519 512 in
555 472 724 525 Clodio,
755 490 881 530 quam
906 476 946 516 in
983 476 1165 526 Milone,
1196 476 1268 517 sed
1308 477 1349 516 in
1387 477 1458 517 illo
1492 477 1699 525 maxima,

225 540 259 572 b,
275 527 388 568 nulla
410 530 450 569 in
475 529 580 571 hoc:
613 531 715 585 quid
739 532 863 572 vultis
896 533 1104 588 amplius?
1138 533 1255 579 Quid
1278 533 1392 574 enim
1414 533 1572 573 odisset
1595 531 1697 573 Clo-

272 585 390 626 dium
414 585 541 636 Milo,
564 598 752 641 segetem
784 603 832 628 ac
863 590 1083 629 materiam
1118 605 1204 629 suat
1233 589 1397 644 gloriae,
1431 599 1585 644 praeter
1614 589 1698 629 hoc

271 642 398 683 civile
421 643 583 693 odium,
606 658 690 697 quo
712 659 859 684 omnes
883 645 1102 700 improbos
1124 646 1320 686 odimus?
1361 648 1400 676 48
1415 645 1504 696 Ille,
1524 655 1628 696 erat,
1651 653 1699 685 ut

272 698 445 750 odisset,
469 701 652 755 primum
675 701 941 742 defensorem
964 702 1110 743 salutis
1133 716 1253 752 meae,
1276 702 1428 742 deinde
1451 711 1699 742 vexatorem

272 754 441 805 furoris,
464 756 718 797 domitorem
741 772 954 799 armorum
979 775 1165 810 suorum,
1187 770 1400 815 postremo
1419 759 1548 800 etiam
1571 771 1698 799 accu-

272 822 454 853 satorem
478 827 615 854 suum.
640 828 732 854 reus
754 815 865 855 enim
892 815 1085 867 Milonis,
1106 816 1197 872 lege
1223 816 1377 866 Plotia,
1399 815 1483 856 fuit
1505 814 1698 865 Clodius,

271 869 414 924 quoad
450 870 574 911 vixit.
638 872 737 917 Quo
777 872 947 912 tandem
989 873 1131 914 animo
1172 874 1253 914 hoc
1290 887 1516 928 tyrannum
1554 871 1699 913 tulisse

272 926 473 968 creditis?
505 936 711 981 quantum
732 928 877 970 odium
900 929 1026 981 illius,
1045 940 1101 981 et,
1120 932 1162 971 in
1184 931 1358 971 homine
1380 930 1699 985 injusto‚quam

275 982 402 1023 etiam
419 983 616 1037 justum?

194 1029 262 1077 14
336 1039 564 1094 Reliquum
586 1049 664 1092 est,
690 1050 737 1082 ut
760 1041 852 1097 jam
877 1042 993 1084 illum
1026 1054 1176 1085 natura
1198 1045 1329 1100 ipsius
1352 1043 1703 1096 consuetudoque

209 1101 261 1135 36
276 1095 491 1146 defendat,
521 1096 638 1138 hune
676 1107 817 1139 autem
853 1100 946 1141 haec
979 1102 1123 1142 eadem
1157 1111 1407 1157 coarguant.
1470 1100 1591 1142 Nihil
1628 1111 1703 1154 per

276 1153 362 1193 vim
395 1167 595 1208 umquam
628 1153 819 1207 Clodius,
851 1158 996 1198 omnia
1029 1173 1101 1214 per
1135 1160 1219 1199 vim
1255 1158 1382 1199 Milo.
1444 1157 1558 1204 Quid
1582 1169 1702 1210 ergo,

268 1209 468 1264 judiees?
499 1225 613 1262 cum,
647 1214 929 1254 moerentibus
968 1217 1104 1266 vobis,
1143 1216 1246 1256 urbe
1275 1216 1407 1266 cessi3
1431 1214 1704 1271 judiciumne

276 1267 428 1308 timui?
459 1282 543 1308 non
568 1283 724 1320 servoS,
750 1285 833 1310 non
855 1286 985 1323 arma,
1008 1287 1093 1313 non
1115 1273 1228 1314 vim?
1257 1275 1298 1305 49
1313 1273 1423 1320 Quae
1447 1271 1597 1313 fuisset
1619 1269 1703 1325 igi-

275 1333 344 1364 tur
365 1325 627 1380 caiisajustzi
648 1328 897 1369 restituendi
929 1329 1027 1381 mei,
1051 1329 1132 1370 nisi
1164 1329 1312 1370 fuisset
1347 1330 1506 1384 injusta
1527 1326 1704 1382 ejicien-

274 1380 345 1422 di?
382 1380 507 1422 Diem
538 1383 660 1434 mihi,
691 1385 832 1435 credo,
863 1386 1054 1429 dixerat:
1087 1386 1264 1427 multam
1301 1387 1536 1442 irrogarat:
1569 1383 1705 1424 actio-

271 1451 370 1478 nem
396 1438 692 1493 perduellionis
722 1441 985 1485 intenderat:
1018 1445 1057 1474 5⁰
1070 1452 1113 1484 et
1133 1443 1239 1484 mihi
1265 1444 1463 1485 videlicet
1495 1442 1537 1482 in
1559 1454 1702 1490 causa,

273 1503 348 1535 aut
377 1495 502 1547 mala,
533 1506 607 1537 aut
637 1512 746 1548 mea,
778 1514 862 1540 non
894 1510 937 1540 et
970 1501 1307 1555 praeclarissima,
1330 1510 1373 1541 et
1404 1509 1556 1549 vestra,
1583 1496 1705 1552 judi-

273 1552 386 1593 cium
412 1553 649 1595 timendum
672 1555 768 1596 fuit.
830 1556 1056 1598 Servorum
1080 1568 1123 1598 et
1144 1558 1364 1613 egentium
1387 1557 1545 1598 civium
1568 1563 1611 1595 et
1641 1553 1704 1594 fa-

275 1609 569 1650 cinorosorum
601 1612 727 1652 armis
763 1627 878 1654 meos
900 1614 1029 1664 cives,
1062 1615 1167 1655 meis
1198 1614 1387 1655 consiliis
1423 1611 1705 1669 periculisque

214 1675 266 1714 37
278 1675 479 1717 servatOS,
504 1681 580 1722 pro
601 1683 666 1709 me
688 1669 819 1723 objici
844 1671 972 1712 nolui.
1026 1671 1124 1712 Vidi
1148 1673 1276 1721 enim,
1301 1672 1403 1721 virli,
1427 1671 1540 1711 liunc
1562 1668 1704 1725 ipsum

278 1723 334 1770 Q.
368 1723 664 1776 Hortensium,
702 1726 842 1768 lumen
877 1738 920 1769 et
954 1740 1250 1769 ornamentum
1284 1728 1547 1784 reipublicae,
1581 1738 1705 1781 paene

274 1780 458 1821 interfici
492 1795 709 1823 servorum
741 1798 883 1835 manu,
910 1800 1008 1826 cum
1040 1785 1144 1825 mihi
1178 1786 1366 1826 adesset:
1399 1800 1482 1840 qua
1513 1784 1554 1823 in
1579 1782 1706 1823 turba

275 1837 327 1878 C.
351 1837 574 1889 Vibienus,
597 1849 779 1892 senator,
803 1841 866 1881 vir
887 1843 1089 1897 optimus,
1112 1858 1209 1884 eum
1243 1842 1323 1883 hoc
1347 1857 1441 1883 cum
1466 1848 1578 1880 esset
1607 1852 1707 1891 una,

274 1894 336 1935 ita
354 1903 419 1935 est
449 1895 667 1947 multatus,
703 1907 744 1937 ut
780 1899 909 1938 vitam
940 1899 1143 1940 amiserit.
1206 1899 1356 1954 [taque
1390 1897 1560 1953 quando
1594 1896 1704 1937 illius

275 1961 425 2006 postea
463 1951 550 1992 sica
583 1952 667 2003 illa,
708 1969 836 2009 quam
875 1970 900 1996 a
934 1955 1121 1997 Catilina
1153 1966 1390 2011 acceperat,
1427 1952 1704 2008 conquievit?

275 2007 389 2049 Haec
413 2008 623 2051 intentata
644 2012 768 2052 nobis
799 2022 890 2054 est:
923 2012 1024 2053 huic
1051 2027 1132 2069 ego
1158 2028 1230 2054 vos
1253 2013 1385 2068 objici
1422 2027 1496 2067 pro
1521 2023 1587 2050 me
1619 2025 1707 2051 nou

276 2079 369 2105 sum
404 2080 575 2121 passus:
611 2067 703 2108 liaec
734 2069 934 2110 insidiata
970 2069 1177 2126 Pompeio
1211 2079 1299 2111 est:
1333 2070 1426 2111 haec
1461 2069 1584 2108 istam
1615 2066 1706 2123 Ap-

275 2121 410 2176 piam,
442 2135 766 2165 monumentum
801 2127 864 2167 sui
888 2127 1086 2176 nominis,
1119 2141 1222 2168 nece
1254 2127 1414 2183 Papirii
1437 2125 1705 2166 cruentavit:

277 2177 388 2229 haec,
419 2178 515 2220 haec
549 2181 711 2232 eadem,
743 2183 872 2238 longo
900 2184 1135 2235 intervallo,
1158 2199 1362 2225 conversa
1395 2196 1534 2224 rursus
1566 2190 1628 2221 est
1662 2181 1705 2222 in

278 2248 373 2276 me:
405 2250 541 2291 nuper
563 2238 751 2292 quidem,
775 2251 819 2280 ut
841 2241 972 2290 scitis,
997 2255 1063 2281 me
1090 2242 1142 2282 ad
1166 2242 1325 2297 regiam
1360 2254 1480 2296 paenc
1503 2237 1706 2279 confecit.

218 2299 269 2333 38
283 2291 399 2338 Quid
424 2292 559 2333 simile
583 2293 791 2337 Milonis?
822 2298 944 2352 cujus
968 2298 1030 2337 vis
1053 2298 1190 2339 omnis
1212 2298 1306 2339 haec
1337 2310 1501 2352 semper
1528 2294 1624 2345 fuit,
1656 2309 1709 2336 ne

150 2360 180 2390 Ρ·
201 2351 269 2381 ¹09·
284 2348 333 2389 P.
358 2348 550 2400 Clodius,
573 2365 670 2391 cum
695 2352 734 2393 in
751 2354 966 2406 ‘judicium
988 2355 1152 2399 detrahi
1177 2369 1260 2396 non
1285 2363 1441 2410 posset,
1466 2352 1505 2393 vi
1533 2367 1710 2407 oppres-

239 2399 268 2419 ²¹¹
281 2420 369 2447 sam
391 2406 811 2450 civitate1u·teneret.
834 2425 960 2466 quem
979 2412 1012 2452 si
1030 2411 1268 2453 interficere
1289 2411 1502 2459 voluisset,
1520 2422 1708 2464 quantae‚

321 2531 360 2559 48
384 2529 458 2566 Ille,
474 2534 558 2567 erat,
580 2535 618 2561 ut
637 2532 765 2574 odisset]
796 2533 974 2574 Eleganter
1015 2544 1104 2566 sonm
1120 2536 1256 2570 mentio,
1272 2540 1304 2566 et
1321 2535 1519 2574 intelligitur
1539 2543 1598 2565 sua
1613 2543 1709 2574 spon-

281 2580 340 2612 pro
355 2580 427 2601 cur.
1017 2583 1062 2613 te,
1077 2584 1108 2607 et
1129 2578 1216 2607 abest
1232 2578 1302 2608 cdd.
1319 2583 1399 2608 xett.
1446 2577 1580 2617 Irrcpsit
1602 2577 1636 2606 in
1653 2575 1705 2607 ed.

323 2616 364 2647 49
400 2613 484 2653 ‚Qum
505 2613 630 2653 ficisset
657 2626 757 2647 causa
784 2618 975 2648 restituendi
1018 2619 1162 2656 Gruteri,
1180 2621 1286 2649 neqoio
1301 2619 1475 2658 quomodo.

283 2656 345 2700 gnei
362 2667 370 2683 .·
393 2656 639 2697 71isiez'fi1isset]
661 2659 788 2690 Excidit
803 2659 973 2700 epitheton
1059 2663 1098 2691 50
1113 2665 1143 2691 el
1169 2663 1246 2691 milei
1261 2663 1405 2692 videlicet
1423 2660 1495 2699 &ej
1521 2661 1574 2690 sie
1595 2660 1705 2690 locum

272 2702 393 2737 ,γεω-ωε
409 2697 495 2736 quod
509 2700 643 2738 requirit
658 2703 871 2738 contrarium,
886 2701 974 2741 inju·
1016 2703 1098 2733 bene
1121 2704 1265 2734 restituit
1291 2716 1307 2734 e
1332 2704 1410 2734 Mss.
1434 2703 1557 2733 Fabric.
1581 2707 1616 2732 et
1641 2701 1708 2732 Erf.

281 2744 335 2769 sta
356 2738 515 2779 ejiciendi.
559 2741 603 2772 Et
631 2741 794 2774 Fabricius
819 2754 836 2774 e
867 2750 973 2774 vetere
1018 2745 1176 2775 Graevius.
1205 2747 1293 2777 Ante
1307 2750 1394 2775 erat:
1420 2749 1449 2775 et
1465 2743 1706 2783 mila·‚j11classces·,

283 2780 347 2811 ΜΞ.
375 2789 620 2814 commemorat.
665 2786 790 2817 Contra
816 2787 845 2816 ei
870 2786 974 2816 insiti·
1017 2788 1052 2817 in
1078 2797 1179 2818 causa
1207 2793 1268 2818 aut
1296 2792 1403 2818 vestra
1426 2788 1529 2822 mala,
1552 2790 1612 2816 aue
1635 2794 1708 2817 mea

279 2823 368 2854 tium
393 2828 462 2854 est:
493 2825 579 2865 quod
604 2826 637 2858 in
663 2827 760 2868 priori
788 2827 880 2860 nulla
903 2837 975 2869 per·
1017 2839 1074 2861 nec
1082 2831 1350 2871 praeclarissima,
1361 2831 1462 2861 eciam
1465 2827 1544 2871 jud.
1558 2832 1584 2859 t.
1587 2826 1625 2868 s.
