1769 3174
403 88 477 133 m:
504 95 806 134 Pnovmcus
833 95 1248 134 coNsULAmssUS.
1439 99 1538 136 106⁹

399 285 468 334 M.
501 285 771 334 TULLII
811 285 1253 335 CICERONIS
1548 290 1645 328 P=69-

175 397 1432 534 ‘PROVID'NCIIS

479 589 1165 646 CONSULARIBUS

305 705 556 759 ORATlo,
588 706 827 754 QUINTA
860 706 934 749 ET
962 706 1323 754 TRICESIMA,
1375 714 1389 721 „

609 910 1013 949 ARGUMENTUM.

98 982 187 1019 Cum
202 982 414 1034 informant
439 987 634 1035 provincioe
660 988 809 1022 redacta
837 989 924 1021 esset
943 985 1034 1022 bello
1061 987 1158 1022 victa
1186 988 1299 1034 regio,
1320 988 1530 1025 mittebatur

144 1037 184 1072 in
201 1047 281 1072 eam
314 1037 444 1074 Consul
473 1043 537 1074 aut
557 1038 710 1078 Praetor‚
743 1039 904 1086 deposito
932 1037 1159 1085 Magistratu
1190 1040 1339 1082 urbano,
1360 1042 1422 1087 qui
1450 1053 1526 1077 eam

144 1089 431 1133 administraret,
446 1090 480 1127 Ιι.
500 1102 529 1127 e.
549 1095 614 1126 aut
622 1089 915 1137 jurisdictionem
931 1091 1046 1126 solam
1065 1096 1251 1131 exerceret,
1272 1097 1337 1127 aut
1352 1093 1462 1128 simul
1477 1099 1530 1129 et-

140 1141 228 1181 iam,
246 1142 279 1177 si
296 1143 440 1190 quando
458 1155 546 1191 opus
563 1148 664 1185 esset,
685 1143 814 1179 bellum
838 1143 1121 1179 administraret.
1179 1143 1295 1184 Quam
1316 1144 1447 1180 Consul
1463 1146 1528 1181 ad-

140 1194 386 1237 ministrabat,
405 1195 636 1237 Consulan's,
664 1207 773 1243 quam
790 1199 911 1230 autem
936 1194 1092 1238 Proetor,
1117 1194 1302 1233 Praetoria
1319 1197 1527 1244 appellaba-

143 1248 214 1281 tur.
268 1246 312 1282 In
338 1246 406 1283 hac
423 1259 508 1295 ergo
529 1248 702 1283 Oratione
719 1247 786 1282 hoc
802 1247 1022 1294 disputatur,
1050 1248 1087 1283 in
1106 1259 1196 1295 quas
1221 1250 1427 1295 provincias
1445 1262 1526 1285 con-

141 1297 236 1334 eules
250 1300 415 1346 proxime
421 1299 567 1349 futuris
594 1300 751 1336 comitiis
767 1300 914 1335 creandi
940 1300 1039 1334 mitti
1053 1300 1224 1347 placeret.
1279 1300 1374 1336 Eam
1400 1301 1527 1338 habuit

141 1349 265 1386 Cicero
283 1352 322 1387 in
339 1351 489 1394 Senatu,
509 1364 589 1388 cum
607 1353 650 1388 de
675 1363 717 1387 ea
734 1363 774 1387 re
795 1355 945 1399 rogatus
963 1356 1052 1387 esset
1069 1364 1093 1387 a
1110 1353 1252 1388 consule
1267 1355 1482 1390 sententiam
1503 1367 1525 1390 e

142 1401 228 1451 lege
245 1402 482 1451 Sempronia,
497 1416 570 1452 qua
587 1408 733 1440 cautum
747 1407 839 1445 erat,
858 1408 898 1439 ut
918 1407 1002 1438 ante
1020 1405 1168 1440 coniitia
1187 1405 1392 1441 consularia
1410 1405 1523 1442 Sena-

143 1457 200 1490 tus
222 1456 434 1497 decerneret,
458 1459 496 1492 in
516 1468 604 1504 quas
631 1456 844 1492 Provincias
873 1455 1040 1492 Consules
1057 1457 1239 1504 designati
1261 1463 1344 1505 post
1362 1459 1524 1494 consula-

140 1510 218 1541 tum
240 1509 483 1551 mitterentur,
501 1510 603 1556 eique
619 1507 717 1545 SCto
736 1519 779 1543 ne
801 1508 976 1543 intercedi
989 1513 1121 1556 posset.
1174 1509 1230 1544 Eo
1249 1514 1368 1545 autem
1384 1515 1524 1558 spectat

133 1561 316 1595 sententia
345 1561 534 1602 Ciceronis,
563 1565 605 1596 ut
634 1560 721 1597 Piso
741 1564 775 1595 et
811 1560 985 1596 Gabinius
1011 1571 1053 1596 ex
1075 1562 1287 1609 provinciis,
1307 1574 1396 1609 quas
1423 1564 1523 1599 nullo

138 1607 294 1648 Senatus
312 1613 484 1653 consulto,
503 1613 565 1649 secl
594 1613 670 1660 lege
690 1612 831 1654 Clodia,
850 1612 1068 1654 obtinebant,
1088 1617 1123 1648 et
1155 1613 1314 1649 omnibus
1334 1615 1448 1650 modis
1463 1627 1522 1651 ve·

135 1663 273 1700 :cabant
291 1669 326 1700 et
352 1665 571 1712 spoliabant,
600 1669 821 1707 revocentur,
840 1666 960 1712 eisque
983 1665 1196 1701 succedatur
1217 1667 1279 1705 sic,
1299 1671 1340 1701 ut
1352 1668 1520 1714 proximo

133 1725 228 1751 anno
245 1717 320 1752 sint
339 1719 521 1765 praetoriae
538 1722 573 1753 et
590 1729 614 1752 a
631 1717 766 1753 duobus
778 1718 967 1764 proesentis
987 1718 1074 1753 anni
1093 1717 1315 1754 Praetoribus
1334 1718 1519 1755 obtinean-

133 1769 206 1809 tur,
224 1780 264 1803 eo
284 1773 404 1805 autem
430 1774 566 1812 exacto,
586 1769 788 1805 consulares
793 1769 905 1818 fiant
959 1768 1011 1804 Et
1029 1771 1199 1817 quoniam
1218 1772 1281 1817 qui
1299 1775 1384 1805 ante
1401 1773 1519 1818 ipsum

131 1817 299 1858 dixerant
313 1824 519 1861 sententias,
537 1826 669 1870 praeter
680 1821 885 1863 Servilium,
900 1826 1122 1864 censuerant,
1139 1826 1182 1858 ut
1199 1823 1379 1858 alterutra
1394 1823 1521 1862 Gallia

131 1870 268 1909 Caesari
297 1874 556 1914 detraheretur,
588 1878 623 1909 et
650 1874 848 1910 consularis
861 1873 984 1922 fleret,
1011 1886 1173 1922 unusque
1203 1886 1245 1909 ex
1273 1876 1318 1910 iis
1336 1877 1518 1914 mirarisc

130 1925 348 1968 ostenderat,
368 1938 480 1974 quare
504 1926 626 1962 Cicero
646 1927 699 1961 ita
717 1930 862 1961 ornaret
883 1926 1068 1968 Caesarem,
1088 1929 1145 1962 cui
1161 1927 1281 1962 eodem
1290 1925 1378 1972 jure
1393 1929 1515 1964 inimi-

131 1987 192 2011 cus
209 1988 292 2017 esse,
313 1990 383 2025 quo
407 1979 572 2018 Gabinio,
590 1982 721 2025 posset,
743 1979 838 2026 quod
857 1978 1024 2014 Ciodium
1041 1980 1080 2014 in
1096 1980 1257 2014 vexando
1277 1979 1444 2016 Cicerone
1451 1978 1515 2026 ju-

120 2028 236 2064 -visset
245 2043 259 2069 ;
287 2032 450 2077 graviter
466 2035 501 2066 et
518 2031 643 2066 multis
665 2030 780 2066 verbis
798 2031 912 2073 docet,
931 2042 1043 2079 quare
1059 2030 1192 2066 Caesari
1206 2030 1308 2066 nulla
1319 2033 1516 2078 provincia:

125 2092 214 2128 pars
242 2082 464 2118 detrahenda
480 2084 530 2118 sit
541 2096 555 2123 ‚-
584 2080 737 2129 injurias
755 2087 875 2118 autem
891 2084 923 2118 si
941 2095 1030 2131 quas
1047 2095 1070 2119 a
1090 2083 1227 2118 Caesare
1244 2085 1436 2132 acceperit,
1455 2096 1514 2120 eas

126 2143 165 2168 se
182 2145 301 2170 omnes
318 2135 523 2182 reipublicae
550 2135 776 2174 condonasse,
793 2146 907 2183 neque
933 2147 971 2171 se
988 2136 1026 2170 in
1056 2136 1236 2171 sententia
1253 2136 1404 2171 dicenda
1432 2137 1514 2172 odio

125 2184 281 2229 obedire,
298 2187 361 2222 sed
378 2187 576 2223 utilitatem
590 2187 796 2234 reipublicae
811 2188 924 2235 sequi.

79 2267 150 2332 SI
188 2292 285 2348 quis
298 2291 523 2342 vestrum,
555 2300 698 2347 patres
726 2290 976 2347 conscripti,
1016 2299 1255 2346 exspectat,
1286 2306 1390 2348 quas
1430 2293 1552 2341 siml

71 2349 317 2414 provincias
347 2350 608 2400 demean-‚us
630 2348 871 2390 consideret
900 2349 995 2404 ipse
1018 2362 1178 2399 secum,
1199 2349 1273 2403 qui
1302 2350 1410 2390 mihi
1432 2350 1545 2402 h0-2

71 2406 208 2447 mines
234 2410 248 2437 l
266 2422 321 2448 ex
344 2406 577 2463 provinciis
604 2405 877 2461 potissimum
897 2405 1149 2446 detrahendi
1182 2406 1291 2446 sint·
1324 2421 1411 2448 non
1432 2408 1511 2449 du-

73 2464 245 2514 bitabit,
267 2465 370 2519 quid
400 2478 468 2504 me
491 2463 646 2504 sentire
675 2462 920 2513 conveniat,
940 2477 1055 2514 cum,
1084 2462 1188 2517 quid
1217 2463 1323 2504 mihi
1355 2465 1511 2507 sentire

69 2534 243 2562 necesse
275 2522 345 2573 sit,
367 2520 584 2577 cogitarit.
643 2520 724 2571 Ac,
746 2520 779 2560 si
803 2520 1002 2576 princeps
1034 2535 1128 2561 eam
1157 2521 1414 2562 sententiam
1445 2523 1510 2563 di-

117 2659 129 2686 1
146 2665 187 2686 er
199 2665 255 2696 pr.
271 2656 462 2687 detrahendi
476 2655 555 2695 sint]
581 2655 715 2686 Dicitur
736 2655 772 2685 in
808 2663 889 2694 pere
905 2655 943 2685 de
959 2655 1148 2694 provinciis.
1192 2654 1392 2686 Lambinum
1409 2655 1512 2686 offen-

70 2703 198 2738 partem
222 2698 431 2735 deteriorem,
458 2708 517 2738 pro
544 2709 582 2728 ex
606 2708 657 2738 pr.
682 2705 772 2728 revo-
816 2697 913 2727 vebat
926 2698 1128 2727 constructio
1144 2697 1232 2728 vorbi
1257 2707 1331 2727 cum
1354 2708 1404 2728 ex.
1426 2699 1513 2728 unde

71 2740 166 2770 caudi
179 2751 188 2778 3
205 2739 244 2770 de
261 2741 418 2780 improbis
433 2741 693 2780 magistratibu5‚
703 2739 775 2778 qui·
817 2739 962 2769 malebat
977 2740 1175 2770 retrahendi.
1220 2740 1284 2770 Sed
1299 2740 1451 2771 similiter
1465 2746 1516 2770 oct

69 2782 128 2812 bus
143 2787 293 2822 potestas
307 2782 356 2812 vel
372 2783 484 2813 invitis
501 2782 682 2813 adimenda.
726 2781 776 2811 Si·
818 2781 842 2810 1.
859 2792 887 2812 c.
902 2787 936 2812 et
951 2781 1039 2812 alibi.

67 2824 192 2854 militer
216 2823 300 2854 dixit
315 2835 342 2855 c.
367 2827 399 2855 8.
411 2835 441 2854 c.
457 2824 489 2856 6.
511 2831 562 2856 est
575 2825 675 2856 etiam
691 2824 777 2854 deri-

128 2879 246 2908 τοι..
275 2881 330 2908 11.
355 2881 397 2916 Β.
422 2880 477 2912 11.
762 2871 791 2906 4
813 2878 842 2905 Α
