1785 3185
527 136 644 174 PRO
670 131 725 171 Μ.
745 133 1086 172 MARCELLO.
1425 135 1524 171 120⁹

94 241 212 282 illum
248 240 519 283 sustentasti:
552 249 606 280 tu·
631 252 864 292 numquam
893 237 1013 288 meis,
1042 251 1112 277 me
1143 237 1332 287 absente,
1363 235 1524 288 liberis,

91 313 326 354 numquam
348 296 524 352 conjugi
555 310 660 336 mem
693 294 882 335 defuisti.
946 294 1129 334 Possum
1151 296 1190 326 79
1205 294 1394 333 excitare
1418 293 1525 333 inul-

94 366 162 397 tos
199 356 412 405 reductos,
449 362 578 394 testes
618 351 884 393 liberalitatis
924 359 1036 392 tuae:
1074 349 1189 405 quod
1228 364 1342 404 saepe
1380 350 1523 390 audivi

96 413 208 469 patri
246 425 336 462 tuo,
373 410 446 466 qui
485 410 528 451 id
561 409 746 459 fecisset,
783 422 943 464 magno
982 408 1233 463 adjumento
1277 406 1319 445 in
1355 406 1524 460 judicio

96 469 251 525 capitis
282 467 426 510 fuisse.
488 467 570 508 Sed
595 467 689 521 jain
719 466 866 507 omnia
887 465 1042 507 timeo:
1076 462 1282 505 bonitatis
1305 463 1438 519 ipsius
1461 463 1523 502 in-
1538 474 1589 507 43

94 526 255 567 vidiam
288 524 534 566 reformido.
594 524 694 566 Jam
716 523 879 564 indicat
901 531 966 563 tot
987 522 1212 563 hominum
1235 520 1375 569 fletis,
1397 533 1524 574 quain

98 584 155 623 sis
187 597 308 624 carus
342 582 450 623 tuis:
482 591 526 622 et
542 594 624 621 *me
655 580 777 621 dolor
814 579 1024 630 debilitat,
1062 578 1327 631 includitque
1362 586 1572 617 vocem.b.

97 640 187 680 Vos
218 641 412 690 obsecro,
437 638 622 694 judices,
645 647 693 678 ut
723 637 824 678 huic
854 637 1021 691 optimo
1044 636 1151 685 viro,
1173 649 1258 690 quo
1284 648 1410 674 nemo
1440 647 1530 673 me-

100 697 181 737 lior
218 711 420 752 umquam
461 695 559 746 fuit,
597 708 755 735 nomen
794 694 949 748 equitis
988 692 1190 742 Romani,
1225 701 1269 731 et
1305 694 1345 722 80
1361 705 1529 731 usuram

96 753 228 809 hujus
270 754 391 803 lueis,
432 763 477 794 et
515 761 699 793 vestrum
745 760 1024 806 conspectum
1067 764 1119 790 ne
1160 748 1367 804 eripiatis.
1443 747 1532 788 Hic

98 826 176 852 vos
207 811 320 852 aliud
353 809 459 850 nihil
489 818 598 859 orat,
619 808 701 848 nisi
736 816 782 848 ut
811 807 938 848 rectis
969 807 1104 848 oculis
1134 806 1245 847 hanc
1275 807 1425 847 urbem
1449 804 1532 844 sibi

101 868 272 919 intueri,
295 879 422 922 atque
443 869 480 897 81
498 866 539 906 in
570 865 653 907 hoc
684 863 779 906 foro
801 865 1032 920 vestigium
1065 863 1204 904 facere
1234 862 1385 904 liceat:
1417 862 1532 917 quod

99 926 240 981 ipsum
272 924 446 966 fortuna
475 922 703 978 eripuerat,
734 921 816 963 nisi
855 922 981 964 unius
1019 921 1148 963 amici
1179 934 1283 976 opes
1312 920 1535 960 subvenis-

101 991 210 1023 sent.

145 1099 186 1129 79
211 1096 354 1125 excitare
375 1094 495 1123 multos
518 1094 665 1124 reductos
687 1092 793 1132 testes]
837 1097 917 1131 tur3
947 1097 1093 1123 vestrum
1119 1095 1321 1130 conspectum
1348 1099 1389 1120 ne
1416 1091 1536 1130 eripia-

108 1138 132 1168 i.
151 1148 179 1168 e.
195 1137 365 1167 restitutos
380 1137 414 1166 in
429 1136 543 1165 urbem
566 1141 600 1166 et
622 1137 655 1166 in
676 1136 798 1172 forum,
840 1137 895 1166 tis.

105 1189 163 1220 per
191 1179 390 1209 solutionem
419 1187 477 1218 pro
506 1178 585 1217 ipsis
610 1179 744 1208 factam.
767 1187 799 1208 v.
885 1179 921 1207 81
946 1177 982 1207 in
1003 1177 1060 1205 hoe
1070 1174 1150 1215 jin-o
1172 1174 1476 1214 vestigiumfacere
1498 1174 1535 1202 ci-

106 1222 197 1252 Clav.
230 1222 263 1252 iu
292 1221 457 1251 reductus.
507 1220 661 1251 Probavit
690 1219 799 1250 Olive-
840 1223 932 1249 ceat:
957 1219 1041 1258 quod
1063 1220 1170 1258 ipsum
1182 1218 1326 1257 fortuna
1352 1216 1532 1256 eripuerat]

104 1271 171 1294 tus.
842 1261 993 1292 Ductum
1015 1260 1077 1291 hoe
1090 1265 1201 1290 totum
1216 1270 1256 1289 ex
1270 1270 1321 1296 eo,
1339 1259 1425 1298 quod
1439 1268 1537 1297 nego-

149 1309 190 1336 80
211 1315 348 1337 usuram
365 1302 464 1344 hujus
481 1303 574 1344 lucis]
600 1303 678 1335 Non
701 1303 740 1334 de
755 1303 802 1333 vi·
841 1306 992 1340 flatui-ez,
1008 1312 1084 1333 cum
1101 1302 1255 1332 solvendo
1272 1311 1339 1331 non
1355 1307 1447 1337 sunt,
1458 1301 1539 1339 soro

103 1352 142 1378 ta
156 1348 348 1388 acceperim,
365 1352 402 1376 ut
418 1346 494 1376 aiibi
517 1345 658 1377 dieitur:
682 1345 738 1377 sed
760 1346 798 1376 de
842 1346 956 1376 cedere
977 1345 1143 1375 dicuntur.
1158 1354 1191 1375 v.
1205 1350 1243 1374 et
1262 1353 1361 1385 supra
1382 1354 1414 1374 c.
1441 1346 1487 1373 15.
1507 1349 1541 1372 et

105 1391 178 1420 {uce
199 1390 356 1420 Rouianae
380 1389 480 1424 urbis,
509 1392 547 1418 ut
568 1388 614 1418 ibi
637 1390 743 1419 vivere
766 1394 800 1418 et
843 1388 980 1418 Clavem
996 1387 1171 1429 insortam.

104 1432 169 1462 frui
193 1432 265 1462 luce
289 1432 389 1472 possit
404 1442 414 1461 2
438 1430 561 1460 iudicat
586 1430 673 1471 quod
697 1431 802 1470 sequi-

403 1647 473 1694 M.
507 1647 777 1695 TULLII
816 1646 1249 1695 CICERONIS
1555 1664 1674 1735 ἵκῃ.

788 1775 864 1800 PRO

306 1865 401 1930 M,
480 1860 1348 1927 MARCELLO

431 1985 682 2038 ORATIO,
715 1982 1239 2033 QUADRAGESIMA.
1298 1996 1302 1998 “

632 2201 1035 2241 ARGUMENTUM.

121 2272 177 2310 11.
198 2271 397 2310 Marcellus
423 2273 729 2321 Pompeianarum
754 2273 920 2320 partium
948 2273 987 2307 in
1013 2271 1105 2309 bello
1144 2273 1244 2309 civili
1269 2270 1414 2322 suerat,
1442 2284 1554 2321 neque

173 2330 292 2361 tamen
319 2330 479 2361 extrema
503 2330 708 2374 persecutus
736 2329 825 2364 erat,
843 2324 917 2365 secl,
936 2326 1032 2360 victo
1059 2325 1107 2363 ad
1126 2325 1346 2361 Pharsalum
1367 2326 1554 2374 PompeiO,

173 2377 373 2425 Mitylenas
399 2390 436 2414 se
463 2379 677 2417 contulerat,
698 2377 817 2424 ibique
844 2377 979 2412 otiosus
1007 2378 1044 2413 in
1065 2378 1198 2413 litteris
1214 2379 1367 2420 vixerat,
1385 2379 1462 2413 sine
1480 2378 1555 2413 ulLo

167 2431 304 2480 patriae
319 2431 506 2466 desiderio.
551 2430 650 2466 Huic
667 2434 708 2466 ut
724 2431 865 2465 veniam
883 2428 999 2471 daret,
1019 2434 1055 2464 et
1067 2430 1222 2465 redit-um
1242 2431 1280 2465 in
1292 2432 1457 2479 patriam
1471 2442 1554 2477 per-

171 2483 331 2518 mitteret
362 2482 493 2524 Coesur,
513 2494 591 2518 cum
612 2487 700 2518 esset
719 2495 742 2518 a
757 2480 886 2530 fratre
904 2479 978 2527 ejus
995 2485 1030 2517 et
1048 2484 1211 2518 universo
1230 2482 1367 2518 Senatu
1383 2483 1556 2530 supplic&

175 2537 230 2569 ter
245 2538 408 2582 rogatus,
427 2535 587 2571 dolorem
604 2545 707 2570 suum
725 2533 880 2569 Senatui
898 2534 1124 2570 condonavit.
1158 2535 1237 2576 Quo
1246 2534 1368 2584 jacto,
1388 2535 1456 2570 hac
1473 2546 1556 2570 ora-

174 2586 272 2621 tione
298 2588 440 2633 gratias
459 2587 592 2623 Caesari
618 2587 861 2635 amplissimas
879 2585 915 2619 in
935 2585 1073 2622 Senatu
1091 2588 1166 2634 egit
1194 2586 1328 2623 Cicero.
1383 2587 1441 2622 Ea
1469 2587 1559 2621 duas

172 2641 298 2687 partes
326 2638 457 2675 habet:
486 2651 639 2686 qua-rum
662 2640 786 2686 prima
813 2641 851 2675 in
880 2636 986 2675 laude
1013 2636 1118 2684 hujus
1134 2637 1239 2687 facti
1256 2643 1434 2680 versatur,
1454 2642 1489 2673 et
1507 2642 1560 2672 est

127 2692 136 2697 ”
176 2689 540 2738 magnificentsssimis
556 2691 671 2727 verbis
687 2693 823 2738 scripta
836 2706 849 2733 ;
877 2691 1000 2728 altera
1018 2695 1139 2727 autem
1168 2691 1320 2727 Caesaris
1348 2691 1392 2727 de
1418 2690 1560 2726 insidiis

176 2743 395 2789 suspiciones
415 2744 537 2779 inanes
554 2755 626 2779 esse
643 2744 812 2780 ostendit.

129 2797 465 2862 DIUTURNI
512 2819 684 2871 silentii,
728 2829 868 2876 patres
913 2819 1164 2875 conscripti,
1205 2834 1290 2873 quo
1331 2833 1446 2861 eram
1489 2817 1600 2873 hisl

126 2875 391 2931 temporibus
428 2891 541 2927 usus,
572 2891 658 2917 non
699 2877 852 2918 timore
893 2877 1052 2933 aliquo,
1091 2876 1161 2917 sed
1202 2876 1358 2932 p'artim
1397 2875 1595 2930 dolore‚1
