1785 3185
517 60 867 99 PH1L1P1‘10A
883 52 1099 99 PRIMA.
1429 64 1527 100 1249

98 178 182 207 non
213 171 313 205 sunt
342 164 507 206 secuti:
539 178 626 205 non
656 172 704 204 ut
735 163 984 219 proficerem
1017 163 1192 218 aliquid,
1221 167 1378 219 (neque
1408 166 1522 206 enim

97 221 318 276 sperabam
342 221 398 271 id,
422 235 558 275 neque
581 231 782 276 praestare
807 222 1034 275 poteram‚)
1056 219 1126 260 sed
1151 231 1211 269 ut,
1233 221 1266 261 si
1289 221 1390 274 quid
1413 222 1520 264 mihi

95 277 340 318 humanitus
363 278 600 328 accidisset,
616 276 769 329 (multa
787 287 928 317 autem
955 279 990 311 ι9
1005 276 1250 332 impendere
1267 277 1520 319 videbantur

94 343 248 390 praeter
281 344 475 375 naturam
509 343 749 390 praeterque
782 334 952 383 fatum,)
992 332 1118 388 hujus
1151 332 1235 374 diei
1269 347 1418 374 vocem
1458 345 1520 375 te·

90 400 198 431 stem
221 391 467 447 reipublicae
498 390 777 445 relinquerem
809 404 916 431 meae
941 399 1158 446 perpetua:
1180 403 1282 445 erga
1303 404 1346 430 se
1370 390 1517 432 volun-

90 447 204 488 tatis.

146 503 364 551 Quoniam
405 505 626 560 utriusque
668 504 834 545 consilii
875 517 1061 554 causam,
1095 511 1235 558 patres
1266 503 1574 559 conscripti,ll

91 561 313 617 probatam
338 562 458 602 vobis
489 576 579 602 esse
609 561 794 612 confido,
819 561 934 617 prius
961 575 1088 615 quam
1120 560 1172 600 de
1203 560 1421 615 republica
1452 561 1515 601 di-
1528 568 1559 598 P·
1580 561 1646 590 ¹5⁵-

86 631 181 658 cere
213 618 390 674 incipiO,
416 633 550 674 pauca
571 633 721 673 querar
742 619 794 658 de
815 619 1013 658 hesterna
1036 616 1102 658 M.
1123 616 1302 662 Antonii
1329 616 1485 671 injuria
1505 610 1558 658 :a‘

87 674 157 716 cui
180 689 270 716 sum
300 676 486 726 amicus3
518 676 644 730 idque
675 689 741 715 me
774 674 978 715 nonnullo
1011 673 1103 728 ejus
1132 673 1278 714 officio
1307 676 1347 704 ‘20
1360 674 1515 714 debere

82 745 189 782 esse,
212 747 298 787 prae
317 746 383 772 me
406 746 571 788 semper
592 732 683 772 tuli.
746 732 862 778 Quid
882 731 1053 772 tandem
1077 741 1167 771 erat
1188 745 1342 780 causae,
1372 745 1447 774 cur
1468 731 1510 771 in
1527 730 1559 777 5

86 798 277 829 senatum
303 788 499 829 hesterno
521 789 590 830 die
611 801 698 842 tam
721 789 872 829 acerbe
890 790 1093 844 cogerer?
1125 787 1293 828 solusne
1315 787 1511 828 aberam?

85 859 137 885 an
163 859 246 886 non
270 859 383 900 saepe
405 846 544 886 minus
578 845 818 900 frequentes
841 845 1008 886 fuistis?
1041 860 1093 885 an
1121 858 1170 885 ea
1192 858 1255 884 res
1289 845 1511 900 agebatur,

86 910 135 942 ut
152 903 281 942 etiam
303 912 488 958 aegrotos
508 901 659 943 deferri
684 904 926 958 oporteret?
958 900 1160 951 Annibal,
1182 901 1324 951 credo,
1346 910 1436 942 erat
1458 902 1510 942 ad

87 968 246 1013 portaS,
267 969 339 1000 aut
355 959 406 999 de
432 959 584 1015 Pyrrhi
608 974 712 1015 pace
743 960 975 1015 agebatur:
1008 959 1061 999 ad
1092 973 1219 1013 quam
1254 973 1424 999 causam
1448 968 1510 999 et-

81 1015 166 1056 iam
182 1014 373 1071 Appium
393 1015 526 1067 illum,
547 1026 590 1056 et
616 1031 794 1067 caecum,
818 1026 860 1057 et
893 1029 1050 1066 senem,
1074 1015 1259 1056 delatum
1293 1029 1398 1066 esse,
1421 1029 1510 1056 me-

82 1072 229 1113 moriae
251 1073 466 1128 proditum
485 1082 562 1114 est.
614 1073 682 1114 De
703 1073 1088 1129 supplicationibus
1115 1072 1399 1113 referebatur:
1423 1087 1508 1127 quo
1525 1073 1570 1107 1⁶2

80 1128 124 1169 in
149 1143 303 1185 genere
331 1140 544 1171 senatores
571 1130 715 1171 deesse
742 1145 827 1171 non
856 1130 1007 1171 solent.
1038 1138 1254 1186 coguntur
1283 1130 1394 1170 enim
1422 1144 1509 1170 non

82 1185 350 1242 pignoribus,
379 1187 450 1228 sed
483 1202 644 1238 eorum,
666 1202 848 1242 quorum
880 1187 932 1228 de
961 1187 1122 1227 honore
1154 1187 1311 1241 agitur,
1341 1187 1507 1242 gratia:

79 1243 194 1298 quod
233 1243 345 1284 idem
379 1244 440 1295 fit,
464 1259 561 1286 cum
594 1245 645 1285 de
680 1244 898 1300 triumpho
929 1243 1123 1284 refertur.
1184 1243 1252 1283 Ita
1285 1243 1375 1283 sine
1407 1258 1510 1284 cura

78 1300 273 1341 consules
296 1311 408 1351 sunt,
432 1311 479 1342 ut
501 1316 622 1357 paene
641 1301 820 1343 liberum
839 1302 893 1342 sit
913 1300 1112 1351 senatori,
1136 1315 1221 1340 non
1244 1300 1402 1340 adesse.
1434 1301 1507 1355 qui

79 1370 178 1397 cum
212 1357 317 1398 mihi
347 1373 439 1398 mos
475 1369 600 1399 notus
633 1369 757 1411 esset,
779 1373 962 1413 cumque
995 1358 1047 1398 de
1082 1358 1152 1398 via
1182 1357 1444 1412 languerem,
1466 1366 1508 1397 et

79 1413 278 1455 mihimet
306 1415 600 1470 displicerem:
634 1416 746 1466 misi,
768 1430 844 1472 pro
874 1415 1078 1465 amicitia,
1101 1415 1227 1469 21qui
1262 1415 1344 1455 hoc
1376 1415 1412 1454 ei
1445 1414 1509 1454 di-

78 1480 207 1512 cei-et,
266 1469 326 1512 At
362 1472 445 1523 ille,
479 1473 600 1513 vobis
634 1473 921 1523 audientibus,
954 1486 1052 1513 cum
1088 1471 1219 1512 fabris
1256 1486 1300 1511 se
1331 1471 1508 1515 domum

77 1541 215 1569 meam
238 1538 464 1570 venturum
487 1544 576 1570 esse
606 1530 730 1571 dixit.
793 1529 934 1570 Nimis
969 1528 1171 1570 iracunde
1203 1528 1286 1569 hoc
1319 1528 1507 1583 quidem,

76 1593 120 1624 et
151 1585 272 1626 valde
301 1586 647 1642 intemperanter.
710 1586 846 1642 Cujus
879 1586 992 1627 enim
1026 1585 1224 1626 maleficii
1259 1585 1340 1626 ista
1376 1599 1509 1640 poena

74 1650 152 1692 est,
175 1651 222 1682 ut
243 1642 383 1684 dicere
418 1643 461 1684 in
494 1644 576 1685 hoc
608 1644 755 1684 ordine
788 1643 976 1693 auderet,
1001 1656 1043 1682 se
1067 1641 1249 1697 publicis
1272 1643 1413 1697 operis
1442 1642 1506 1682 di-

73 1699 364 1741 sturbaturum
402 1700 572 1756 publice
610 1715 664 1741 ex
699 1710 868 1742 senatus
899 1700 1111 1741 sententia
1139 1698 1398 1746 aedificatam
1430 1699 1507 1743 do-

71 1758 218 1797 mum?
280 1757 388 1803 Quis
411 1766 554 1799 autem
576 1772 778 1812 umquam
809 1767 929 1798 tanto
948 1758 1104 1797 damno
1134 1766 1373 1797 senatorem
1406 1755 1505 1796 co'e-

30 1862 33 1863 ⁷
71 1813 165 1867 git?
195 1821 268 1854 aut
289 1814 391 1868 quid
413 1825 477 1855 est
498 1815 607 1856 ultra
628 1815 798 1871 pignus,
821 1824 895 1856 aut
915 1814 1122 1857 multam?
1152 1815 1193 1844 ⁶22
1208 1812 1375 1859 Quodsi
1398 1813 1502 1853 scis-

71 1878 150 1919 set,
181 1884 309 1925 quam
327 1872 578 1913 sententiam
595 1872 785 1914 dicturus
798 1886 948 1922 essem,
965 1869 1196 1913 remisisset
1222 1869 1383 1924 aliquid
1401 1884 1501 1925 pro-

69 1925 186 1968 fecto
209 1927 261 1967 de
289 1930 512 1970 severitate
544 1929 742 1984 cogendi.
800 1928 871 1969 An
904 1942 972 1969 me
1002 1927 1199 1976 censetis,
1223 1937 1362 1982 patres
1395 1917 1547 1970 con-6

69 1983 233 2039 scripti,
255 1984 368 2038 quod
405 2000 479 2026 vos
510 1985 632 2027 inviti
667 1986 799 2031 secuti
833 1984 1254 2035 estis‚·decreturum
1287 1983 1432 2034 fuisse,
1452 1993 1498 2025 ut
1513 1994 1560 2027 13

69 2040 304 2096 parentalia
325 2055 422 2082 cum
447 2043 830 2098 supplicationibus
851 2042 1156 2083 miscerentur?
1188 2050 1236 2081 ut
1256 2040 1499 2096 inexpiabi-

69 2097 128 2138 les
149 2098 376 2153 religiones
401 2099 441 2139 in
465 2099 772 2155 rempublicam
795 2099 1123 2140 inducerentur?
1154 2107 1202 2138 ut
1222 2097 1500 2138 decerneren-

69 2163 137 2195 tur
167 2157 206 2186 2²3
221 2155 554 2211 supplicationes
587 2159 881 2209 mortuorum?
922 2154 1030 2198 nihil
1060 2154 1172 2206 dico,
1195 2154 1280 2196 cui.
1351 2154 1500 2195 Fuerit

112 2320 149 2352 19
178 2318 363 2358 impendere
391 2319 598 2360 videbantur]
629 2321 758 2351 Servavi
843 2322 879 2351 21
905 2320 959 2359 qui
975 2319 1074 2350 Izocez'
1091 2317 1224 2358 diceret]
1251 2318 1304 2347 Sic
1326 2316 1409 2348 bene
1432 2316 1496 2347 Ms.

65 2360 150 2394 hanc
162 2359 351 2398 lectionem,
365 2362 442 2400 quia
456 2362 526 2393 haec
541 2363 581 2393 ad
596 2363 677 2393 illud
686 2365 758 2402 jam
802 2368 893 2392 vetus
908 2362 983 2392 Vat.
999 2371 1057 2402 pro
1080 2361 1214 2400 vulgato
1229 2360 1284 2400 qui
1298 2361 1330 2389 lz.
1346 2360 1497 2396 ediceret,

59 2401 269 2443 *praeteritum
289 2407 418 2444 tempus
442 2405 622 2444 pertinent,
645 2412 758 2443 estque
801 2404 887 2438 unde
911 2404 956 2434 sic
982 2404 1090 2444 plures
1114 2402 1253 2439 edidere,
1277 2402 1378 2432 etiam
1406 2400 1498 2432 Grae-

66 2445 112 2474 sic
133 2444 168 2474 in
190 2443 253 2474 Ms.
269 2444 332 2475 Gu.
357 2455 416 2476 nec
438 2452 567 2477 secutus
589 2456 660 2477 sum
684 2456 758 2476 cum
801 2446 882 2477 vius.

65 2486 194 2516 Graevio
215 2486 295 2516 alios
316 2487 471 2526 quosdam
493 2489 604 2526 libros,
622 2490 676 2528 qui
698 2489 754 2519 ha-
840 2490 880 2518 2⁶2
901 2487 970 2529 Qui
985 2487 1013 2518 si
1026 2487 1147 2526 scisset]
1172 2486 1351 2525 Nunquam
1366 2486 1422 2525 qui
1441 2495 1496 2515 ve·

64 2528 145 2558 bent
158 2527 328 2558 videntur:
351 2529 406 2560 sed
422 2540 498 2561 mox
511 2532 611 2562 etiam
626 2541 700 2562 cum
716 2540 755 2561 eo
797 2539 872 2561 rum
893 2530 1022 2570 putavi:
1047 2528 1127 2560 adeo
1150 2529 1247 2567 longe
1270 2528 1361 2558 abest
1381 2537 1400 2557 a
1422 2536 1494 2566 per·

63 2569 196 2605 sustuli,
224 2570 310 2609 quod
338 2577 372 2602 et
398 2582 418 2602 a
442 2572 506 2603 Gu.
533 2573 633 2605 abest.
678 2573 756 2603 Post
797 2580 887 2601 sonae
919 2571 1101 2608 mentione,
1130 2570 1367 2610 legendumque
1398 2569 1492 2607 quod,

64 2611 210 2642 Graevius
225 2611 314 2643 dedit
331 2613 429 2654 nujus
442 2618 554 2646 tamen
569 2625 644 2645 cum
660 2614 756 2645 Faer-
798 2612 892 2654 idque
908 2614 1027 2654 recepi,
1043 2614 1119 2652 quia
1140 2622 1207 2642 non
1230 2611 1326 2641 modo
1349 2611 1493 2640 Faernus

66 2663 110 2684 no
124 2658 158 2684 et
174 2653 316 2685 Mureto.
798 2656 832 2685 in
856 2655 918 2686 Ms.
933 2662 1041 2687 vetere
1061 2655 1195 2695 reperit,
1211 2653 1267 2684 sed
1280 2654 1381 2683 etiam
1396 2657 1446 2682 est
1459 2652 1495 2682 in

105 2698 146 2726 20
159 2695 269 2725 debere
283 2696 360 2736 esse]
378 2696 462 2727 Esse
475 2698 527 2728 vix
542 2697 637 2728 credo
651 2708 720 2728 esse
738 2708 757 2728 a
799 2697 910 2732 Guelf.
1108 2727 1111 2730 Α

65 2738 234 2770 Cicerone.
256 2736 396 2777 Quidam
413 2740 472 2770 viri
487 2740 574 2771 docti
589 2749 757 2770 correxere
841 2741 880 2770 23
911 2739 1158 2778 supplicationes
1192 2734 1407 2774 mortuorum]
1447 2744 1493 2765 sc.

61 2781 176 2811 etiam.
193 2778 305 2811 malim
320 2780 431 2812 deleri.
799 2790 858 2822 pro
886 2781 1038 2819 mortuis,
1059 2779 1144 2821 quod
1164 2784 1235 2810 erat
1256 2778 1372 2809 lenius.
1415 2776 1496 2818 Qui-

683 2828 818 2866 41¹3
