<?xml version="1.0" encoding="UTF-8"?>
<!DOCTYPE html PUBLIC "-//W3C//DTD XHTML 1.0 Transitional//EN"
    "http://www.w3.org/TR/xhtml1/DTD/xhtml1-transitional.dtd">
<html xmlns="http://www.w3.org/1999/xhtml" xml:lang="en" lang="en">
 <head>
  <title>
</title>
<meta http-equiv="Content-Type" content="text/html;charset=utf-8" />
  <meta name='ocr-system' content='tesseract 3.04.00' />
  <meta name='ocr-capabilities' content='ocr_page ocr_carea ocr_par ocr_line ocrx_word'/>
</head>
<body>
  <div class='ocr_page' id='page_1' title='image "./p2operaomnia02ciceuoft_0740.png"; bbox 0 0 1785 3185; ppageno 0'>
   <div class='ocr_carea' id='block_1_1' title="bbox 217 85 1229 128">
    <p class='ocr_par' dir='ltr' id='par_1_1' title="bbox 217 85 1229 128">
     <span class='ocr_line' id='line_1_1' title="bbox 217 85 1229 128; baseline 0 -3"><span class='ocrx_word' id='word_1_1' title='bbox 217 89 318 125; x_wconf 77' lang='lat'>1454</span> <span class='ocrx_word' id='word_1_2' title='bbox 640 85 1024 128; x_wconf 88' lang='lat' dir='ltr'><strong>ANTEQUAM</strong></span> <span class='ocrx_word' id='word_1_3' title='bbox 1067 86 1229 125; x_wconf 89' lang='lat' dir='ltr'>IRET</span> 
     </span>
    </p>
   </div>
   <div class='ocr_carea' id='block_1_2' title="bbox 158 188 1662 992">
    <p class='ocr_par' dir='ltr' id='par_1_2' title="bbox 171 188 1662 476">
     <span class='ocr_line' id='line_1_2' title="bbox 171 188 1658 249; baseline 0 -17"><span class='ocrx_word' id='word_1_4' title='bbox 171 198 333 232; x_wconf 84' lang='lat' dir='ltr'>b.ratus</span> <span class='ocrx_word' id='word_1_5' title='bbox 367 196 432 230; x_wconf 88' lang='lat' dir='ltr'>est</span> <span class='ocrx_word' id='word_1_6' title='bbox 465 188 620 230; x_wconf 83' lang='lat' dir='ltr'>dicere.</span> <span class='ocrx_word' id='word_1_7' title='bbox 683 189 726 230; x_wconf 92' lang='lat' dir='ltr'>Is</span> <span class='ocrx_word' id='word_1_8' title='bbox 747 191 920 232; x_wconf 91' lang='lat' dir='ltr'>demum</span> <span class='ocrx_word' id='word_1_9' title='bbox 953 191 1184 244; x_wconf 83' lang='lat' dir='ltr'>maledicit,</span> <span class='ocrx_word' id='word_1_10' title='bbox 1206 191 1389 247; x_wconf 87' lang='lat' dir='ltr'>quinon</span> <span class='ocrx_word' id='word_1_11' title='bbox 1420 199 1564 249; x_wconf 87' lang='lat' dir='ltr'>potest</span> <span class='ocrx_word' id='word_1_12' title='bbox 1587 205 1658 232; x_wconf 89' lang='lat' dir='ltr'>ve-</span> 
     </span>
     <span class='ocr_line' id='line_1_3' title="bbox 219 246 1660 300; baseline 0 -11"><span class='ocrx_word' id='word_1_13' title='bbox 219 260 312 289; x_wconf 89' lang='lat' dir='ltr'>rum</span> <span class='ocrx_word' id='word_1_14' title='bbox 336 247 390 287; x_wconf 85' lang='lat' dir='ltr'>ab</span> <span class='ocrx_word' id='word_1_15' title='bbox 424 246 556 287; x_wconf 90' lang='lat' dir='ltr'>altero</span> <span class='ocrx_word' id='word_1_16' title='bbox 579 246 739 288; x_wconf 89' lang='lat' dir='ltr'>audire.</span> <span class='ocrx_word' id='word_1_17' title='bbox 801 248 885 289; x_wconf 87' lang='lat' dir='ltr'>Sed</span> <span class='ocrx_word' id='word_1_18' title='bbox 910 259 954 289; x_wconf 84' lang='lat' dir='ltr'>tu</span> <span class='ocrx_word' id='word_1_19' title='bbox 985 249 1176 290; x_wconf 77' lang='lat' dir='ltr'>oninium</span> <span class='ocrx_word' id='word_1_20' title='bbox 1207 263 1450 291; x_wconf 86' lang='lat' dir='ltr'>mensarum</span> <span class='ocrx_word' id='word_1_21' title='bbox 1484 249 1660 300; x_wconf 81' lang='lat' dir='ltr'>assecla,</span> 
     </span>
     <span class='ocr_line' id='line_1_4' title="bbox 218 303 1662 363; baseline 0.001 -17"><span class='ocrx_word' id='word_1_22' title='bbox 218 304 414 346; x_wconf 88' lang='lat' dir='ltr'>omnium</span> <span class='ocrx_word' id='word_1_23' title='bbox 433 303 731 344; x_wconf 81' lang='lat' dir='ltr'>cubiculorum</span> <span class='ocrx_word' id='word_1_24' title='bbox 755 304 797 345; x_wconf 91' lang='lat' dir='ltr'>in</span> <span class='ocrx_word' id='word_1_25' title='bbox 824 306 962 361; x_wconf 85' lang='lat' dir='ltr'>prima</span> <span class='ocrx_word' id='word_1_26' title='bbox 983 315 1111 347; x_wconf 84' lang='lat' dir='ltr'>aetate</span> <span class='ocrx_word' id='word_1_27' title='bbox 1133 305 1288 363; x_wconf 79' lang='lat' dir='ltr'>pelleX,</span> <span class='ocrx_word' id='word_1_28' title='bbox 1307 316 1350 348; x_wconf 92' lang='lat' dir='ltr'>et</span> <span class='ocrx_word' id='word_1_29' title='bbox 1372 308 1484 349; x_wconf 89' lang='lat' dir='ltr'>idem</span> <span class='ocrx_word' id='word_1_30' title='bbox 1512 316 1662 363; x_wconf 84' lang='lat' dir='ltr'>postea</span> 
     </span>
     <span class='ocr_line' id='line_1_5' title="bbox 219 361 1658 418; baseline 0.002 -17"><span class='ocrx_word' id='word_1_31' title='bbox 219 361 399 411; x_wconf 80' lang='lat' dir='ltr'>adulter,</span> <span class='ocrx_word' id='word_1_32' title='bbox 422 361 562 401; x_wconf 87' lang='lat' dir='ltr'>omnis</span> <span class='ocrx_word' id='word_1_33' title='bbox 585 361 746 402; x_wconf 84' lang='lat' dir='ltr'>ordinis</span> <span class='ocrx_word' id='word_1_34' title='bbox 770 363 992 418; x_wconf 80' lang='lat' dir='ltr'>turpitudo</span> <span class='ocrx_word' id='word_1_35' title='bbox 1011 379 1069 414; x_wconf 85' lang='lat' dir='ltr'>es,</span> <span class='ocrx_word' id='word_1_36' title='bbox 1088 373 1132 404; x_wconf 85' lang='lat' dir='ltr'>et</span> <span class='ocrx_word' id='word_1_37' title='bbox 1153 362 1290 405; x_wconf 89' lang='lat' dir='ltr'>civilis</span> <span class='ocrx_word' id='word_1_38' title='bbox 1313 365 1412 406; x_wconf 90' lang='lat' dir='ltr'>belli</span> <span class='ocrx_word' id='word_1_39' title='bbox 1436 364 1658 405; x_wconf 86' lang='lat' dir='ltr'>memoria.</span> 
     </span>
     <span class='ocr_line' id='line_1_6' title="bbox 220 419 1658 476; baseline 0.001 -17"><span class='ocrx_word' id='word_1_40' title='bbox 220 419 339 465; x_wconf 85' lang='lat' dir='ltr'>Quid</span> <span class='ocrx_word' id='word_1_41' title='bbox 361 419 476 458; x_wconf 86' lang='lat' dir='ltr'>enirn</span> <span class='ocrx_word' id='word_1_42' title='bbox 499 419 670 473; x_wconf 78' lang='lat' dir='ltr'>gravius</span> <span class='ocrx_word' id='word_1_43' title='bbox 689 419 776 474; x_wconf 78' lang='lat' dir='ltr'>pati</span> <span class='ocrx_word' id='word_1_44' title='bbox 798 420 1032 476; x_wconf 85' lang='lat' dir='ltr'>potuimus,</span> <span class='ocrx_word' id='word_1_45' title='bbox 1050 434 1178 475; x_wconf 86' lang='lat' dir='ltr'>quam</span> <span class='ocrx_word' id='word_1_46' title='bbox 1196 421 1311 475; x_wconf 88' lang='lat' dir='ltr'>quod</span> <span class='ocrx_word' id='word_1_47' title='bbox 1337 430 1378 462; x_wconf 92' lang='lat' dir='ltr'>te</span> <span class='ocrx_word' id='word_1_48' title='bbox 1397 421 1658 463; x_wconf 87' lang='lat' dir='ltr'>incolumem</span> 
     </span>
    </p>

    <p class='ocr_par' dir='ltr' id='par_1_3' title="bbox 158 475 1659 992">
     <span class='ocr_line' id='line_1_7' title="bbox 158 475 1659 533; baseline 0.001 -17"><span class='ocrx_word' id='word_1_49' title='bbox 158 476 265 521; x_wconf 73' lang='lat' dir='ltr'>22in</span> <span class='ocrx_word' id='word_1_50' title='bbox 290 475 373 516; x_wconf 87' lang='lat' dir='ltr'>hoc</span> <span class='ocrx_word' id='word_1_51' title='bbox 395 475 543 516; x_wconf 84' lang='lat' dir='ltr'>ordine</span> <span class='ocrx_word' id='word_1_52' title='bbox 567 475 785 518; x_wconf 81' lang='lat' dir='ltr'>videmus?</span> <span class='ocrx_word' id='word_1_53' title='bbox 848 476 1008 518; x_wconf 79' lang='lat' dir='ltr'>Desine</span> <span class='ocrx_word' id='word_1_54' title='bbox 1032 478 1168 519; x_wconf 89' lang='lat' dir='ltr'>bonos</span> <span class='ocrx_word' id='word_1_55' title='bbox 1192 477 1534 533; x_wconf 78' lang='lat' dir='ltr'>petulantissima</span> <span class='ocrx_word' id='word_1_56' title='bbox 1555 492 1659 520; x_wconf 91' lang='lat' dir='ltr'>con-</span> 
     </span>
     <span class='ocr_line' id='line_1_8' title="bbox 222 533 1658 590; baseline 0.001 -16"><span class='ocrx_word' id='word_1_57' title='bbox 222 533 375 574; x_wconf 85' lang='lat' dir='ltr'>sectari</span> <span class='ocrx_word' id='word_1_58' title='bbox 407 533 581 588; x_wconf 81' lang='lat' dir='ltr'>lingua:</span> <span class='ocrx_word' id='word_1_59' title='bbox 621 533 767 573; x_wconf 84' lang='lat' dir='ltr'>desine</span> <span class='ocrx_word' id='word_1_60' title='bbox 789 535 942 575; x_wconf 88' lang='lat' dir='ltr'>morbo</span> <span class='ocrx_word' id='word_1_61' title='bbox 977 535 1252 590; x_wconf 84' lang='lat' dir='ltr'>procacitatis</span> <span class='ocrx_word' id='word_1_62' title='bbox 1282 535 1365 576; x_wconf 77' lang='lat' dir='ltr'>isto</span> <span class='ocrx_word' id='word_1_63' title='bbox 1389 536 1479 577; x_wconf 89' lang='lat' dir='ltr'>uti:</span> <span class='ocrx_word' id='word_1_64' title='bbox 1511 535 1658 577; x_wconf 82' lang='lat' dir='ltr'>desine</span> 
     </span>
     <span class='ocr_line' id='line_1_9' title="bbox 220 590 1657 644; baseline 0.001 -13"><span class='ocrx_word' id='word_1_65' title='bbox 220 603 573 644; x_wconf 81' lang='lat' dir='ltr'>unumquemque</span> <span class='ocrx_word' id='word_1_66' title='bbox 595 590 785 630; x_wconf 88' lang='lat' dir='ltr'>moribus</span> <span class='ocrx_word' id='word_1_67' title='bbox 803 592 886 631; x_wconf 85' lang='lat' dir='ltr'>tuis</span> <span class='ocrx_word' id='word_1_68' title='bbox 910 593 1138 633; x_wconf 57' lang='lat' dir='ltr'>aestimare.</span> <span class='ocrx_word' id='word_1_69' title='bbox 1171 592 1235 632; x_wconf 92' lang='lat' dir='ltr'>his</span> <span class='ocrx_word' id='word_1_70' title='bbox 1258 593 1451 633; x_wconf 87' lang='lat' dir='ltr'>moribus</span> <span class='ocrx_word' id='word_1_71' title='bbox 1470 593 1657 633; x_wconf 88' lang='lat' dir='ltr'>amicum</span> 
     </span>
     <span class='ocr_line' id='line_1_10' title="bbox 220 647 1658 702; baseline 0.001 -13"><span class='ocrx_word' id='word_1_72' title='bbox 220 648 299 689; x_wconf 88' lang='lat' dir='ltr'>tibi</span> <span class='ocrx_word' id='word_1_73' title='bbox 324 647 463 688; x_wconf 82' lang='lat' dir='ltr'>facere</span> <span class='ocrx_word' id='word_1_74' title='bbox 496 662 578 687; x_wconf 88' lang='lat' dir='ltr'>non</span> <span class='ocrx_word' id='word_1_75' title='bbox 604 656 749 702; x_wconf 85' lang='lat' dir='ltr'>potes:</span> <span class='ocrx_word' id='word_1_76' title='bbox 784 648 939 689; x_wconf 78' lang='lat' dir='ltr'>videris</span> <span class='ocrx_word' id='word_1_77' title='bbox 971 649 1076 690; x_wconf 85' lang='lat' dir='ltr'>velle</span> <span class='ocrx_word' id='word_1_78' title='bbox 1099 650 1323 690; x_wconf 86' lang='lat' dir='ltr'>inimicum</span> <span class='ocrx_word' id='word_1_79' title='bbox 1354 649 1526 690; x_wconf 89' lang='lat' dir='ltr'>habere.</span> <span class='ocrx_word' id='word_1_80' title='bbox 1588 649 1658 690; x_wconf 89' lang='lat' dir='ltr'>Fi-</span> 
     </span>
     <span class='ocr_line' id='line_1_11' title="bbox 218 704 1657 762; baseline 0 -16"><span class='ocrx_word' id='word_1_81' title='bbox 218 720 315 746; x_wconf 84' lang='lat' dir='ltr'>nem</span> <span class='ocrx_word' id='word_1_82' title='bbox 349 704 535 755; x_wconf 87' lang='lat' dir='ltr'>dicendi,</span> <span class='ocrx_word' id='word_1_83' title='bbox 559 715 698 759; x_wconf 83' lang='lat' dir='ltr'>patres</span> <span class='ocrx_word' id='word_1_84' title='bbox 730 705 980 762; x_wconf 87' lang='lat' dir='ltr'>conscripti,</span> <span class='ocrx_word' id='word_1_85' title='bbox 1003 706 1174 748; x_wconf 83' lang='lat' dir='ltr'>faciam.</span> <span class='ocrx_word' id='word_1_86' title='bbox 1207 720 1322 762; x_wconf 80' lang='lat' dir='ltr'>saepe</span> <span class='ocrx_word' id='word_1_87' title='bbox 1344 708 1458 747; x_wconf 89' lang='lat' dir='ltr'>enim</span> <span class='ocrx_word' id='word_1_88' title='bbox 1483 706 1657 762; x_wconf 80' lang='lat' dir='ltr'>gravius</span> 
     </span>
     <span class='ocr_line' id='line_1_12' title="bbox 219 761 1659 820; baseline 0 -17"><span class='ocrx_word' id='word_1_89' title='bbox 219 762 306 803; x_wconf 90' lang='lat' dir='ltr'>vidi</span> <span class='ocrx_word' id='word_1_90' title='bbox 342 761 558 802; x_wconf 84' lang='lat' dir='ltr'>offendere</span> <span class='ocrx_word' id='word_1_91' title='bbox 594 762 760 802; x_wconf 86' lang='lat' dir='ltr'>animos</span> <span class='ocrx_word' id='word_1_92' title='bbox 791 763 1051 814; x_wconf 85' lang='lat' dir='ltr'>auditorum,</span> <span class='ocrx_word' id='word_1_93' title='bbox 1081 779 1168 815; x_wconf 90' lang='lat' dir='ltr'>eos,</span> <span class='ocrx_word' id='word_1_94' title='bbox 1198 764 1271 818; x_wconf 88' lang='lat' dir='ltr'>qui</span> <span class='ocrx_word' id='word_1_95' title='bbox 1315 764 1452 805; x_wconf 84' lang='lat' dir='ltr'>aliena</span> <span class='ocrx_word' id='word_1_96' title='bbox 1491 763 1659 820; x_wconf 82' lang='lat' dir='ltr'>flagitia</span> 
     </span>
     <span class='ocr_line' id='line_1_13' title="bbox 219 819 1659 876; baseline 0.001 -16"><span class='ocrx_word' id='word_1_97' title='bbox 219 828 366 875; x_wconf 78' lang='lat' dir='ltr'>aperte</span> <span class='ocrx_word' id='word_1_98' title='bbox 393 819 611 869; x_wconf 84' lang='lat' dir='ltr'>dixerunt,</span> <span class='ocrx_word' id='word_1_99' title='bbox 644 832 774 874; x_wconf 82' lang='lat' dir='ltr'>quarn</span> <span class='ocrx_word' id='word_1_100' title='bbox 807 833 895 870; x_wconf 85' lang='lat' dir='ltr'>eOS,</span> <span class='ocrx_word' id='word_1_101' title='bbox 917 821 990 876; x_wconf 90' lang='lat' dir='ltr'>qui</span> <span class='ocrx_word' id='word_1_102' title='bbox 1026 821 1350 862; x_wconf 86' lang='lat' dir='ltr'>commiserunt.</span> <span class='ocrx_word' id='word_1_103' title='bbox 1413 821 1530 862; x_wconf 87' lang='lat' dir='ltr'>Mihi</span> <span class='ocrx_word' id='word_1_104' title='bbox 1563 821 1659 876; x_wconf 87' lang='lat' dir='ltr'>qui-</span> 
     </span>
     <span class='ocr_line' id='line_1_14' title="bbox 217 875 1658 933; baseline -0.001 -15"><span class='ocrx_word' id='word_1_105' title='bbox 217 877 314 918; x_wconf 88' lang='lat' dir='ltr'>dem</span> <span class='ocrx_word' id='word_1_106' title='bbox 339 876 448 916; x_wconf 85' lang='lat' dir='ltr'>ratio</span> <span class='ocrx_word' id='word_1_107' title='bbox 481 875 680 916; x_wconf 85' lang='lat' dir='ltr'>habenda</span> <span class='ocrx_word' id='word_1_108' title='bbox 709 884 789 927; x_wconf 85' lang='lat' dir='ltr'>est,</span> <span class='ocrx_word' id='word_1_109' title='bbox 813 892 897 918; x_wconf 92' lang='lat' dir='ltr'>non</span> <span class='ocrx_word' id='word_1_110' title='bbox 921 878 1024 933; x_wconf 86' lang='lat' dir='ltr'>quid</span> <span class='ocrx_word' id='word_1_111' title='bbox 1057 878 1282 919; x_wconf 79' lang='lat' dir='ltr'>Sallustius</span> <span class='ocrx_word' id='word_1_112' title='bbox 1315 879 1469 919; x_wconf 87' lang='lat' dir='ltr'>merito</span> <span class='ocrx_word' id='word_1_113' title='bbox 1502 878 1658 919; x_wconf 83' lang='lat' dir='ltr'>debeat</span> 
     </span>
     <span class='ocr_line' id='line_1_15' title="bbox 215 933 1599 992; baseline 0.001 -18"><span class='ocrx_word' id='word_1_114' title='bbox 215 933 377 984; x_wconf 82' lang='lat' dir='ltr'>audire,</span> <span class='ocrx_word' id='word_1_115' title='bbox 401 933 470 974; x_wconf 88' lang='lat' dir='ltr'>sed</span> <span class='ocrx_word' id='word_1_116' title='bbox 496 942 542 973; x_wconf 86' lang='lat' dir='ltr'>ut</span> <span class='ocrx_word' id='word_1_117' title='bbox 563 947 612 973; x_wconf 87' lang='lat' dir='ltr'>ea</span> <span class='ocrx_word' id='word_1_118' title='bbox 633 933 789 985; x_wconf 86' lang='lat' dir='ltr'>dicam,</span> <span class='ocrx_word' id='word_1_119' title='bbox 809 935 843 975; x_wconf 90' lang='lat' dir='ltr'>si</span> <span class='ocrx_word' id='word_1_120' title='bbox 866 950 951 990; x_wconf 89' lang='lat' dir='ltr'>qua</span> <span class='ocrx_word' id='word_1_121' title='bbox 972 949 1054 991; x_wconf 87' lang='lat' dir='ltr'>ego</span> <span class='ocrx_word' id='word_1_122' title='bbox 1066 935 1247 977; x_wconf 88' lang='lat' dir='ltr'>honeste</span> <span class='ocrx_word' id='word_1_123' title='bbox 1268 935 1388 976; x_wconf 85' lang='lat' dir='ltr'>effari</span> <span class='ocrx_word' id='word_1_124' title='bbox 1410 949 1599 992; x_wconf 88' lang='lat' dir='ltr'>possum.</span> 
     </span>
    </p>
   </div>
   <div class='ocr_carea' id='block_1_3' title="bbox 222 1043 1655 1062">
    <p class='ocr_par' dir='ltr' id='par_1_4' title="bbox 222 1043 1655 1062">
     <span class='ocr_line' id='line_1_16' title="bbox 222 1043 1655 1062; baseline 0 2123"><span class='ocrx_word' id='word_1_125' title='bbox 222 1043 1655 1062; x_wconf 95' lang='lat' dir='ltr'> </span> 
     </span>
    </p>
   </div>
   <div class='ocr_carea' id='block_1_4' title="bbox 599 1121 1285 1177">
    <p class='ocr_par' dir='ltr' id='par_1_5' title="bbox 599 1121 1285 1177">
     <span class='ocr_line' id='line_1_17' title="bbox 599 1121 1285 1177; baseline 0.006 -4"><span class='ocrx_word' id='word_1_126' title='bbox 599 1121 726 1174; x_wconf 88' lang='lat' dir='ltr'>AD</span> <span class='ocrx_word' id='word_1_127' title='bbox 786 1121 1285 1177; x_wconf 87' lang='lat' dir='ltr'>POPULUM</span> 
     </span>
    </p>
   </div>
   <div class='ocr_carea' id='block_1_5' title="bbox 906 1242 955 1266">
    <p class='ocr_par' dir='ltr' id='par_1_6' title="bbox 906 1242 955 1266">
     <span class='ocr_line' id='line_1_18' title="bbox 906 1242 955 1266; baseline 0.02 -1"><span class='ocrx_word' id='word_1_128' title='bbox 906 1242 925 1265; x_wconf 77' lang='lat' dir='ltr'>E</span> <span class='ocrx_word' id='word_1_129' title='bbox 932 1242 955 1266; x_wconf 87' lang='lat' dir='ltr'>T</span> 
     </span>
    </p>
   </div>
   <div class='ocr_carea' id='block_1_6' title="bbox 368 1326 1507 1404">
    <p class='ocr_par' dir='ltr' id='par_1_7' title="bbox 368 1326 1507 1404">
     <span class='ocr_line' id='line_1_19' title="bbox 368 1326 1507 1404; baseline -0.002 -12"><span class='ocrx_word' id='word_1_130' title='bbox 368 1326 1068 1404; x_wconf 58' lang='lat' dir='ltr'><strong>EQUITES</strong></span> <span class='ocrx_word' id='word_1_131' title='bbox 1174 1328 1507 1394; x_wconf 60' lang='grc' dir='ltr'>ΗΘΜ.</span> 
     </span>
    </p>
   </div>
   <div class='ocr_carea' id='block_1_7' title="bbox 451 1460 1418 1508">
    <p class='ocr_par' dir='ltr' id='par_1_8' title="bbox 451 1460 1418 1508">
     <span class='ocr_line' id='line_1_20' title="bbox 451 1460 1418 1508; baseline 0.001 -7"><span class='ocrx_word' id='word_1_132' title='bbox 451 1460 805 1508; x_wconf 84' lang='lat' dir='ltr'><strong>ANTEQUAM</strong></span> <span class='ocrx_word' id='word_1_133' title='bbox 842 1461 987 1503; x_wconf 77' lang='lat' dir='ltr'>IRET</span> <span class='ocrx_word' id='word_1_134' title='bbox 1020 1461 1086 1503; x_wconf 86' lang='lat' dir='ltr'>IN</span> <span class='ocrx_word' id='word_1_135' title='bbox 1121 1460 1418 1504; x_wconf 88' lang='lat' dir='ltr'><strong>EXILIUM.</strong></span> 
     </span>
    </p>
   </div>
   <div class='ocr_carea' id='block_1_8' title="bbox 734 1573 1044 1595">
    <p class='ocr_par' dir='ltr' id='par_1_9' title="bbox 734 1573 1044 1595">
     <span class='ocr_line' id='line_1_21' title="bbox 734 1573 1044 1595; baseline 0 1590"><span class='ocrx_word' id='word_1_136' title='bbox 734 1573 1044 1595; x_wconf 95' lang='lat' dir='ltr'> </span> 
     </span>
    </p>
   </div>
   <div class='ocr_carea' id='block_1_9' title="bbox 164 1649 1665 1842">
    <p class='ocr_par' dir='ltr' id='par_1_10' title="bbox 217 1649 1665 1701">
     <span class='ocr_line' id='line_1_22' title="bbox 217 1649 1665 1701; baseline 0.003 -17"><span class='ocrx_word' id='word_1_137' title='bbox 217 1649 304 1685; x_wconf 65' lang='lat' dir='ltr'>Herc</span> <span class='ocrx_word' id='word_1_138' title='bbox 329 1650 448 1685; x_wconf 82' lang='lat' dir='ltr'>oratio</span> <span class='ocrx_word' id='word_1_139' title='bbox 480 1653 530 1685; x_wconf 78' lang='lat' dir='ltr'>est</span> <span class='ocrx_word' id='word_1_140' title='bbox 562 1649 758 1697; x_wconf 75' lang='lat' dir='ltr'>inelegans,</span> <span class='ocrx_word' id='word_1_141' title='bbox 788 1650 1016 1691; x_wconf 71' lang='lat' dir='ltr'>inconcinna,</span> <span class='ocrx_word' id='word_1_142' title='bbox 1048 1649 1198 1691; x_wconf 79' lang='lat' dir='ltr'>insulsa,</span> <span class='ocrx_word' id='word_1_143' title='bbox 1219 1654 1330 1698; x_wconf 82' lang='lat' dir='ltr'>atque</span> <span class='ocrx_word' id='word_1_144' title='bbox 1354 1651 1491 1698; x_wconf 77' lang='lat' dir='ltr'>inepta,</span> <span class='ocrx_word' id='word_1_145' title='bbox 1511 1652 1665 1701; x_wconf 81' lang='lat' dir='ltr'>denique</span> 
     </span>
    </p>

    <p class='ocr_par' dir='ltr' id='par_1_11' title="bbox 164 1700 1663 1753">
     <span class='ocr_line' id='line_1_23' title="bbox 164 1700 1663 1753; baseline 0.002 -17"><span class='ocrx_word' id='word_1_146' title='bbox 164 1700 167 1703; x_wconf 77' lang='grc'><strong>’</strong></span> <span class='ocrx_word' id='word_1_147' title='bbox 266 1703 327 1737; x_wconf 75' lang='lat' dir='ltr'>vix</span> <span class='ocrx_word' id='word_1_148' title='bbox 345 1701 493 1737; x_wconf 82' lang='lat' dir='ltr'>Latina.</span> <span class='ocrx_word' id='word_1_149' title='bbox 552 1701 682 1749; x_wconf 74' lang='lat' dir='ltr'>Itaque</span> <span class='ocrx_word' id='word_1_150' title='bbox 701 1703 763 1749; x_wconf 67' lang='lat' dir='ltr'>qui</span> <span class='ocrx_word' id='word_1_151' title='bbox 781 1714 860 1737; x_wconf 81' lang='lat' dir='ltr'>eam</span> <span class='ocrx_word' id='word_1_152' title='bbox 881 1702 1044 1738; x_wconf 76' lang='lat' dir='ltr'>Ciceroni</span> <span class='ocrx_word' id='word_1_153' title='bbox 1061 1702 1282 1742; x_wconf 78' lang='lat' dir='ltr'>adscribunt,</span> <span class='ocrx_word' id='word_1_154' title='bbox 1302 1703 1426 1738; x_wconf 78' lang='lat' dir='ltr'>eadem</span> <span class='ocrx_word' id='word_1_155' title='bbox 1457 1715 1567 1753; x_wconf 82' lang='lat' dir='ltr'>opera</span> <span class='ocrx_word' id='word_1_156' title='bbox 1584 1708 1663 1753; x_wconf 68' lang='lat' dir='ltr'>regi</span> 
     </span>
    </p>

    <p class='ocr_par' dir='ltr' id='par_1_12' title="bbox 267 1754 1661 1842">
     <span class='ocr_line' id='line_1_24' title="bbox 267 1754 1661 1804; baseline 0.004 -15"><span class='ocrx_word' id='word_1_157' title='bbox 267 1755 380 1790; x_wconf 73' lang='lat' dir='ltr'>alicui</span> <span class='ocrx_word' id='word_1_158' title='bbox 408 1755 577 1802; x_wconf 75' lang='lat' dir='ltr'>opulento</span> <span class='ocrx_word' id='word_1_159' title='bbox 605 1758 737 1790; x_wconf 77' lang='lat' dir='ltr'>vestem</span> <span class='ocrx_word' id='word_1_160' title='bbox 767 1754 929 1802; x_wconf 74' lang='lat' dir='ltr'>aliquam</span> <span class='ocrx_word' id='word_1_161' title='bbox 955 1766 1073 1791; x_wconf 81' lang='lat' dir='ltr'>crasso</span> <span class='ocrx_word' id='word_1_162' title='bbox 1089 1754 1162 1804; x_wconf 85' lang='lat' dir='ltr'>filo</span> <span class='ocrx_word' id='word_1_163' title='bbox 1191 1756 1319 1791; x_wconf 76' lang='lat' dir='ltr'>tritam</span> <span class='ocrx_word' id='word_1_164' title='bbox 1338 1767 1380 1791; x_wconf 88' lang='lat' dir='ltr'>ac</span> <span class='ocrx_word' id='word_1_165' title='bbox 1401 1756 1559 1793; x_wconf 82' lang='lat' dir='ltr'>laceram</span> <span class='ocrx_word' id='word_1_166' title='bbox 1589 1760 1661 1794; x_wconf 78' lang='lat' dir='ltr'>cir-</span> 
     </span>
     <span class='ocr_line' id='line_1_25' title="bbox 270 1807 449 1842; baseline -0.011 0"><span class='ocrx_word' id='word_1_167' title='bbox 270 1807 449 1842; x_wconf 80' lang='lat' dir='ltr'>cumdent.</span> 
     </span>
    </p>
   </div>
   <div class='ocr_carea' id='block_1_10' title="bbox 179 1873 1666 2873">
    <p class='ocr_par' dir='ltr' id='par_1_13' title="bbox 179 1873 1666 2873">
     <span class='ocr_line' id='line_1_26' title="bbox 252 1877 262 1892; baseline 0 0"><span class='ocrx_word' id='word_1_168' title='bbox 252 1877 262 1892; x_wconf 63' lang='grc' dir='ltr'><strong>Ἰ</strong></span> 
     </span>
     <span class='ocr_line' id='line_1_27' title="bbox 179 1873 1662 1960; baseline 0.003 -19"><span class='ocrx_word' id='word_1_169' title='bbox 179 1886 202 1933; x_wconf 78' lang='lat' dir='ltr'>l</span> <span class='ocrx_word' id='word_1_170' title='bbox 225 1873 294 1942; x_wconf 51' lang='lat' dir='ltr'>SI</span> <span class='ocrx_word' id='word_1_171' title='bbox 322 1900 494 1956; x_wconf 85' lang='lat' dir='ltr'>quando</span> <span class='ocrx_word' id='word_1_172' title='bbox 519 1900 794 1942; x_wconf 86' lang='lat' dir='ltr'>inimicorum</span> <span class='ocrx_word' id='word_1_173' title='bbox 824 1900 1033 1956; x_wconf 88' lang='lat' dir='ltr'>impetum</span> <span class='ocrx_word' id='word_1_174' title='bbox 1069 1900 1317 1958; x_wconf 81' lang='lat' dir='ltr'>propulsare</span> <span class='ocrx_word' id='word_1_175' title='bbox 1349 1917 1399 1944; x_wconf 88' lang='lat' dir='ltr'>ac</span> <span class='ocrx_word' id='word_1_176' title='bbox 1424 1903 1662 1960; x_wconf 86' lang='lat' dir='ltr'>propellere</span> 
     </span>
     <span class='ocr_line' id='line_1_28' title="bbox 187 1958 1662 2014; baseline 0.003 -15"><span class='ocrx_word' id='word_1_177' title='bbox 187 1959 203 1992; x_wconf 92' lang='lat' dir='ltr'>l</span> <span class='ocrx_word' id='word_1_178' title='bbox 220 1959 415 2014; x_wconf 82' lang='lat' dir='ltr'>cupistis,</span> <span class='ocrx_word' id='word_1_179' title='bbox 437 1958 656 1999; x_wconf 85' lang='lat' dir='ltr'>defendite</span> <span class='ocrx_word' id='word_1_180' title='bbox 680 1973 795 2000; x_wconf 85' lang='lat' dir='ltr'>nunc</span> <span class='ocrx_word' id='word_1_181' title='bbox 817 1958 1003 1999; x_wconf 87' lang='lat' dir='ltr'>universi</span> <span class='ocrx_word' id='word_1_182' title='bbox 1029 1973 1177 2010; x_wconf 90' lang='lat' dir='ltr'>unum,</span> <span class='ocrx_word' id='word_1_183' title='bbox 1199 1960 1289 2014; x_wconf 88' lang='lat' dir='ltr'>qui,</span> <span class='ocrx_word' id='word_1_184' title='bbox 1312 1974 1364 2001; x_wconf 91' lang='lat' dir='ltr'>ne</span> <span class='ocrx_word' id='word_1_185' title='bbox 1386 1975 1535 2001; x_wconf 89' lang='lat' dir='ltr'>omnes</span> <span class='ocrx_word' id='word_1_186' title='bbox 1559 1976 1662 2003; x_wconf 81' lang='lat' dir='ltr'>con·</span> 
     </span>
     <span class='ocr_line' id='line_1_29' title="bbox 218 2016 1663 2075; baseline 0.002 -18"><span class='ocrx_word' id='word_1_187' title='bbox 218 2016 432 2066; x_wconf 84' lang='lat' dir='ltr'>cideretis,</span> <span class='ocrx_word' id='word_1_188' title='bbox 464 2016 700 2071; x_wconf 89' lang='lat' dir='ltr'>ardoreque</span> <span class='ocrx_word' id='word_1_189' title='bbox 732 2016 918 2056; x_wconf 83' lang='lat' dir='ltr'>fiammae</span> <span class='ocrx_word' id='word_1_190' title='bbox 941 2016 1281 2072; x_wconf 83' lang='lat' dir='ltr'>conflagraretis,</span> <span class='ocrx_word' id='word_1_191' title='bbox 1304 2017 1387 2058; x_wconf 91' lang='lat' dir='ltr'>mei</span> <span class='ocrx_word' id='word_1_192' title='bbox 1409 2018 1566 2074; x_wconf 88' lang='lat' dir='ltr'>capitis</span> <span class='ocrx_word' id='word_1_193' title='bbox 1588 2033 1663 2075; x_wconf 88' lang='lat' dir='ltr'>pe-</span> 
     </span>
     <span class='ocr_line' id='line_1_30' title="bbox 216 2073 1665 2132; baseline 0.003 -19"><span class='ocrx_word' id='word_1_194' title='bbox 216 2073 352 2114; x_wconf 88' lang='lat' dir='ltr'>riculo</span> <span class='ocrx_word' id='word_1_195' title='bbox 376 2087 461 2113; x_wconf 90' lang='lat' dir='ltr'>non</span> <span class='ocrx_word' id='word_1_196' title='bbox 493 2073 689 2114; x_wconf 86' lang='lat' dir='ltr'>dubitavi</span> <span class='ocrx_word' id='word_1_197' title='bbox 722 2073 960 2129; x_wconf 88' lang='lat' dir='ltr'>providere.</span> <span class='ocrx_word' id='word_1_198' title='bbox 1024 2073 1138 2114; x_wconf 82' lang='lat' dir='ltr'>Nam</span> <span class='ocrx_word' id='word_1_199' title='bbox 1169 2089 1294 2129; x_wconf 90' lang='lat' dir='ltr'>quem</span> <span class='ocrx_word' id='word_1_200' title='bbox 1321 2076 1494 2116; x_wconf 84' lang='lat' dir='ltr'>virtutis</span> <span class='ocrx_word' id='word_1_201' title='bbox 1524 2075 1665 2132; x_wconf 85' lang='lat' dir='ltr'>gloria</span> 
     </span>
     <span class='ocr_line' id='line_1_31' title="bbox 216 2130 1661 2184; baseline 0.002 -12"><span class='ocrx_word' id='word_1_202' title='bbox 216 2145 315 2172; x_wconf 85' lang='lat' dir='ltr'>cum</span> <span class='ocrx_word' id='word_1_203' title='bbox 347 2145 514 2171; x_wconf 85' lang='lat' dir='ltr'>summa</span> <span class='ocrx_word' id='word_1_204' title='bbox 547 2130 671 2171; x_wconf 86' lang='lat' dir='ltr'>laude</span> <span class='ocrx_word' id='word_1_205' title='bbox 701 2131 753 2171; x_wconf 89' lang='lat' dir='ltr'>ad</span> <span class='ocrx_word' id='word_1_206' title='bbox 786 2130 939 2172; x_wconf 82' lang='lat' dir='ltr'>caelum</span> <span class='ocrx_word' id='word_1_207' title='bbox 973 2131 1144 2184; x_wconf 81' lang='lat' dir='ltr'>extulit,</span> <span class='ocrx_word' id='word_1_208' title='bbox 1167 2132 1352 2173; x_wconf 87' lang='lat' dir='ltr'>eundem</span> <span class='ocrx_word' id='word_1_209' title='bbox 1384 2133 1661 2175; x_wconf 89' lang='lat' dir='ltr'>inimicorum</span> 
     </span>
     <span class='ocr_line' id='line_1_32' title="bbox 217 2188 1660 2246; baseline 0.003 -18"><span class='ocrx_word' id='word_1_210' title='bbox 217 2188 381 2229; x_wconf 85' lang='lat' dir='ltr'>invidia</span> <span class='ocrx_word' id='word_1_211' title='bbox 403 2188 703 2243; x_wconf 79' lang='lat' dir='ltr'>indignissime</span> <span class='ocrx_word' id='word_1_212' title='bbox 721 2202 974 2244; x_wconf 82' lang='lat' dir='ltr'>oppressum</span> <span class='ocrx_word' id='word_1_213' title='bbox 997 2188 1201 2245; x_wconf 84' lang='lat' dir='ltr'>deprimit</span> <span class='ocrx_word' id='word_1_214' title='bbox 1223 2189 1275 2230; x_wconf 87' lang='lat' dir='ltr'>ad</span> <span class='ocrx_word' id='word_1_215' title='bbox 1298 2190 1575 2246; x_wconf 89' lang='lat' dir='ltr'>supplicium.</span> <span class='ocrx_word' id='word_1_216' title='bbox 1615 2191 1660 2232; x_wconf 82' lang='lat' dir='ltr'>Si</span> 
     </span>
     <span class='ocr_line' id='line_1_33' title="bbox 216 2244 1664 2301; baseline 0.003 -16"><span class='ocrx_word' id='word_1_217' title='bbox 216 2244 399 2286; x_wconf 74' lang='lat' dir='ltr'>liberum</span> <span class='ocrx_word' id='word_1_218' title='bbox 433 2254 690 2301; x_wconf 78' lang='lat' dir='ltr'>conceptam</span> <span class='ocrx_word' id='word_1_219' title='bbox 713 2245 983 2286; x_wconf 87' lang='lat' dir='ltr'>dulcedinem</span> <span class='ocrx_word' id='word_1_220' title='bbox 1015 2247 1160 2287; x_wconf 87' lang='lat' dir='ltr'>animo</span> <span class='ocrx_word' id='word_1_221' title='bbox 1182 2246 1394 2295; x_wconf 71' lang='lat' dir='ltr'>inclusam,</span> <span class='ocrx_word' id='word_1_222' title='bbox 1413 2248 1664 2300; x_wconf 84' lang='lat' dir='ltr'>continetis,</span> 
     </span>
     <span class='ocr_line' id='line_1_34' title="bbox 219 2302 1663 2361; baseline 0.003 -19"><span class='ocrx_word' id='word_1_223' title='bbox 219 2303 353 2343; x_wconf 89' lang='lat' dir='ltr'>nolite</span> <span class='ocrx_word' id='word_1_224' title='bbox 386 2316 437 2342; x_wconf 90' lang='lat' dir='ltr'>eo</span> <span class='ocrx_word' id='word_1_225' title='bbox 472 2302 577 2343; x_wconf 82' lang='lat' dir='ltr'>velle</span> <span class='ocrx_word' id='word_1_226' title='bbox 607 2317 764 2354; x_wconf 84' lang='lat' dir='ltr'>carere,</span> <span class='ocrx_word' id='word_1_227' title='bbox 788 2304 861 2358; x_wconf 91' lang='lat' dir='ltr'>qui</span> <span class='ocrx_word' id='word_1_228' title='bbox 892 2303 1155 2344; x_wconf 82' lang='lat' dir='ltr'>carissimam</span> <span class='ocrx_word' id='word_1_229' title='bbox 1181 2313 1365 2345; x_wconf 86' lang='lat' dir='ltr'>vestram</span> <span class='ocrx_word' id='word_1_230' title='bbox 1399 2305 1663 2361; x_wconf 81' lang='lat' dir='ltr'>procreatio-</span> 
     </span>
     <span class='ocr_line' id='line_1_35' title="bbox 182 2359 1664 2414; baseline 0.003 -14"><span class='ocrx_word' id='word_1_231' title='bbox 182 2380 207 2414; x_wconf 78' lang='lat'><strong>2</strong></span> <span class='ocrx_word' id='word_1_232' title='bbox 222 2374 318 2400; x_wconf 89' lang='lat' dir='ltr'>nem</span> <span class='ocrx_word' id='word_1_233' title='bbox 351 2359 432 2400; x_wconf 87' lang='lat' dir='ltr'>sibi</span> <span class='ocrx_word' id='word_1_234' title='bbox 456 2374 546 2400; x_wconf 81' lang='lat' dir='ltr'>esse</span> <span class='ocrx_word' id='word_1_235' title='bbox 568 2359 709 2401; x_wconf 78' lang='lat' dir='ltr'>duxit.</span> <span class='ocrx_word' id='word_1_236' title='bbox 771 2360 848 2400; x_wconf 86' lang='lat' dir='ltr'>Est</span> <span class='ocrx_word' id='word_1_237' title='bbox 866 2362 980 2401; x_wconf 89' lang='lat' dir='ltr'>enim</span> <span class='ocrx_word' id='word_1_238' title='bbox 1005 2360 1177 2401; x_wconf 86' lang='lat' dir='ltr'>liberale</span> <span class='ocrx_word' id='word_1_239' title='bbox 1199 2361 1408 2413; x_wconf 88' lang='lat' dir='ltr'>officium,</span> <span class='ocrx_word' id='word_1_240' title='bbox 1430 2376 1568 2404; x_wconf 88' lang='lat' dir='ltr'>serere</span> <span class='ocrx_word' id='word_1_241' title='bbox 1590 2364 1664 2404; x_wconf 35' lang='lat' dir='ltr'>bes</span> 
     </span>
     <span class='ocr_line' id='line_1_36' title="bbox 219 2417 1663 2473; baseline 0.002 -15"><span class='ocrx_word' id='word_1_242' title='bbox 219 2417 439 2467; x_wconf 86' lang='lat' dir='ltr'>neficium‚</span> <span class='ocrx_word' id='word_1_243' title='bbox 462 2426 509 2457; x_wconf 88' lang='lat' dir='ltr'>ut</span> <span class='ocrx_word' id='word_1_244' title='bbox 532 2426 690 2458; x_wconf 84' lang='lat' dir='ltr'>metere</span> <span class='ocrx_word' id='word_1_245' title='bbox 714 2419 849 2473; x_wconf 88' lang='lat' dir='ltr'>possis</span> <span class='ocrx_word' id='word_1_246' title='bbox 880 2418 1085 2459; x_wconf 86' lang='lat' dir='ltr'>fructum.</span> <span class='ocrx_word' id='word_1_247' title='bbox 1147 2418 1268 2459; x_wconf 86' lang='lat' dir='ltr'>Fidei</span> <span class='ocrx_word' id='word_1_248' title='bbox 1291 2419 1512 2471; x_wconf 86' lang='lat' dir='ltr'>conducit,</span> <span class='ocrx_word' id='word_1_249' title='bbox 1535 2420 1578 2460; x_wconf 86' lang='lat' dir='ltr'>in</span> <span class='ocrx_word' id='word_1_250' title='bbox 1601 2420 1663 2461; x_wconf 95' lang='lat' dir='ltr'>lo-</span> 
     </span>
     <span class='ocr_line' id='line_1_37' title="bbox 218 2474 1663 2533; baseline 0.003 -18"><span class='ocrx_word' id='word_1_251' title='bbox 218 2490 286 2526; x_wconf 88' lang='lat' dir='ltr'>co,</span> <span class='ocrx_word' id='word_1_252' title='bbox 308 2474 505 2515; x_wconf 85' lang='lat' dir='ltr'>debitum</span> <span class='ocrx_word' id='word_1_253' title='bbox 535 2475 784 2516; x_wconf 84' lang='lat' dir='ltr'>retribuere.</span> <span class='ocrx_word' id='word_1_254' title='bbox 816 2474 902 2516; x_wconf 91' lang='lat' dir='ltr'>illic</span> <span class='ocrx_word' id='word_1_255' title='bbox 932 2475 1048 2516; x_wconf 90' lang='lat' dir='ltr'>enim</span> <span class='ocrx_word' id='word_1_256' title='bbox 1071 2475 1203 2516; x_wconf 80' lang='lat' dir='ltr'>animi</span> <span class='ocrx_word' id='word_1_257' title='bbox 1227 2476 1425 2518; x_wconf 86' lang='lat' dir='ltr'>voluntas</span> <span class='ocrx_word' id='word_1_258' title='bbox 1449 2491 1663 2533; x_wconf 86' lang='lat' dir='ltr'>propensa</span> 
     </span>
     <span class='ocr_line' id='line_1_38' title="bbox 217 2531 1664 2589; baseline 0.002 -16"><span class='ocrx_word' id='word_1_259' title='bbox 217 2532 550 2588; x_wconf 90' lang='lat' dir='ltr'>comprobatur:</span> <span class='ocrx_word' id='word_1_260' title='bbox 584 2531 654 2572; x_wconf 87' lang='lat' dir='ltr'>hic</span> <span class='ocrx_word' id='word_1_261' title='bbox 685 2532 891 2573; x_wconf 84' lang='lat' dir='ltr'>memoria</span> <span class='ocrx_word' id='word_1_262' title='bbox 922 2532 1203 2574; x_wconf 85' lang='lat' dir='ltr'>collaudatur.</span> <span class='ocrx_word' id='word_1_263' title='bbox 1264 2533 1432 2589; x_wconf 87' lang='lat' dir='ltr'>Itaque,</span> <span class='ocrx_word' id='word_1_264' title='bbox 1457 2535 1490 2575; x_wconf 88' lang='lat' dir='ltr'>si</span> <span class='ocrx_word' id='word_1_265' title='bbox 1522 2535 1664 2576; x_wconf 86' lang='lat' dir='ltr'>omni·</span> 
     </span>
     <span class='ocr_line' id='line_1_39' title="bbox 219 2589 1662 2645; baseline 0.002 -15"><span class='ocrx_word' id='word_1_266' title='bbox 219 2590 298 2630; x_wconf 91' lang='lat' dir='ltr'>bus</span> <span class='ocrx_word' id='word_1_267' title='bbox 321 2603 451 2645; x_wconf 83' lang='lat' dir='ltr'>grave</span> <span class='ocrx_word' id='word_1_268' title='bbox 473 2589 691 2630; x_wconf 80' lang='lat' dir='ltr'>servitutis</span> <span class='ocrx_word' id='word_1_269' title='bbox 706 2589 864 2645; x_wconf 83' lang='lat' dir='ltr'>jugum</span> <span class='ocrx_word' id='word_1_270' title='bbox 889 2604 980 2631; x_wconf 74' lang='lat' dir='ltr'>esse</span> <span class='ocrx_word' id='word_1_271' title='bbox 1002 2590 1131 2631; x_wconf 89' lang='lat' dir='ltr'>debet</span> <span class='ocrx_word' id='word_1_272' title='bbox 1152 2591 1196 2632; x_wconf 90' lang='lat' dir='ltr'>in</span> <span class='ocrx_word' id='word_1_273' title='bbox 1219 2589 1418 2632; x_wconf 86' lang='lat' dir='ltr'>libertate</span> <span class='ocrx_word' id='word_1_274' title='bbox 1440 2591 1662 2634; x_wconf 84' lang='lat' dir='ltr'>educatis:</span> 
     </span>
     <span class='ocr_line' id='line_1_40' title="bbox 219 2647 1664 2705; baseline 0.003 -19"><span class='ocrx_word' id='word_1_275' title='bbox 219 2647 275 2687; x_wconf 83' lang='lat' dir='ltr'>sit</span> <span class='ocrx_word' id='word_1_276' title='bbox 295 2647 328 2686; x_wconf 86' lang='lat' dir='ltr'>is</span> <span class='ocrx_word' id='word_1_277' title='bbox 354 2647 502 2687; x_wconf 85' lang='lat' dir='ltr'>vestris</span> <span class='ocrx_word' id='word_1_278' title='bbox 525 2647 678 2687; x_wconf 78' lang='lat' dir='ltr'>animis</span> <span class='ocrx_word' id='word_1_279' title='bbox 711 2647 1051 2702; x_wconf 85' lang='lat' dir='ltr'>acceptissimus,</span> <span class='ocrx_word' id='word_1_280' title='bbox 1073 2648 1147 2703; x_wconf 90' lang='lat' dir='ltr'>qui</span> <span class='ocrx_word' id='word_1_281' title='bbox 1170 2663 1196 2688; x_wconf 88' lang='lat' dir='ltr'>a</span> <span class='ocrx_word' id='word_1_282' title='bbox 1217 2657 1360 2690; x_wconf 82' lang='lat' dir='ltr'>vestro</span> <span class='ocrx_word' id='word_1_283' title='bbox 1392 2663 1574 2704; x_wconf 88' lang='lat' dir='ltr'>corpore</span> <span class='ocrx_word' id='word_1_284' title='bbox 1589 2649 1664 2705; x_wconf 86' lang='lat' dir='ltr'>ju-</span> 
     </span>
     <span class='ocr_line' id='line_1_41' title="bbox 181 2703 1663 2761; baseline 0.003 -18"><span class='ocrx_word' id='word_1_285' title='bbox 181 2717 204 2751; x_wconf 77' lang='lat'>3</span> <span class='ocrx_word' id='word_1_286' title='bbox 221 2717 323 2758; x_wconf 68' lang='lat' dir='ltr'>gum</span> <span class='ocrx_word' id='word_1_287' title='bbox 345 2703 669 2744; x_wconf 86' lang='lat' dir='ltr'>acerbissimum</span> <span class='ocrx_word' id='word_1_288' title='bbox 689 2704 846 2760; x_wconf 88' lang='lat' dir='ltr'>repulit</span> <span class='ocrx_word' id='word_1_289' title='bbox 875 2704 1107 2746; x_wconf 83' lang='lat' dir='ltr'>servitutis.</span> <span class='ocrx_word' id='word_1_290' title='bbox 1169 2704 1239 2756; x_wconf 87' lang='lat' dir='ltr'>Et,</span> <span class='ocrx_word' id='word_1_291' title='bbox 1267 2705 1301 2746; x_wconf 88' lang='lat' dir='ltr'>si</span> <span class='ocrx_word' id='word_1_292' title='bbox 1325 2706 1509 2761; x_wconf 86' lang='lat' dir='ltr'>majores</span> <span class='ocrx_word' id='word_1_293' title='bbox 1532 2706 1663 2747; x_wconf 86' lang='lat' dir='ltr'>vestri</span> 
     </span>
     <span class='ocr_line' id='line_1_42' title="bbox 219 2757 1664 2819; baseline 0.002 -18"><span class='ocrx_word' id='word_1_294' title='bbox 219 2757 292 2802; x_wconf 83' lang='lat' dir='ltr'>cos</span> <span class='ocrx_word' id='word_1_295' title='bbox 324 2760 620 2816; x_wconf 82' lang='lat' dir='ltr'>imperatores,</span> <span class='ocrx_word' id='word_1_296' title='bbox 643 2761 718 2816; x_wconf 56' lang='lat' dir='ltr'>qui&gt;</span> <span class='ocrx_word' id='word_1_297' title='bbox 740 2761 926 2803; x_wconf 82' lang='lat' dir='ltr'>militum</span> <span class='ocrx_word' id='word_1_298' title='bbox 950 2762 1110 2803; x_wconf 63' lang='lat' dir='ltr'>virtute</span> <span class='ocrx_word' id='word_1_299' title='bbox 1139 2761 1329 2804; x_wconf 84' lang='lat' dir='ltr'>hostium</span> <span class='ocrx_word' id='word_1_300' title='bbox 1353 2762 1576 2819; x_wconf 86' lang='lat' dir='ltr'>fregerunt</span> <span class='ocrx_word' id='word_1_301' title='bbox 1597 2763 1664 2804; x_wconf 90' lang='lat' dir='ltr'>fu-</span> 
     </span>
     <span class='ocr_line' id='line_1_43' title="bbox 219 2817 1666 2873; baseline 0.003 -14"><span class='ocrx_word' id='word_1_302' title='bbox 219 2832 373 2870; x_wconf 88' lang='lat' dir='ltr'>rorem,</span> <span class='ocrx_word' id='word_1_303' title='bbox 396 2818 717 2873; x_wconf 80' lang='lat' dir='ltr'>jucundissimo</span> <span class='ocrx_word' id='word_1_304' title='bbox 747 2817 891 2861; x_wconf 87' lang='lat' dir='ltr'>fructu</span> <span class='ocrx_word' id='word_1_305' title='bbox 921 2819 1133 2861; x_wconf 82' lang='lat' dir='ltr'>libertatis</span> <span class='ocrx_word' id='word_1_306' title='bbox 1160 2819 1454 2873; x_wconf 83' lang='lat' dir='ltr'>reconciliato,</span> <span class='ocrx_word' id='word_1_307' title='bbox 1477 2835 1563 2862; x_wconf 90' lang='lat' dir='ltr'>non</span> <span class='ocrx_word' id='word_1_308' title='bbox 1598 2835 1666 2863; x_wconf 85' lang='lat' dir='ltr'>so·</span> 
     </span>
    </p>
   </div>
  </div>
 </body>
</html>
