1785 3185
463 109 811 149 PHILIPPICA
836 109 1126 148 SECUNDA.
1415 114 1514 154 1287

90 214 287 270 Pompeii
318 213 441 255 liberi
476 214 662 270 primum
695 213 880 268 patriam
912 213 1101 267 1epeteb
1091 221 1178 253 int
1221 221 1337 254 esto:
1384 212 1515 255 fuerit

87 271 182 312 haec
197 271 387 326 —paitium
409 286 536 312 causa
550 270 807 312 communis
840 268 1114 323 Repetebant
1132 281 1338 324 practerea
1357 273 1398 301 45
1411 271 1513 312 deos

86 327 261 384 patriOS,
283 341 391 377 aras,
414 328 550 378 focos,
578 327 708 368 larem
740 340 862 367 suum
885 324 1240 376 familiarem31n
1261 341 1358 380 quae
1381 336 1425 367 tu
1450 328 1516 367 in-

88 398 268 425 vaseras.
329 382 441 426 Haec
461 399 560 425 cum
584 393 826 439 repeterent
847 382 975 423 armis
998 382 1043 432 ii,
1065 358 1247 436 quoium
1270 393 1390 423 erant
1409 383 1516 439 legi-

88 442 192 482 bus:
243 441 321 481 etsi
366 441 406 481 in
447 441 572 482 rebus
611 440 889 496 iniquissimis
928 438 1031 493 quid
1070 447 1212 494 potest
1247 453 1338 479 esse
1374 441 1516 494 aequi?

85 498 128 528 46
141 508 284 539 tamen
312 507 402 539 erat
425 498 731 553 aequissimum,
761 506 911 539 contla
933 495 1015 536 Cn.
1041 495 1238 550 Pompeii
1257 496 1413 536 liberos
1432 497 1515 537 Cn.

88 553 284 610 Pompeii
310 570 501 612 pu‹rnare
520 565 575 606 te,
598 565 821 597 sector.em
852 552 921 594 An
942 561 987 594 tu
1008 552 1214 593 Narbone
1232 567 1397 593 mensas
1419 554 1515 594 bos·
1526 570 1577 607 76

86 611 227 667 pitum
249 626 541 663 convomeres,
568 611 791 653 Dolabella
812 625 888 667 pro
909 619 950 651 te
970 610 1013 651 in
1033 609 1246 665 Hispania
1266 610 1516 652 dimicaret?

142 670 183 702 47
199 669 287 716 Qui
307 683 407 710 vero
430 669 635 710 Narbone
657 668 844 710 reditus?
866 676 908 709 et
925 677 1067 708 tamen
1083 667 1319 722 quaelebat‚
1341 682 1417 708 cur
1433 681 1516 723 ego

85 738 141 765 ex
176 725 269 781 ipso
307 741 433 768 cursu
465 736 551 767 tam
589 726 732 767 subito
771 740 842 766 rev
846 724 1052 765 ertissem.
1126 723 1320 788 Exposui
1367 739 1519 780 nuper,

89 790 232 836 patres
266 783 516 844 conscripti,
553 797 723 823 causam
759 782 919 822 reditus
952 781 1051 822 mei.
1093 781 1224 832 volui,
1264 796 1295 821 5]
1332 795 1518 837 possem,

89 838 220 880 etiam
238 850 337 880 ante
361 839 575 881 Kalendas
596 839 696 882 Jan.
719 839 920 901 prodesse
942 838 1206 894 reipublicae.
1250 838 1380 890 Nam,
1402 839 1563 893 quodp.
1586 849 1619 880 ιτ

89 896 327 950 quaerebas,
348 897 565 951 quomodo
595 897 820 937 redissem.
853 910 917 950 pri
909 909 1040 936 mum
1065 895 1174 945 luce,
1196 910 1282 935 non
1306 896 1549 938 tenebris:a

90 953 245 994 deinde
266 968 362 994 cum
385 953 538 994 calceis
559 962 602 994 et
624 964 741 1008 toga,
764 952 889 993 nullis
911 967 990 994 nec
1012 952 1206 1002 Gallicis,
1238 967 1316 993 nec
1338 952 1521 994 lacerna.

89 1009 152 1050 At
172 1010 302 1050 etiam
320 1010 505 1066 adspicis
524 1025 607 1061 me,
629 1022 671 1052 et
674 987 878 1073 unidem,
902 1020 950 1051 ut
971 1009 1142 1061 xitleris,
1160 1010 1310 1050 iratus.
1369 1010 1452 1051 Nae
1477 1020 1524 1050 tu

84 1066 179 1130 jam
195 1081 364 1108 meeum
387 1082 431 1109 in
454 1068 637 1124 gratiam
658 1067 820 1118 redeas,
844 1067 877 1107 si
896 1067 1019 1118 scias,
1035 1081 1164 1122 quam
1179 1080 1249 1107 me
1271 1066 1444 1131 pudeat·
1450 1081 1526 1107 ne-

91 1123 242 1178 quitiae
261 1134 363 1174 tuae,
386 1125 509 1180 cujus
532 1134 573 1166 te
595 1126 735 1181 ipsum
758 1139 845 1165 non
862 1124 1010 1180 pudet.
1031 1138 1085 1164 ex
1106 1124 1307 1164 omnibus
1329 1124 1526 1166 omnium

91 1181 270 1236 flagitiis
292 1181 455 1223 nullum
479 1182 644 1238 turpius
670 1181 772 1232 vidi,
795 1180 957 1222 nullum
979 1180 1139 1222 auditi.
1171 1181 1243 1236 qui
1267 1183 1307 1212 43
1321 1182 1527 1237 magister

91 1238 286 1294 equitum
317 1238 447 1280 fuisse
480 1239 560 1280 tibi
584 1239 787 1290 viderere,
820 1238 863 1279 in
894 1238 1142 1293 proximum
1174 1253 1331 1278 annum
1363 1242 1404 1272 49
1422 1252 1526 1279 con-

95 1294 279 1336 sulatum
310 1308 491 1352 peteres,
515 1296 581 1337 vel
610 1297 753 1352 potius
785 1310 982 1352 1·oga1es;
1015 1295 1049 1335 is
1082 1309 1156 1351 per
1186 1295 1424 1351 municipia
1453 1310 1528 1337 co-

94 1351 315 1408 loniasque
332 1352 502 1401 Galliae,
523 1368 548 1394 a
569 1369 653 1409 qua
672 1368 748 1394 nos
772 1366 878 1403 tum,
898 1367 995 1393 cum
1019 1352 1265 1393 consulatus
1286 1353 1527 1408 petebatur,

94 1424 182 1450 non
206 1411 452 1466 rogabatur,
484 1419 627 1474 petere
649 1410 917 1451 consulatum
946 1409 1202 1460 solebamus,
1221 1424 1320 1450 cum
1348 1409 1526 1451 Gallicis

94 1476 139 1506 et
161 1445 330 1508 lacerna
350 1468 590 1509 cucurristi.
629 1471 670 1499 50
684 1468 745 1509 At
768 1467 908 1508 videte
927 1466 1142 1508 levitatem
1166 1466 1369 1507 hominis.
1413 1466 1523 1507 Cum
1538 1476 1620 1523 31

94 1523 201 1565 hora
230 1524 314 1565 diei
348 1524 515 1565 decima
544 1524 632 1566 fere
661 1523 713 1566 ad
748 1524 863 1565 Saxa
891 1524 1021 1565 rubra
1052 1524 1250 1574 venisset,
1281 1524 1491 1565 delituit
1482 1539 1523 1564 in
1538 1548 1588 1587 77-

94 1581 277 1635 quadam
296 1597 331 1622 c·
324 1582 551 1637 tuponula,
574 1592 702 1637 atque
720 1582 778 1623 ibi
798 1596 841 1621 se
863 1581 1098 1632 occultans,
1118 1581 1365 1637 perpotavit
1386 1582 1435 1622 ad
1456 1596 1528 1622 ve-

95 1652 293 1701 spetum3
317 1639 414 1679 inde
436 1653 542 1680 elsio
565 1639 758 1680 celeriter
778 1638 831 1679 ad
857 1639 1004 1679 urbem
1026 1639 1246 1689 advectus,
1263 1638 1441 1678 domum
1459 1653 1531 1679 ve-

94 1695 161 1734 nit
182 1695 323 1750 eapite
342 1695 552 1737 involuto.
599 1696 787 1746 Janitor,
811 1696 920 1742 Quis
944 1698 1017 1737 tu?
1049 1711 1074 1736 a
1092 1695 1247 1736 Marco
1271 1695 1532 1736 tabellarius.

99 1751 342 1793 Confestim
373 1753 425 1793 ad
456 1767 565 1804 eam,
595 1753 718 1808 cujus
748 1768 876 1794 causa
906 1762 1093 1804 venerat,
1126 1753 1376 1794 deducitur:
1408 1753 1533 1808 eique

96 1808 324 1864 epistolam
357 1810 501 1850 tradit.
534 1825 663 1865 quam
696 1826 794 1851 cum
830 1809 901 1850 illa
933 1810 1094 1865 legeret
1126 1810 1247 1860 flens,
1278 1814 1387 1862 (erat
1417 1811 1534 1851 enim

98 1865 305 1906 amatorie
326 1867 508 1922 selipta:
540 1877 671 1922 caput
691 1878 835 1908 autem
859 1866 1112 1918 litterarum,
1136 1867 1218 1907 sibi
1241 1881 1339 1907 cum
1363 1867 1434 1908 illa
1452 1867 1535 1907 mi-

98 1937 172 1963 ma
193 1923 373 1979 posthac
394 1924 502 1964 nibil
529 1924 746 1966 futurum:
779 1928 816 1955 ⁵1
838 1938 1009 1965 omnem
1035 1939 1078 1964 se
1103 1938 1291 1966 amorem
1324 1923 1533 1979 abjecisse

104 1978 237 2040 illinc,
260 1988 388 2038 atque
420 1980 464 2021 in
486 1980 598 2022 hanc
623 1981 923 2023 transfudisse·
916 1984 945 2031 :)
977 1996 1075 2023 cum
1101 1982 1251 2022 mulier
1278 1981 1400 2023 fleret
1429 1983 1535 2023 ube-

96 2119 183 2159 quod
201 2129 292 2150 secus
313 2124 364 2150 est
387 2120 421 2150 in
449 2120 564 2151 ceteris
586 2120 794 2157 lectionibus,

99 2163 170 2202 qui-5
184 2172 260 2198 esse,
275 2166 332 2192 aut
347 2163 427 2201 quid
443 2173 475 2193 es
495 2174 512 2192 e
538 2162 603 2193 Ms.
618 2163 696 2193 Var.
710 2165 795 2202 quod

99 2208 134 2234 et
150 2205 297 2234 Graevius
317 2204 429 2234 edidit.
472 2204 594 2235 Nostra
621 2204 721 2234 lectio
746 2213 795 2237 est

97 2246 132 2276 in
150 2246 309 2286 plerisque
324 2247 465 2286 seriptis,
481 2247 581 2277 etiam
597 2247 704 2277 Guelf.

141 2291 183 2319 45
205 2289 288 2324 deos,
309 2293 446 2328 penates
464 2289 607 2329 patrios]
641 2289 705 2319 Hic
730 2299 797 2320 una

101 2340 164 2360 vox
178 2330 323 2361 abundat
338 2335 372 2360 et
385 2331 437 2360 vel
447 2335 584 2371 penates
598 2331 648 2361 vel
668 2333 797 2371 patrios

100 2371 289 2403 delendum.
333 2372 420 2412 Quia
450 2377 588 2413 penates
626 2383 695 2404 non
734 2374 797 2404 fuit

101 2415 136 2444 in
153 2415 217 2445 Ms.
233 2415 308 2445 Vat.
332 2415 364 2444 id
390 2414 504 2446 delevi.
550 2416 794 2455 Interpretandi

100 2466 214 2487 caussa
229 2456 376 2487 additum
392 2457 520 2488 videtur
541 2459 581 2489 ab
595 2458 704 2496 initio,
722 2464 805 2498 post*

103 2498 138 2528 in
153 2504 282 2530 textum
297 2499 434 2530 venisse.

142 2541 185 2571 46
206 2545 317 2571 tamen
342 2546 417 2572 erat
443 2551 498 2581 (eq.
508 2547 598 2579 —te‚
625 2543 792 2582 sectorem]

102 2581 238 2613 Retinui
253 2583 428 2614 lectionem
441 2584 624 2624 tulgatani,
637 2586 697 2616 nisi
709 2586 795 2625 quod

102 2625 138 2654 in
157 2630 306 2655 extremo
320 2635 338 2655 e
354 2626 417 2656 Ms.
436 2626 498 2656 Gu.
499 2606 628 2658 ”addidi
645 2633 686 2658 te.
731 2628 795 2659 Μ.

100 2670 213 2697 autem
229 2667 256 2697 V
259 2672 305 2697 at.
321 2666 453 2698 habuit
447 2692 454 2698 .
477 2673 600 2705 tamen,
615 2680 708 2709 quem
724 2675 797 2701 enat

102 2709 455 2749 aequissimum—quem
465 2711 482 2740 ,7
503 2715 534 2741 te
544 2716 695 2743 sectorem
700 2735 710 2750 ,
724 2722 798 2751 quse

101 2759 250 2791 recepere
278 2751 428 2782 Muretus
456 2756 489 2783 et
519 2753 675 2785 Graevius.
732 2754 795 2785 Sed

101 2800 171 2822 non
199 2802 315 2832 negem
343 2793 424 2824 mihi
449 2794 512 2825 hoc
538 2797 686 2835 argutius
712 2806 793 2833 esse,

100 2844 199 2872 quam
221 2844 282 2875 pro
304 2845 349 2867 re.
392 2836 458 2868 Alii
479 2842 594 2869 tamen
615 2847 674 2870 suo
699 2848 796 2871 sensu

94 2875 303 2915 judicabunt.

879 2124 920 2155 47
937 2121 1006 2162 Qui
1020 2132 1050 2152 v.
1063 2121 1112 2152 N.
1120 2122 1246 2152 reditus
1256 2121 1287 2161 .‹'']
1304 2122 1434 2163 Nempe
1442 2122 1533 2160 taliS,

837 2164 941 2202 qualis
951 2163 1125 2194 Brundisio
1134 2165 1287 2200 Romam,
1300 2164 1339 2194 de
1350 2174 1415 2199 quo
1423 2175 1533 2205 supra.

838 2205 901 2235 Pro
925 2211 955 2237 ee
980 2211 1092 2238 tumen,
1121 2217 1175 2246 qu.
1203 2206 1321 2236 volunt
1341 2206 1410 2243 alii,
1430 2208 1464 2237 in
1484 2207 1533 2237 bis

837 2247 983 2279 Graerius
1011 2259 1028 2279 e
1050 2249 1115 2280 Ms.
1136 2250 1213 2280 Vat.
1239 2250 1339 2279 etiam
1357 2250 1533 2288 quoerebat.

839 2290 986 2321 Graevius
1012 2295 1125 2322 autem
1151 2291 1364 2330 conjiciebat:
1403 2296 1434 2322 et
1452 2291 1533 2331 jam

839 2334 1012 2371 quarebas.
1071 2333 1103 2363 Si
1132 2334 1246 2364 Cicero
1282 2334 1382 2363 eciam
1410 2334 1444 2363 in
1471 2333 1533 2364 hac

839 2374 946 2406 forma
965 2375 1014 2406 uti
1029 2375 1198 2411 voluisset,
1221 2375 1363 2410 dixisset,
1378 2381 1418 2406 ut
1431 2376 1529 2407 alibi:

837 2417 942 2457 Atque
953 2419 982 2448 is
997 2418 1078 2448 mihi
1093 2419 1192 2455 etiam
1208 2418 1380 2457 qum-ebat.

879 2461 919 2490 43
943 2470 1035 2498 mag.
1051 2458 1194 2499 &flasse
1207 2464 1230 2489 t.
1245 2459 1404 2498 viderere]
1430 2459 1531 2489 Nem-

838 2511 878 2542 pe
890 2501 1055 2533 dictatura
1069 2502 1205 2532 Caesaris
1219 2511 1286 2532 non
1298 2507 1369 2532 erat
1383 2502 1531 2540 legitima

839 2550 874 2574 et
890 2554 984 2575 vera:
1008 2554 1085 2584 ergo
1109 2553 1169 2575 nec
1193 2545 1420 2584 magisterium
1441 2544 1532 2582 equi-

836 2592 923 2616 tum.

879 2631 921 2662 49
951 2629 1155 2658 consulatum
1178 2633 1316 2668 peteres,
1346 2628 1399 2657 vel
1419 2629 1532 2668 potius

839 2670 988 2710 wgares]
1013 2681 1046 2701 ν.
1062 2670 1153 2701 Clav.
1167 2671 1202 2700 in
1217 2679 1347 2708 rogare.

884 2715 924 2743 50
956 2713 1002 2743 Ac
1032 2713 1138 2742 videte
1174 2713 1337 2742 levitatem
1378 2711 1529 2751 hominis]

836 2753 952 2785 Addidi
981 2756 1132 2790 hominis,
1158 2754 1244 2794 quod
1271 2754 1306 2784 in
1333 2754 1396 2783 Ms.
1424 2753 1532 2785 Vatic.

837 2796 984 2833 extabat,
1013 2797 1095 2826 item
1121 2795 1161 2826 L.
1219 2796 1343 2826 Firmat
1374 2801 1534 2836 perpetua

838 2838 1040 2869 consuetudo
1055 2838 1221 2869 Ciceronis
1235 2838 1270 2869 in
1282 2837 1345 2869 hac
1360 2837 1476 2868 forma.

882 2882 918 2911 51
956 2889 1082 2911 omnem
1110 2891 1134 2910 s.
1169 2890 1201 2912 a.
1241 2879 1393 2922 abjecisse
1424 2878 1531 2920 illine]
