1812 3147
384 109 489 148 PRO
516 107 672 148 DOMO
699 107 800 147 SUA
826 108 900 146 AD
927 108 1130 147 PONTIF.
1402 111 1478 148 885

43 214 340 258 manubiarum
381 228 472 255 esse
512 213 699 264 voluisti,
728 221 776 253 ut
807 211 915 268 ejus,
944 212 1015 266 qui
1061 209 1301 267 perniciosa
1337 212 1479 268 reipu-

45 272 168 314 blicae
200 271 378 312 consilia
407 271 604 327 cepisset,
630 270 768 310 omnis
798 269 1006 310 memoria
1037 267 1228 308 funditus
1260 282 1314 308 ex
1346 269 1481 309 oculis

42 328 267 370 hominum
302 343 350 369 ac
382 328 596 368 inentibus
628 326 859 367 tolleretur.
922 325 1022 367 Hoc
1054 326 1086 364 si
1117 325 1212 379 quis
1245 324 1322 364 tibi
1346 326 1482 365 aedifi-

43 386 159 427 canti
196 385 308 425 illam
352 385 564 441 porticum
595 384 823 434 94diceret,
854 382 946 423 fore
981 391 1164 437 tempus,
1195 396 1293 422 cum
1334 381 1366 420 is
1412 382 1483 422 tri-

44 442 183 483 bunus
216 442 366 498 plebis,
389 442 460 496 qui
493 441 790 482 anctoritatem
824 450 1008 490 senatus,
1025 439 1238 493 judicium
1275 439 1484 479 bonorum

45 499 238 540 omnium
271 499 544 554 neglexisset,
583 507 702 538 tuum
744 505 1086 545 monumentum,
1109 494 1355 536 consulibus
1397 509 1483 535 non

43 556 174 597 modo
198 556 552 611 inspectantibus,
573 569 718 594 verum
749 554 1052 607 adjuvantibus
1075 553 1348 602 disturbaret,
1367 565 1485 591 ever-

45 620 167 664 teret,
199 612 326 667 idque
356 627 452 653 cum
485 613 576 666 ejus
612 612 733 662 civis,
764 612 836 665 qui
871 610 1176 665 rempublicam
1221 623 1273 649 ex
1314 618 1484 649 senatus

45 670 301 710 auctoritate
319 669 466 710 consul
484 669 757 718 defendisset,
777 668 905 708 domo
926 667 1206 721 conjungeret
1224 683 1232 707 :
1256 679 1398 706 nonne
1421 679 1485 706 re-

48 726 290 782 sponderes,
315 727 370 776 id,
394 727 471 766 nisi
497 740 642 765 eversa
663 726 853 775 civitate,
879 725 1070 765 accidere
1093 738 1175 764 non
1201 725 1352 779 posse?

3 818 4 831 2
103 782 164 824 At
192 783 332 824 videte
362 783 546 823 bominis
578 782 888 823 intolerabilem
920 781 1142 822 audaciam
1174 795 1271 821 cum
1292 778 1570 835 projecta44

0 867 2 880 ,
47 840 228 895 quadam
261 851 303 880 et
335 840 539 880 estimat-„2
571 839 822 894 cupiditate.
885 839 1218 879 Monumentum
1252 837 1330 877 iste
1361 851 1572 886 num-115

47 911 174 952 quam
207 906 280 937 aut
311 897 559 952 religionem
592 897 719 937 ullam
757 896 1049 951 excogitavit:
1094 895 1288 936 habitare
1319 893 1415 934 laxe
1442 904 1486 934 et

47 954 277 1010 magnifice
318 953 468 1004 voluit,
506 954 695 1008 duasque
743 964 785 993 et
835 968 1011 1008 magnas
1053 960 1095 992 et
1132 952 1297 992 nobiles
1335 951 1486 992 domos

48 1012 324 1067 conjungere.
387 1010 550 1052 Eodem
586 1020 746 1065 puncto
781 1010 999 1066 temporis,
1023 1025 1107 1065 quo
1135 1024 1254 1050 meus
1278 1008 1487 1049 discessus

48 1068 118 1108 isti
142 1083 311 1109 causam
332 1068 461 1109 caedis
483 1068 655 1123 eripuit,
678 1084 702 1108 a
724 1068 780 1114 Q.
805 1067 906 1122 Sejo
929 1067 1165 1118 contendit,
1187 1070 1227 1100 95
1243 1075 1289 1107 ut
1311 1066 1392 1106 sibi
1411 1065 1488 1106 do·
1499 1073 1532 1105 b.

47 1139 166 1166 mum
196 1125 421 1166 venderet:
454 1139 549 1165 cum
584 1125 652 1165 ille
694 1125 734 1165 id
778 1133 968 1180 negaret,
999 1124 1137 1179 primo
1176 1138 1218 1164 se
1254 1123 1489 1164 luminibus

48 1181 142 1237 ejus
163 1196 253 1223 esse
272 1183 591 1222 obstructurum
614 1182 873 1223 minabatur.
914 1182 954 1216 96
968 1180 1226 1221 Affirmabat
1243 1180 1490 1231 Postumus,

0 1255 1 1259 ¹
50 1253 94 1280 se
128 1240 240 1290 vivo,
275 1238 388 1279 illam
423 1239 597 1280 domum
637 1240 757 1280 istius
791 1252 1024 1294 numquam
1060 1238 1264 1279 futuram.
1323 1237 1491 1278 Acutus

49 1296 294 1337 adolescens
316 1310 368 1337 ex
394 1296 525 1352 ipsius
546 1310 739 1337 sermone
761 1295 988 1346 intellexit,
1011 1295 1114 1350 quid
1137 1296 1228 1336 fieri
1248 1303 1490 1351 oporteret:

49 1353 268 1394 hominem
295 1367 456 1394 veneno
488 1354 753 1410 apertissime
778 1353 972 1394 sustulit:
1004 1353 1109 1393 emit
1139 1353 1331 1405 domum,
1353 1352 1492 1393 licita-

51 1411 217 1451 toribus
248 1410 510 1466 defatigatis,
532 1425 665 1467 prope
696 1411 875 1451 dimidio
907 1410 1059 1461 carius,
1082 1425 1210 1465 quam
1233 1410 1491 1450 aestimabat.

53 1467 271 1513 Quorsum
295 1467 426 1523 igitur
445 1467 539 1510 haec
557 1468 693 1508 oratio
717 1467 930 1523 pertinet?
961 1467 1113 1507 domus
1144 1481 1239 1508 mea
1267 1466 1336 1507 illa
1360 1476 1579 1522 propelle

53 1532 147 1564 tota
168 1539 302 1566 vacua
321 1532 409 1564 est:
443 1525 516 1565 vix
538 1539 634 1580 pars
657 1525 814 1566 aedium
846 1538 1036 1565 mearum
1067 1524 1233 1565 decima
1265 1524 1317 1565 ad
1349 1523 1494 1564 Catuli

52 1581 268 1637 porticum
291 1581 482 1622 accessit.
501 1585 540 1616 97
552 1596 680 1622 causa
702 1580 785 1622 fuit
806 1581 1057 1632 ambulatio,
1080 1591 1122 1622 et
1151 1590 1495 1632 monumentum,

51 1649 97 1679 et
118 1638 198 1678 ista
215 1637 466 1694 Tauagraea,
488 1653 692 1694 oppressa
721 1638 933 1689 libertate,
958 1638 1167 1680 Libertas.
1228 1638 1279 1679 In
1313 1638 1497 1688 Palatio,

51 1694 340 1751 pulcherrimo
376 1705 621 1751 prospectu,
652 1696 869 1752 porticum
911 1711 1009 1737 cum
1055 1696 1332 1737 conclavibus
1375 1695 1496 1752 pavi-

52 1760 287 1794 mentatam
309 1761 544 1793 trecentum
568 1753 722 1809 pedum
743 1753 1035 1809 concupierat,
1055 1753 1363 1809 amplissimum
1385 1753 1496 1809 peri-

55 1808 239 1864 stylum3
270 1818 411 1850 cetera
444 1810 670 1865 ejusmodi,
697 1810 822 1851 facile
852 1820 901 1851 ut
931 1811 1125 1851 omnium
1148 1811 1298 1851 domos
1321 1818 1364 1850 et
1387 1810 1497 1850 laxi-

57 1874 146 1907 tate
167 1876 210 1906 et
227 1866 438 1922 dignitate
461 1877 692 1923 superaret.
754 1867 810 1908 Et
840 1868 970 1909 homo
1002 1868 1241 1924 religiOSUS,
1265 1882 1363 1908 cum
1384 1867 1496 1908 aedes

57 1937 173 1964 meas
195 1923 305 1964 idem
337 1934 495 1964 emeret
523 1934 566 1964 et
597 1925 821 1967 venderet:
854 1935 996 1966 tamen
1027 1925 1107 1966 illis
1142 1925 1271 1965 tantis
1310 1924 1498 1965 tenebris

55 1995 143 2021 non
175 1989 239 2021 est
265 1995 389 2020 ausus
420 1995 543 2022 suum
574 1996 729 2023 nomen
761 1982 939 2023 emtioni
972 1982 1030 2023 illi
1063 1981 1316 2023 adscribere.
1354 1981 1498 2037 posuit

58 2037 221 2079 scilicet
244 2037 473 2078 Scatonem
495 2038 629 2089 illum,
652 2039 871 2080 hominem
907 2054 983 2080 sua
1014 2039 1249 2095 virtuteeg
1261 2047 1425 2090 entem,
1447 2044 1498 2079 ut

57 2094 108 2145 is,
138 2095 210 2149 qui
244 2094 284 2134 in
318 2093 492 2147 Marsis,
524 2095 598 2136 ubi
630 2104 754 2137 natus
796 2106 873 2148 est,
907 2105 1084 2148 tectum,
1115 2111 1200 2151 quo
1242 2096 1391 2136 imbris
1434 2095 1499 2136 vi-

59 2152 185 2192 tandi
217 2166 345 2192 causa
382 2152 642 2204 succederet,
675 2152 837 2194 nullum
879 2152 1071 2205 haberet,
1102 2154 1214 2194 aedes
1252 2152 1297 2193 in
1330 2152 1498 2193 Palatio

57 2208 344 2249 nobilissimas
366 2210 518 2250 emisse
548 2224 590 2250 se
620 2210 796 2251 diceret.
857 2210 1110 2251 Inferiorem
1143 2210 1301 2251 aedium
1332 2220 1500 2266 partem

61 2265 293 2321 assignavit
314 2280 400 2306 non
432 2282 518 2308 suae
551 2267 671 2323 genti
703 2267 912 2318 Fonteiae,
935 2268 1006 2308 sed
1039 2267 1222 2318 Clodiae,
1243 2282 1373 2322 quam
1403 2266 1500 2308 reli-

60 2322 177 2377 quit:
207 2325 248 2357 98
262 2337 391 2378 quem
413 2323 454 2364 in
480 2338 704 2366 numerum
735 2339 789 2366 ex
820 2324 967 2366 multis
1000 2324 1163 2366 Clodiis
1193 2339 1322 2366 nemo
1340 2338 1500 2366 nomen

108 2438 150 2470 94
176 2436 294 2468 (liceret
303 2454 345 2460 -
356 2437 573 2478 responderes]
606 2438 756 2470 Debebat

60 2487 128 2509 esse
139 2478 532 2519 dixisset—respondisses.

41 2533 45 2537 ·
103 2522 143 2554 95
164 2525 202 2551 ut
217 2521 259 2561 Q.
275 2521 467 2552 Postumius
479 2522 550 2562 sibi]
578 2522 620 2564 Q.
637 2522 756 2553 Postu-

61 2562 146 2592 mius
170 2568 257 2592 recte
279 2563 398 2593 delevit
420 2564 578 2601 Graevius,
593 2565 648 2604 qui
671 2565 702 2595 id
724 2566 757 2594 in

61 2603 143 2634 Mss.
164 2603 216 2634 Fr.
239 2605 356 2635 Dresd.
380 2615 447 2635 non
470 2607 602 2646 reperit,
626 2617 685 2637 nec
707 2611 757 2637 est

62 2645 96 2675 in
112 2645 218 2676 Guelf.
236 2647 379 2686 itemque
395 2648 498 2677 necin
512 2648 582 2678 edd.
595 2649 648 2679 W.
660 2649 756 2679 Junt.

63 2686 138 2718 Ald.
155 2687 191 2718 P.
209 2688 341 2719 Manut.
359 2690 416 2719 ἃς.
454 2689 618 2720 Victorius
633 2691 757 2730 primus

62 2727 164 2758 dedit.
180 2734 257 2759 ante
272 2730 305 2760 in
319 2731 360 2761 R.
376 2732 432 2762 ΒΓ.
448 2733 539 2762 1480.
584 2733 672 2762 Med.
689 2738 759 2762 erat

63 2769 108 2810 Q.
128 2771 287 2802 Veseeius:
310 2772 365 2803 sed
385 2776 461 2803 ante
476 2777 525 2803 est
546 2778 644 2814 atque
657 2784 763 2804 severe

64 2813 237 2843 contendit.

799 2448 839 2468 ex
853 2437 924 2470 edd.
947 2439 1138 2478 quibusdam
1167 2441 1249 2469 vett.
1271 2448 1345 2469 cum
1368 2438 1406 2469 P.
1426 2437 1499 2469 Ma-

800 2481 904 2510 nutio.
961 2481 999 2511 Id
1027 2486 1077 2512 est
1112 2490 1296 2521 cognomen
1324 2481 1401 2517 Seii,
1431 2489 1500 2511 non

801 2522 1002 2553 Postumius.

833 2568 872 2598 97
883 2575 997 2596 caussa
997 2564 1087 2605 fuit]
1097 2565 1178 2604 Quae
1187 2573 1303 2595 caussa
1314 2565 1329 2593 ?
1343 2564 1437 2595 nihili
1447 2569 1498 2595 est

798 2605 874 2643 hoc,
892 2617 951 2637 nec
966 2617 1096 2638 sensum
1111 2608 1220 2637 habet.
1243 2607 1292 2637 An
1306 2607 1433 2646 scripsit
1444 2616 1495 2643 ea,

799 2649 885 2688 quod
902 2659 960 2689 pro
981 2649 1173 2690 compendio
1199 2651 1255 2685 ἔα,
1283 2653 1321 2678 ut
1337 2649 1498 2688 scriptum

800 2697 849 2720 est
873 2692 907 2720 in
937 2691 1002 2722 Ms.
1025 2691 1134 2722 Guelf.
1157 2691 1355 2730 acceptum?
1380 2691 1498 2720 Sensus

801 2737 866 2762 est:
892 2743 942 2770 ea,
958 2733 1084 2763 decima
1105 2742 1192 2773 pars,
1215 2732 1331 2762 habuit
1353 2733 1501 2763 ambula-

802 2775 927 2804 tionem
943 2780 977 2804 εἰ
990 2776 1154 2815 porticum
1167 2778 1201 2804 et
1214 2773 1437 2805 simulacrum.

845 2819 885 2850 98
902 2826 996 2855 quem
1010 2818 1233 2848 innumerum
1249 2814 1321 2855 δια]
1342 2815 1422 2848 Haec
1436 2825 1503 2849 nou

107 2854 149 2888 96
169 2853 238 2895 Affi
255 2855 457 2897 Postumius]
483 2856 567 2889 Dedi
587 2856 766 2889 Postumus
808 2858 969 2897 intelligo.
