1769 3174
506 131 623 170 PRO
661 131 703 168 P.
738 130 966 167 SEXTIO.
1379 128 1454 166 993

15 235 214 286 omnibus
241 235 361 276 bellis
393 245 504 277 terra
533 234 724 289 marique
754 232 1022 289 compressis,
1046 231 1271 286 imperium
1305 230 1452 287 populi

17 293 203 335 Romani
245 294 360 334 orbis
399 302 603 333 terrarum
645 291 836 332 terminis
872 289 1104 338 definisset,
1144 290 1453 343 rempublicam

17 350 150 392 everti
183 349 337 390 scelere
371 363 633 404 paucorum3
665 362 793 403 quam
825 347 914 402 ipse
952 361 1038 387 non
1078 344 1214 386 solum
1251 345 1456 394 consiliis,

19 407 90 449 sed
114 407 244 447 etiam
268 407 474 462 sanguiue
497 420 572 446 suo
597 420 710 461 saepe
737 413 968 445 servasset:
1000 401 1179 444 accessit
1200 402 1252 442 ad
1284 415 1457 442 causam

20 463 262 521 publicam:
296 464 453 503 restitit
482 463 739 503 auctoritate
770 476 846 502 sua
876 461 1047 515 reliquis
1078 460 1233 500 rebus:
1265 458 1318 499 de
1350 472 1458 512 prae-

19 521 153 562 teritis
171 529 362 574 quaestus
384 531 461 560 est.
523 519 632 560 Fieri
654 519 850 574 quaedam
879 518 931 558 ad
954 517 1172 558 meliorem
1195 529 1312 572 spem
1336 513 1459 555 incli-

17 578 138 619 natio
160 578 250 617 visa
270 586 348 617 est.
384 576 588 617 Decrevit
606 586 775 617 senatus
798 575 994 630 frequens
1017 574 1069 615 de
1090 587 1186 614 meo
1210 573 1347 614 reditu
1371 571 1459 613 Ka·
1470 574 1520 608 68

21 634 155 677 lendis
175 633 279 675 Jun.
302 634 579 676 dissentiente
601 633 732 684 nullo,
755 633 963 673 referente
989 632 1038 672 L.
1063 631 1243 681 Ninnio,
1261 630 1384 685 cujus
1415 629 1460 669 in

19 706 115 734 mea
136 706 265 732 causa
284 705 518 746 numquam
541 690 645 731 fides
672 691 888 744 virtusque
907 688 1181 730 contremuit,
1211 686 1462 728 Intercessit

20 752 40 780 3
67 749 199 804 Ligus
237 747 331 798 iste,
362 748 506 789 nescio
537 748 625 802 qui,
657 747 997 788 additamentum
1036 745 1310 786 inimicorum
1347 757 1463 784 meo-

22 820 131 847 rum.
163 818 227 845 res
254 814 358 855 erat,
380 815 422 845 et
445 819 572 846 causa
603 814 748 845 nostra
769 818 819 844 eo
843 803 937 859 jam
968 802 1067 853 loci,
1090 812 1137 843 ut
1167 802 1331 858 erigere
1360 814 1464 842 ocu-

21 861 98 913 los,
127 873 173 902 et
206 861 346 902 vivere
377 861 604 902 videretur.
666 861 874 916 Quisquis
905 870 1009 910 erat,
1040 860 1113 914 qui
1149 859 1336 914 aliquam
1368 872 1464 914 par-

25 929 111 960 tem
148 919 191 959 in
225 932 320 958 meo
354 918 471 959 luctu
507 917 673 959 sceleris
709 918 907 959 Clodiani
940 918 1168 972 attigisset,
1193 929 1465 971 quocumque

24 984 213 1027 venerat,
237 975 351 1030 quod
367 976 583 1030 judicium
605 990 788 1030 cumque
811 975 1014 1025 subierat,
1035 974 1332 1015 damnabatur.
1394 972 1467 1013 In-

27 1033 280 1083 veniebatur
302 1046 444 1083 nemo,
466 1032 537 1088 qui
563 1047 606 1073 se
634 1032 887 1088 suffragium
910 1032 962 1072 de
983 1046 1052 1072 me
1073 1031 1221 1072 tulisse
1242 1029 1469 1072 confitere-

27 1099 110 1131 tur.
144 1090 383 1131 decesserat
415 1104 469 1130 ex
503 1089 608 1130 Asia
639 1089 769 1130 frater
801 1104 920 1129 meus
956 1103 1117 1144 magno
1151 1087 1361 1143 squalore,
1397 1086 1470 1127 sed

25 1147 162 1189 multo
193 1146 323 1187 etiam
355 1146 517 1201 majore
547 1161 747 1187 moerore.
780 1145 880 1187 huic
912 1147 965 1187 ad
997 1147 1142 1187 urbem
1169 1145 1355 1186 venienti
1379 1154 1472 1185 tota

27 1204 201 1245 obviam
223 1203 376 1244 civitas
398 1218 495 1244 cum
520 1203 717 1258 lacrymis
742 1204 992 1259 gemituque
1013 1213 1298 1259 processerat:
1325 1202 1478 1256 loque-

27 1261 153 1302 batur
174 1260 348 1301 liberius
371 1271 566 1302 senatus:
599 1261 913 1301 concurrebant
934 1261 1098 1315 equites
1123 1259 1336 1301 Romani:
1370 1258 1473 1299 Piso

28 1317 112 1369 ille,
140 1331 271 1374 gener
303 1331 436 1369 meus,
467 1318 569 1358 4cui
601 1317 789 1359 fructum
822 1318 993 1373 pietatis
1017 1332 1105 1359 suae
1136 1331 1274 1372 neque
1304 1331 1359 1358 ex
1392 1330 1475 1367 me,

29 1389 168 1430 neque
190 1390 215 1416 a
238 1374 397 1430 populo
432 1374 630 1415 Romano
652 1375 761 1415 ferre
783 1374 919 1426 licuit,
943 1390 967 1415 a
991 1375 1234 1430 propinquo
1257 1388 1333 1414 suo
1356 1387 1475 1414 soce-

31 1446 121 1473 rum
149 1446 273 1472 suum
298 1432 549 1487 flagitabat:
582 1433 727 1472 omnia
750 1443 919 1472 senatus
942 1432 1181 1487 rejiciebat,
1205 1431 1285 1472 nisi
1321 1430 1374 1471 de
1405 1444 1474 1470 me

30 1489 218 1545 primum
249 1488 443 1537 consules
476 1488 731 1529 retulissent.
794 1489 904 1535 Quae
930 1504 1029 1530 cum
1060 1503 1125 1529 res
1149 1488 1242 1543 jam
1274 1470 1554 1528 manibus32

5 1563 8 1565 ·
31 1555 268 1586 teneretur:
292 1555 334 1586 et
349 1560 447 1586 cum
466 1545 660 1586 consules
682 1546 998 1602 provinciarum
1018 1545 1473 1602 pactionelibertatem
1485 1542 1535 1577 69

29 1617 202 1644 omnem
233 1602 532 1659 perdidissent,
563 1604 667 1658 5qui
699 1617 797 1644 cum
830 1604 873 1644 in
906 1615 1070 1654 senatu,
1103 1603 1319 1658 privatim,
1344 1612 1392 1642 ut
1423 1602 1476 1643 de

30 1673 99 1701 me
125 1659 356 1700 sententias
388 1660 593 1710 dicerent,
617 1660 942 1716 flagitabantur,
965 1660 1103 1716 legem
1127 1660 1184 1700 illi
1210 1674 1252 1700 se
1276 1659 1476 1701 Clodiam

0 1737 1 1758 1
33 1717 184 1758 timere
206 1717 434 1759 dicebant:
467 1731 564 1757 cum
588 1717 683 1758 haec
714 1732 800 1758 non
833 1728 1007 1773 possent
1032 1718 1125 1773 jam
1157 1717 1318 1758 diutius
1350 1717 1478 1757 susti-

30 1787 144 1825 nere,
166 1773 300 1814 initur
329 1773 556 1814 consilium
591 1774 643 1815 de
674 1775 850 1815 interitu
885 1774 966 1815 Cn.
993 1775 1217 1830 Pompeii:
1250 1789 1336 1829 quo
1359 1785 1480 1829 pate-

33 1830 166 1881 facto,
188 1830 386 1885 ferroque
416 1830 695 1886 deprehenso,
718 1831 787 1872 ille
819 1831 1006 1872 inclusus
1037 1833 1153 1873 domi
1188 1831 1350 1872 tamdiu
1382 1831 1481 1881 fuit,

36 1887 241 1943 quamdiu
264 1887 463 1928 inimicus
489 1902 605 1928 meus
635 1889 678 1928 in
711 1889 946 1929 tribunatu.
1011 1888 1077 1930 De
1098 1904 1194 1930 meo
1218 1889 1357 1929 reditu
1380 1897 1481 1929 octo

36 1945 199 1985 tribuni
218 1944 558 2000 promulgarunt.
582 1946 602 1975 6
616 1945 682 1986 Ex
703 1960 789 2000 quo
807 1946 1069 1987 intellectum
1089 1956 1168 1997 est,
1188 1945 1294 1986 mihi
1313 1945 1479 1986 absenti

34 2001 218 2042 crevisse
249 2002 424 2052 amicos,
457 2002 501 2042 in
532 2017 583 2042 ea
613 2004 851 2058 praesertim
884 2003 1071 2054 fortuna,
1103 2003 1145 2044 in
1172 2018 1257 2058 qua
1285 2002 1481 2043 nonnulli

33 2058 178 2109 etiam,
212 2073 320 2114 quos
353 2071 444 2099 esse
477 2069 742 2114 putaveram,
775 2075 860 2100 non
896 2071 1042 2112 erant3
1073 2061 1146 2101 sed
1179 2075 1252 2101 eos
1284 2059 1482 2100 volunta-

35 2122 120 2156 tem
155 2129 322 2172 semper
355 2115 549 2167 eandem,
581 2115 822 2157 libertatem
862 2132 946 2158 non
986 2118 1164 2158 eandem
1202 2131 1368 2173 semper
1405 2116 1481 2157 ha-

78 2277 97 2306 3
121 2275 241 2317 Ligus]
267 2277 373 2308 AElius
402 2277 567 2308 Stalenus.
591 2289 621 2309 v.
646 2277 737 2309 Clav.

41 2327 116 2347 eum
154 2329 211 2358 per
246 2325 453 2350 contemtum
483 2325 579 2350 vocat
615 2321 740 2351 addita-

40 2364 190 2391 mentum
205 2362 412 2392 inimicorum
428 2371 576 2393 suorum.

0 2429 2 2438 ι
79 2403 100 2432 4
120 2403 175 2432 cui
185 2402 345 2443 fructum
360 2415 398 2444 p.
415 2404 613 2444 sum—seme
628 2404 734 2444 licuit]

0 2448 4 2478 ζ
40 2441 212 2482 Fructum,
237 2451 277 2475 ut
301 2456 354 2476 me
378 2446 500 2477 videret
524 2447 734 2477 restitutum:

0 2484 4 2492 '
39 2484 114 2523 quia
133 2491 211 2517 ante
232 2493 383 2518 mortuus
403 2493 465 2528 est,
482 2499 580 2530 quam
603 2489 738 2520 redisset

41 2534 131 2557 socer
145 2527 269 2560 Cicero.

78 2571 101 2616 f)
122 2571 177 2609 qui
190 2580 265 2602 cum
284 2573 320 2601 in
340 2577 457 2602 senatu
472 2573 636 2612 privatim
659 2572 735 2612 &c.]

0 2644 2 2658 Ι
45 2608 108 2654 Hic
127 2611 217 2642 locus
238 2614 335 2643 torsit
358 2615 443 2644 viros
465 2615 592 2651 doctos,
615 2614 670 2645 sed
683 2616 739 2653 qui

0 2692 2 2696 ,
42 2654 172 2700 tantum
187 2654 226 2685 de
237 2657 396 2694 privatim
410 2662 446 2687 et
459 2666 492 2686 u.
508 2657 539 2686 d.
556 2667 599 2687 m.
613 2660 739 2686 seneen·

0 2699 8 2738 f·
43 2697 107 2724 aas
120 2694 261 2727 dicerene
274 2697 480 2728 laborarunt.
525 2699 673 2729 Primum
690 2699 740 2728 in-

41 2737 208 2776 terpunxi,
230 2739 265 2769 in
286 2744 416 2776 senatu,
433 2741 610 2780 privat-im,
625 2741 646 2770 i.
661 2750 689 2770 e.
706 2741 740 2771 in

40 2778 133 2815 ,curia
158 2783 193 2809 et
221 2779 332 2811 domi:
363 2781 520 2812 Dic-erent
549 2782 672 2822 accipio
701 2782 741 2813 de

45 2817 281 2859 flagitantibus,
295 2828 336 2854 ut
350 2824 410 2853 sibi
433 2824 613 2854 sententias
634 2823 741 2854 dicere

0 2868 4 2882 ν
45 2859 166 2898 liceret,
181 2867 278 2903 atque
300 2864 360 2905 ipsi
383 2865 464 2896 adeo
478 2865 627 2896 consules
644 2866 742 2896 refer-

0 2906 2 2918 ·
44 2907 117 2934 rent
129 2904 167 2938 de
183 2905 338 2938 Cicerone
353 2907 394 2939 ad
407 2913 559 2939 senatum
572 2919 582 2938 z
603 2907 742 2947 denique

781 2284 856 2318 post
885 2279 1033 2310 dicebant
1061 2279 1158 2310 colon
1184 2280 1310 2321 scripsi,
1338 2284 1377 2310 ut
1403 2280 1481 2311 fecit

783 2322 999 2352 Camerarius.
1025 2332 1101 2352 nam
1117 2324 1150 2352 in
1167 2332 1241 2353 cum
1257 2325 1324 2353 hoec
1336 2332 1481 2363 nonpos-

780 2368 863 2400 sent,
878 2370 928 2394 est
944 2374 1065 2394 novum
1080 2365 1288 2396 antecedens.

824 2406 843 2435 6
866 2405 924 2436 Es
945 2416 1006 2445 quo
1027 2407 1227 2438 intellectum
1249 2412 1294 2438 est
1317 2406 1393 2446 &c.]
1418 2407 1483 2438 Hie

781 2446 871 2477 locus
907 2453 956 2478 est
989 2448 1136 2479 vitiosus.
1172 2459 1248 2479 nam
1283 2451 1482 2481 sententiam

781 2496 988 2520 constantem
1005 2500 1072 2522 non
1087 2491 1197 2522 habet.
1231 2492 1323 2522 Vidit
1337 2502 1375 2521 ex
1388 2498 1483 2531 parte

783 2531 818 2561 P.
855 2532 1041 2569 Manutius,
1084 2534 1138 2572 qui
1177 2534 1350 2573 legendum
1387 2540 1483 2573 puta·

781 2573 850 2610 bat,
879 2584 942 2604 non.
973 2576 1054 2605 milii
1078 2577 1214 2606 erra-&we
1240 2578 1371 2606 amicos.
1402 2576 1482 2606 bene

783 2615 843 2645 hoc
865 2616 1018 2655 quidem:
1042 2617 1098 2647 sed
1122 2627 1181 2648 nec
1204 2619 1374 2657 sequentia
1395 2626 1484 2649 recte

782 2667 815 2688 se
832 2658 968 2689 habent.
986 2668 1063 2689 nam
1072 2662 1257 2699 proeserec'm
1273 2661 1409 2696 indicat,
1424 2659 1484 2690 ali-

784 2700 861 2738 quid
897 2702 1107 2740 praecessisse,
1141 2712 1204 2741 quo
1236 2702 1267 2732 id
1297 2702 1483 2732 referretur.

785 2742 937 2781 Denique
966 2744 1114 2774 habuisse
1139 2753 1206 2774 non
1234 2744 1345 2779 habet,
1371 2753 1392 2773 a
1420 2754 1484 2782 quo

785 2784 946 2823 pendeat:
970 2795 1037 2815 non
1056 2786 1144 2815 enim
1166 2785 1206 2816 ad
1225 2787 1425 2816 intellectum
1439 2791 1486 2816 est

783 2826 896 2897 refebrri
910 2832 1029 2865 potest.
1060 2827 1192 2858 Excidit
1198 2833 1294 2868 puto,
1309 2832 1367 2859 aut
1380 2827 1486 2859 simile

783 2876 839 2897 ver
863 2877 930 2899 um.

709 2955 834 2993 3τ3
