1769 3174
213 109 313 143 1080
810 105 1056 144 ORATIO

214 208 319 249 nino
342 222 426 249 non
458 208 633 258 dabant,
669 208 737 249 alii
761 209 958 266 exempla
981 210 1245 265 quaerebant,
1278 209 1347 251 alii
1374 221 1541 268 tempus
1571 210 1655 252 dif-

215 265 425 317 fer-,ebant
453 265 523 306 alii
552 267 641 307 sinc
666 266 760 307 ullis
785 268 1009 308 verborum
1042 268 1302 308 ornamentis
1333 269 1507 310 dezrblnt.
1539 269 1581 310 in
1605 285 1654 310 ea

215 337 391 377 quoque
423 334 465 364 re
504 323 563 365 sic
589 337 681 364 sum
717 324 898 374 locutus,
923 334 968 365 ut
991 339 1137 365 omnes
1170 325 1471 380 intelligerent,
1494 340 1561 366 me
1597 327 1653 375 id,

218 380 335 433 quod
375 380 622 436 reipublicae
666 395 793 421 causa
829 381 1043 432 sentirem,
1087 381 1225 422 facere
1264 360 1434 423 uberius
1478 393 1652 438 propter

217 437 350 493 ipsius
376 436 557 478 Caesaris
579 437 850 491 dignitatem.

137 491 200 538 12
273 494 332 534 At
368 508 450 549 ego
484 494 594 534 idern
635 509 748 534 nunc
782 495 823 534 in
860 493 1090 549 provinciis
1127 494 1417 545 decernendis,
1451 497 1523 550 qni
1560 496 1649 536 illas

150 563 202 598 29
215 565 361 591 omnes
386 566 449 591 res
472 551 538 605 egi
568 550 751 600 silentio,
774 550 1041 605 interpellor:
1074 565 1171 590 cnm
1198 553 1485 606 superioribus
1510 554 1647 593 causis

214 607 400 648 hominis
431 617 681 648 ornamenta
703 606 875 657 suerint,
898 609 938 647 in
964 607 1042 647 hac
1064 622 1132 647 me
1155 608 1260 649 niliil
1283 609 1513 659 aliud,n1si
1539 611 1648 650 ratio

213 665 326 714 belli,
360 664 440 705 nisi
475 679 641 704 summa
673 664 834 705 utilitas
870 664 1118 728 rei-publica:
1158 666 1517 706 1nove·1t.Narn
1558 667 1648 722 ipse

213 721 374 772 Caesar,
396 721 497 776 quid
530 731 607 771 est,
637 735 712 762 cur
744 722 785 762 in
818 721 1039 777 provincia
1069 723 1324 763 commorari
1351 722 1465 773 velit,
1488 723 1568 763 nisi
1602 733 1648 764 ut

211 791 275 829 ea,
297 793 393 834 quae
426 792 499 834 per
528 792 625 819 eum
657 777 812 819 affecta
841 787 953 828 sunt,
976 777 1166 834 perfecta
1197 779 1444 834 reipublicae
1477 779 1647 820 tradan-

98 845 133 877 Ρ
148 839 199 869 75
214 838 308 876 tur?
338 834 583 877 Arnoenitas
615 849 727 884 eum,
750 835 892 884 credo,
923 835 1128 886 locorum,
1154 836 1322 876 urbium
1357 835 1644 891 pulchritudo,

169 889 198 909 ³·
210 891 432 933 hominum
466 893 794 956 nationumque
806 891 969 932 illarum
1002 893 1243 933 humanitas
1275 903 1317 933 ct
1348 892 1480 948 lepOS,
1509 894 1645 935 victo-

210 950 285 990 riae
325 950 555 1005 cupiditaS,
593 949 743 989 finium
786 948 953 1004 imperii
994 950 1126 990 nostri
1171 952 1425 1006 propagatio
1469 951 1637 992 retinet.

210 1006 326 1053 Quid
354 1007 433 1047 illis
457 1006 575 1046 terris
597 1006 814 1062 asperius?
844 1005 946 1061 quid
977 1005 1179 1047 incultius
1201 1007 1398 1062 oppidis?
1430 1008 1532 1063 quid
1564 1023 1638 1048 na-

208 1064 398 1105 tionibus
429 1063 685 1105 immanius?
715 1063 817 1118 quid
851 1077 975 1119 porro
1008 1071 1071 1104 tot
1100 1063 1288 1104 victoriis
1322 1064 1637 1120 praestabilius?

205 1120 362 1185 48quid
405 1119 582 1161 Oceano
623 1120 792 1176 longius
834 1119 1013 1161 inveniri
1058 1123 1232 1176 potest?
1279 1120 1347 1161 An
1392 1122 1552 1162 reditus
1597 1123 1639 1162 in

207 1178 388 1234 patriam
412 1177 542 1218 habet
562 1178 748 1233 aliquam
779 1177 1088 1218 offensionem?
1120 1187 1259 1219 utrum
1283 1178 1393 1233 apud
1418 1178 1640 1234 populum,

206 1249 232 1275 a
263 1249 348 1290 quo
381 1234 549 1298 missus,
582 1249 634 1275 an
668 1234 782 1299 apud
815 1244 1024 1285 senatum,
1056 1250 1081 1275 a
1113 1249 1198 1289 quo
1237 1245 1410 1275 ornatus
1446 1239 1542 1276 est?
1585 1251 1639 1276 an

205 1291 295 1332 dies
317 1301 446 1347 auget
466 1291 559 1347 ejus
581 1291 866 1333 desiderium?
895 1306 947 1332 an
972 1291 1108 1356 magis
1131 1291 1406 1341 oblivionem,
1429 1307 1478 1333 ac
1501 1292 1641 1333 laurea

206 1348 278 1388 illa
308 1349 476 1405 magnis
509 1348 707 1413 periculis
748 1358 881 1404 parta,
915 1348 1076 1390 amittit
1114 1348 1243 1404 longo
1284 1349 1507 1390 intervallo
1542 1350 1642 1390 viri-

205 1406 412 1447 ditatem?
445 1406 603 1456 Quale,
637 1405 670 1445 si
704 1421 775 1460 qui
811 1405 1026 1447 hominem
1062 1421 1146 1446 non
1184 1405 1386 1461 diligunt,
1422 1405 1528 1446 nihil
1563 1419 1641 1458 est,

205 1463 319 1517 quod
353 1478 447 1503 eum
482 1463 534 1503 de
570 1462 792 1519 provincia
829 1463 1053 1504 devocent.
1092 1463 1143 1503 ad
1182 1463 1364 1519 gloriam
1400 1463 1639 1506 devzocant

206 1519 258 1560 ad
299 1520 580 1576 triumphum,
613 1519 663 1560 ad
704 1520 1050 1575 gratulationem,
1083 1520 1136 1560 ad
1179 1534 1391 1560 summum
1433 1520 1640 1562 honorem

143 1586 390 1628 sosenatus,
413 1577 618 1632 equestris
650 1577 810 1618 ordinis
842 1577 1039 1633 gratiam,
1064 1577 1209 1632 populi
1241 1577 1478 1618 caritatem.
1539 1577 1638 1628 Sed,

205 1634 238 1674 si
275 1634 342 1675 ille
376 1634 455 1675 hac
490 1643 576 1675 tam
609 1634 770 1675 eximia
803 1633 987 1684 fortuna,
1021 1643 1194 1689 propter
1230 1634 1454 1674 utilitatem
1497 1635 1638 1690 reipu-

204 1691 343 1742 blicae,
367 1691 447 1732 frui
472 1706 555 1732 non
582 1700 793 1747 properat,
817 1700 864 1732 ut
894 1691 1039 1732 omnia
1066 1690 1135 1731 illa
1165 1690 1390 1731 conficiat:
1422 1691 1523 1746 quid
1555 1706 1637 1747 ego

203 1757 373 1789 senator
394 1747 533 1790 facere
556 1749 706 1798 debeo,
729 1763 870 1803 quem,
893 1748 1058 1788 etiamsi
1092 1748 1159 1788 ille
1190 1747 1302 1788 aliud
1328 1747 1466 1799 vellet,
1496 1748 1638 1804 reipu-

203 1805 327 1847 blicae
360 1806 579 1846 consulere
616 1808 862 1861 oporteret?
907 1804 1000 1860 Ego
1033 1819 1131 1845 vero
1163 1805 1224 1845 sic
1256 1804 1464 1861 intelligo,
1496 1817 1636 1861 patres

203 1863 453 1918 conscripti,
494 1877 570 1903 nos
613 1862 696 1904 hoc
740 1872 929 1918 tempore
980 1862 1022 1902 in
1072 1862 1303 1917 piovincns
1345 1861 1636 1926 decernendis,

205 1929 423 1976 perpetnae
457 1919 593 1983 pacis
603 1919 760 1961 habere
797 1929 994 1975 oportere
1031 1919 1254 1959 rationem.
1293 1933 1390 1959 nam
1422 1919 1516 1973 quis
1554 1919 1637 1960 hoc

204 1991 291 2017 non
315 1977 458 2028 sentit,
480 1976 625 2017 omnia
654 1976 737 2017 alia
765 1991 855 2017 esse
886 1977 1010 2017 nobis
1034 1991 1167 2016 vacua
1197 1976 1250 2016 ab
1282 1976 1398 2016 omni
1432 1976 1635 2032 periculo,

140 2045 188 2078 31
206 2043 333 2088 atque
355 2034 483 2075 etiam
515 2035 569 2074 ab
600 2034 716 2075 omni
748 2033 990 2089 suspicione
1024 2033 1147 2073 belli?
1178 2032 1352 2074 Jamdiu
1385 2047 1496 2074 mawe
1521 2033 1636 2073 vide-

203 2105 297 2131 mus
321 2090 421 2132 illud
455 2090 935 2155 immensum-,wetinus
952 2089 1116 2130 fervore
1149 2104 1231 2129 non
1265 2089 1399 2129 solum
1434 2089 1635 2130 maritimi

203 2162 364 2198 cursus,
395 2149 464 2188 sed
499 2149 622 2188 urbes
654 2148 798 2197 etiam,
827 2158 870 2188 et
900 2147 978 2188 viae
1012 2147 1214 2187 militares
1238 2145 1331 2200 jam
1364 2148 1634 2197 tenebmtur,

203 2205 360 2245 virtute
393 2205 474 2245 Cn.
502 2205 696 2261 Pompeii
729 2205 789 2245 sic
814 2219 838 2245 a
860 2204 1018 2261 populo
1054 2204 1176 2243 Rom
1170 2218 1264 2252 mo
1287 2204 1341 2244 ab
1365 2203 1539 2244 Oceano
1568 2218 1635 2244 us-

202 2276 284 2316 que
307 2262 358 2302 ad
385 2262 580 2302 ultimum
619 2262 820 2312 Pontum,
843 2270 1059 2315 tamquam
1086 2275 1213 2301 unum
1239 2260 1422 2314 aliquem
1448 2272 1634 2315 portum,

203 2327 342 2358 tutum
373 2328 416 2359 et
446 2318 634 2360 clrusum
667 2319 824 2359 teneri:
859 2319 1051 2359 nationes
1073 2332 1156 2367 eas,
1178 2332 1273 2372 quae
1299 2332 1473 2357 numero
1497 2318 1635 2357 homi-

202 2389 304 2416 num
341 2390 390 2416 ac
432 2375 704 2416 multitudine
743 2377 834 2431 ipsa
875 2384 1073 2431 poterant
1113 2375 1155 2415 in
1192 2374 1434 2430 provincias
1469 2384 1634 2416 nostras

202 2525 273 2545 rum
291 2524 444 2545 numerus
461 2515 566 2553 major
579 2514 773 2555 dignitatem
794 2514 896 2554 impe·
979 2516 1020 2547 49
1042 2512 1288 2554 czrjusferrore]
1311 2513 1480 2543 Poeticum
1495 2512 1557 2542 boc
1571 2516 1631 2542 est.

202 2558 318 2588 tatoris
333 2562 478 2595 augeret.
938 2559 1045 2596 poetae
1059 2556 1287 2595 enimserr·ere
1300 2555 1412 2585 dicunt
1437 2565 1536 2591 marc,
1555 2565 1631 2584 cum

242 2602 282 2629 48
310 2601 388 2639 quid
415 2600 540 2629 Oceano
566 2600 694 2636 longius
715 2599 736 2627 i.
756 2598 806 2638 p.]
834 2598 896 2628 Re·
939 2603 988 2628 est
1016 2599 1261 2638 intempestum.
1291 2597 1540 2636 intelligendum
1575 2607 1631 2626 au-

201 2641 338 2680 spondet
356 2641 589 2681 propagationi
599 2641 725 2681 finium
748 2639 897 2679 imper-‘iit
939 2646 1007 2670 tem
1025 2639 1086 2669 hoc
1100 2648 1148 2670 est
1164 2639 1201 2669 de
1219 2640 1368 2679 periculis
1392 2639 1630 2675 navigantium,

203 2683 408 2722 pertinetque
423 2683 463 2714 ad
484 2682 651 2712 subactam
669 2682 759 2712 victis
783 2682 897 2712 Galliis
938 2691 1068 2711 orarum
1092 2682 1331 2711 maritimarum
1348 2683 1405 2711 ἃς.
1422 2691 1440 2710 a
1456 2681 1631 2720 frequenti-

201 2734 332 2754 omnem
348 2735 439 2755 oram
463 2725 585 2755 Oceani
601 2735 620 2754 a
642 2724 749 2754 Gallia
771 2724 898 2754 Narbo·
939 2724 998 2754 bus
1028 2724 1205 2764 piratarum
1237 2723 1486 2759 incursionibus,
1515 2723 1630 2761 quibus

202 2767 293 2797 ncnsi
311 2767 385 2797 inde
403 2777 501 2806 usque
518 2766 557 2796 ad
572 2767 670 2796 finem
686 2766 807 2805 Belgici
826 2776 894 2796 ma·
935 2767 1045 2796 omnia
1060 2766 1161 2796 maria
1176 2765 1433 2795 infestabantur:
1459 2765 1497 2796 de
1513 2765 1629 2804 quibus

201 2809 263 2839 ris:
289 2809 343 2848 qui
358 2815 407 2839 est
422 2814 547 2839 tractus
563 2808 781 2846 longissimus.
816 2807 893 2848 Epi·
935 2812 986 2839 est
1001 2810 1034 2839 in
1049 2808 1142 2840 Orat.
1157 2817 1215 2849 pro
1230 2807 1268 2838 L.
1284 2807 1401 2838 Manil.

201 2850 317 2881 theton
332 2852 433 2882 etiam
447 2853 563 2890 longus
576 2850 614 2881 de
630 2851 711 2881 mari
730 2850 891 2890 frequens.
