1812 3147
431 111 506 148 AD
531 109 782 151 QUIRITES
808 110 939 148 POST
962 111 1227 150 REDITUM.
1465 112 1542 149 825

106 226 185 269 est,
207 214 317 257 male
345 214 525 265 meritis,
555 216 731 269 37quam
757 214 922 277 optime
951 215 1131 264 meritis,
1154 214 1310 256 referre
1331 214 1445 269 quod
1469 214 1543 256 de-

106 276 220 315 beas.
283 271 443 313 Odium
468 269 534 311 vel
565 271 763 326 precibus
791 270 982 327 mitigari
1006 281 1162 327 potest,
1184 271 1250 311 vel
1277 273 1541 327 temporibus
1553 278 1604 313 20

103 328 355 386 reipublicae
377 329 684 392 communique
706 328 892 368 utilitate
914 328 1087 384 deponi,
1110 327 1176 369 vel
1202 327 1457 369 difficultate
1480 329 1544 369 ul-

103 385 291 429 ciscendi
316 385 466 436 teneri,
490 385 556 426 xel
580 394 792 426 vetustate
825 384 978 425 sedari.
1010 385 1118 426 bene
1139 385 1314 425 meritos
1345 387 1448 440 quin
1472 400 1544 426 co-

103 445 180 495 las,
214 457 292 484 nec
321 442 490 484 exorari
526 441 589 482 fas
618 452 698 493 est,
728 456 808 483 nec
839 444 878 472 38
891 442 933 483 1d
973 441 1222 506 reipublicae
1257 452 1447 497 repetere
1478 452 1546 483 ut-

104 514 288 556 cumque
310 513 483 541 necesse
505 508 583 551 est,
606 514 744 554 neque
765 511 830 540 est
853 500 1076 540 excusatio
1102 498 1385 549 difficultatis,
1408 513 1545 553 neque

106 572 276 614 aequum
311 567 390 608 est,
424 532 616 612 tempoie
646 566 689 597 et
727 556 796 598 die
829 557 1082 597 memoiiam
1114 555 1313 597 beneficii
1352 555 1543 597 definire.

107 613 333 659 Postremo
352 614 425 670 qui
447 615 489 655 in
507 613 751 655 ulciscendo
771 613 986 655 remissior
1004 613 1102 663 fuit,
1116 628 1219 655 mox
1242 621 1388 676 aperte
1400 612 1546 653 lauda-

108 682 197 714 tur:
222 681 266 714 at
284 672 535 728 gravissime
555 671 834 727 vitupeiwatui,
851 671 924 725 qui
946 671 987 712 in
1010 671 1140 712 tantis
1158 669 1394 719 beneficiis,
1412 684 1548 725 quan-

109 738 154 770 ta
172 744 246 771 vos
266 729 308 770 in
331 744 399 770 me
417 724 675 779 contulistis,
694 728 1015 769 remunerandis
1034 736 1098 769 est
1115 727 1296 770 tardior:
1323 741 1461 782 neque
1480 741 1548 767 so-

109 786 197 828 lum
218 787 424 842 ingratus,
441 785 586 841 quod
577 800 764 842 ipsum0
740 799 868 826 otrave
886 799 929 825 es
935 794 965 835 t,
984 799 1132 826 verum
1149 785 1277 826 etiam
1297 784 1454 840 impius
1473 799 1549 839 ap-

108 844 288 900 pelletur
307 856 476 884 necesse
494 852 572 884 est.
603 847 643 878 39
653 842 846 898 [Atque
836 857 877 883 ln
899 817 1044 883 officio
1066 841 1345 899 persolvendo
1363 841 1550 882 dissimi-

108 901 159 942 lis
181 910 245 942 est
267 901 391 951 ratio,
412 900 606 956 pecuniae
628 900 813 941 debitae:
847 909 1073 956 propterea
1093 900 1209 955 quod
1230 899 1455 963 pecuniam
1473 899 1548 953 qui

110 957 280 1009 retinet,
302 972 389 998 non
410 957 630 999 dissolvit:
663 958 736 1012 qui
768 957 967 1008 reddidit,
992 971 1077 998 non
1102 958 1260 999 habet:
1293 957 1476 1013 gratiam
1504 965 1548 997 et

110 1016 184 1071 qui
217 1015 377 1065 retulit,
415 1014 576 1066 habet;
613 1024 656 1056 et
689 1013 762 1069 qui
799 1014 945 1065 habet,
978 1014 1208 1067 dissolvit.]
1271 1015 1340 1061 Qu
1346 1023 1547 1069 lpropter
1565 1009 1631 1065 10

109 1072 362 1114 memoriam
392 1072 518 1112 vestri
554 1071 751 1113 beneficii
783 1072 922 1113 colam
954 1072 1244 1113 benivolentia
1273 1072 1611 1126 sempiterna,24

110 1132 152 1160 ⁴0
164 1144 251 1170 non
274 1129 410 1170 solum
433 1129 536 1170 dum
561 1129 705 1170 anima
726 1129 826 1185 spir·
816 1130 898 1170 ibo
927 1143 1036 1179 mea,
1059 1129 1132 1170 sed
1154 1130 1284 1170 etiam
1312 1143 1411 1170 cum
1434 1143 1549 1169 mor-

111 1195 188 1228 tuo
224 1195 502 1227 monumenta
535 1186 662 1227 vestri
701 1186 744 1226 in
778 1201 846 1226 me
878 1186 1077 1227 beneficii
1107 1187 1434 1250 permanebunt.
1496 1185 1549 1226 In

114 1243 337 1285 referenda
368 1253 511 1284 autem
546 1243 685 1299 gratia
722 1242 804 1284 hoc
838 1244 960 1284 vobis
993 1244 1263 1300 repromitto,
1298 1257 1550 1299 semperque

111 1302 344 1364 praestabo,
375 1300 481 1341 mihi
514 1315 651 1356 neque
682 1300 726 1341 in
757 1300 947 1341 consiliis
979 1301 1032 1342 de
1062 1301 1283 1356 republica
1313 1301 1550 1356 capiendis,

112 1357 413 1414 diligentiam·
453 1371 591 1413 neque
621 1358 665 1398 in
697 1357 896 1413 periculis
929 1373 954 1398 a
983 1358 1206 1414 republica
1236 1358 1550 1414 propulsandis,

116 1415 329 1467 animuin3
357 1428 495 1469 neque
517 1415 615 1455 411n
637 1415 850 1456 sententia
868 1415 1120 1471 simpliciter
1141 1415 1376 1467 referenda,
1397 1414 1549 1456 fidem·
1540 1447 1552 1467 ‚

114 1545 270 1582 occurrit,
286 1545 348 1575 nisi
371 1545 414 1575 sit
428 1555 487 1585 pro
501 1549 533 1575 et
545 1555 586 1575 ne
598 1555 651 1585 qu.
673 1549 712 1575 ut
727 1554 812 1585 saepe

114 1588 239 1619 factum
254 1591 304 1617 est
319 1587 419 1617 etiam
437 1598 494 1627 per
510 1587 610 1617 libros
625 1587 790 1617 meliores.

156 1632 196 1664 37
219 1638 319 1670 quam
337 1630 455 1669 optime
478 1630 616 1669 meritis]
643 1629 703 1659 Est
718 1640 738 1660 a
758 1629 815 1659 Vi-

113 1672 232 1703 etorio.
280 1672 468 1710 Superiores
490 1671 564 1703 edd.
588 1681 701 1702 omnes
730 1673 816 1701 male

116 1714 244 1745 meritis
276 1713 402 1753 referre
437 1714 521 1753 quod
555 1714 679 1750 debeas,
715 1723 814 1753 quam

118 1760 156 1786 ut
169 1757 245 1786 bene
260 1756 389 1786 meritos
401 1758 497 1786 colas.
543 1757 627 1786 Sane
641 1765 708 1786 non
723 1755 816 1786 valde

118 1798 227 1838 placet
255 1807 356 1838 quam
386 1800 504 1837 optime
532 1799 676 1829 meritis.-
711 1798 817 1828 altera

117 1840 225 1871 forma
246 1845 296 1870 est
323 1841 527 1878 concinnior,
546 1846 578 1870 et
601 1840 759 1881 superiori
774 1840 817 1870 si-

118 1882 249 1912 milior:
288 1882 384 1912 modo
407 1890 504 1921 esset,
527 1893 627 1923 quam
648 1884 724 1914 bene
751 1892 817 1913 me-

117 1924 197 1954 ritos
211 1925 321 1954 colere.

159 1969 200 1997 38
222 1967 258 1996 id
270 1967 350 2006 reip.
364 1968 520 2007 repetere]
548 1967 680 1997 Haesere
697 1967 730 1997 in
744 1977 815 1998 ver-

116 2007 158 2039 bo
172 2013 315 2048 repetere
337 2009 396 2039 viri
418 2009 520 2047 docti,
539 2014 573 2040 et
596 2009 629 2040 id
643 2010 729 2040 varie
741 2014 815 2040 ten-

117 2056 234 2081 tarunt
257 2051 429 2090 corrigere.
448 2061 515 2082 non
536 2051 685 2082 feliciter.
710 2052 816 2083 Hoto-

117 2102 258 2124 mannus
281 2094 476 2133 temporibus
498 2095 694 2133 corrigebat,
724 2095 816 2125 Grae-

116 2135 187 2165 vius
199 2136 291 2166 dare.
338 2136 476 2166 Facilius
498 2141 531 2168 et
547 2136 663 2166 melius
681 2141 752 2167 erat
765 2147 818 2167 ‘re-

119 2179 259 2209 mittere.
305 2177 485 2209 Remittere
506 2179 633 2217 aliquid
653 2180 733 2218 reip.
753 2179 818 2209 ele-

119 2225 253 2260 gansest
260 2221 543 2260 etsaepeoccnrrit,
549 2231 744 2270 quamquam
752 2222 818 2252 fere

118 2263 153 2295 in
166 2272 283 2302 genere
296 2262 457 2296 deteriori,
475 2269 514 2294 ut
524 2264 645 2294 simult
647 2270 720 2300 ntes,
732 2264 819 2302 iuju-

120 2305 194 2335 riaS.
240 2304 304 2335 Sed
334 2305 410 2344 quia
445 2311 521 2336 ante
558 2306 660 2336 etiam
688 2309 819 2336 ezmoran‘

121 2347 156 2378 in
184 2347 243 2377 tali
262 2356 379 2386 genere
404 2347 536 2385 dicitur,
565 2358 641 2378 cum
666 2348 745 2379 alias
772 2348 819 2379 di·

119 2396 215 2420 catur
238 2390 272 2418 in
288 2388 405 2425 altero,
428 2390 461 2419 in
492 2390 631 2430 injuriis,
648 2390 730 2421 nibil
759 2391 819 2420 im-

123 2431 226 2471 pedit,
243 2440 307 2471 quo
323 2431 431 2461 minus
446 2436 481 2462 et
494 2434 661 2463 remittere
674 2433 719 2463 sic
735 2433 820 2463 dica-

122 2478 190 2504 tur.

164 2518 219 2552 39
226 2515 332 2554 Atque
351 2516 385 2545 in
406 2513 463 2556 off.
484 2517 730 2556 ρ.-ιῖἱ,ςςοῖιὶι.]
750 2517 823 2548 Hoc

123 2549 234 2588 totum
264 2557 355 2588 abest
381 2568 400 2587 a
436 2558 488 2588 ΜΞ
490 2569 517 2588 s.
556 2559 671 2589 Dresd.
708 2560 760 2590 Fr.
796 2563 822 2590 Ι.

125 2599 236 2630 Guelf.
248 2599 299 2630 ed.
314 2599 367 2630 W.
381 2599 486 2632 Graev'
480 2610 527 2630 ius
542 2601 624 2631 bene
640 2603 825 2641 suspicaba-

125 2645 193 2678 tur,
207 2652 245 2672 ex
261 2641 325 2672 alio
343 2642 414 2672 loeo
436 2642 615 2680 Ciceronis,
631 2650 666 2674 ut
684 2644 723 2675 L.
742 2647 770 2675 l.
786 2643 824 2675 de

126 2683 212 2714 offic.
243 2683 308 2714 huc
338 2692 407 2714 esse
434 2685 647 2723 translatum,
674 2696 719 2716 sc.
749 2687 826 2716 scri-

127 2729 224 2765 ptum
251 2727 393 2766 primum
417 2727 449 2756 in
474 2728 635 2766 margine,
658 2728 801 2758 deinde
794 2739 828 2758 in

129 2771 260 2798 textum
288 2769 423 2799 venisse.
468 2768 560 2799 Nam
586 2780 656 2810 pro.
649 2771 734 2800 fecto
761 2780 830 2801 non

130 2807 214 2839 bene
229 2809 394 2840 consentit
416 2811 544 2841 ceteris.
589 2812 659 2843 Nec
673 2813 762 2843 enim
781 2818 831 2843 est

131 2842 186 2881 hie
212 2852 458 2885 commendatio
488 2852 604 2893 gratiae
641 2855 830 2892 referendae,

856 1544 911 1575 sed
934 1545 1109 1576 necessitas
1124 1546 1193 1584 ejus
1216 1547 1321 1586 major
1343 1555 1441 1585 quam
1458 1544 1558 1575 uleis-

856 1587 950 1618 cendi
963 1587 1221 1618 demonstratur.

899 1632 940 1660 40
963 1639 1026 1659 non
1048 1632 1151 1664 solum
1173 1631 1252 1660 dum
1269 1629 1345 1669 δία]
1373 1629 1405 1659 Si
1428 1637 1492 1659 non
1506 1632 1558 1659 est

858 1682 985 1708 verum,
1001 1671 1096 1703 debet
1109 1682 1177 1703 esse
1199 1673 1425 1712 interpunctio
1440 1672 1557 1709 major,

858 1714 880 1745 i.
898 1724 926 1744 e.
952 1714 1048 1744 colon
1065 1719 1138 1755 post
1152 1717 1349 1754 sempiterna
1360 1726 1369 1743 :
1395 1714 1474 1744 alias
1489 1722 1558 1743 esse

858 1756 956 1786 debet
982 1766 1039 1786 nec
1066 1758 1183 1788 solum.
1236 1757 1276 1787 In
1304 1757 1402 1787 verbo
1429 1756 1559 1794 spirabo

860 1798 951 1829 valde
966 1799 1095 1829 variant
1108 1809 1169 1829 scr.
1186 1804 1220 1829 et
1234 1799 1307 1829 edd.
1318 1799 1487 1838 superabo,
1503 1807 1558 1827 ex-

857 1842 1025 1880 supembo,
1052 1842 1220 1881 eaespz'rabo
1249 1842 1304 1871 &a
1332 1840 1420 1871 Illud
1445 1849 1560 1869 verum

859 1890 920 1914 est.
964 1884 1087 1914 Anima
1114 1893 1188 1914 mea
1214 1883 1388 1914 delendum
1417 1882 1559 1923 putabat

859 1926 1018 1963 Graevius,
1037 1931 1071 1956 et
1085 1927 1164 1956 dum
1178 1926 1318 1966 spirabo,
1334 1925 1384 1956 vel
1399 1924 1559 1965 superabo

858 1968 1045 2008 legendum.
1085 1968 1146 1998 Sed
1170 1968 1201 1998 id
1224 1978 1318 1998 aures
1342 1978 1409 1998 non
1433 1967 1556 2008 explet.

858 2010 1028 2041 Promittit
1042 2011 1155 2041 Cicero
1167 2011 1420 2050 perpetuitatem
1431 2019 1554 2040 memo-

858 2053 915 2083 riae
928 2063 994 2083 non
1011 2053 1106 2083 modo
1119 2062 1198 2089 suae,
1207 2052 1314 2092 quoad
1326 2052 1426 2090 vivat,
1438 2052 1494 2082 sed
1507 2056 1558 2082 et·

859 2095 924 2125 iam
939 2095 1066 2131 alienae,
1080 2106 1197 2135 nempe
1219 2105 1275 2135 per
1287 2100 1504 2125 monumenta
1518 2094 1560 2125 li-

859 2142 1018 2175 terarum,
1043 2138 1160 2176 quibus
1183 2137 1375 2168 memoriam
1393 2138 1438 2168 rei
1453 2143 1560 2168 tantm

860 2179 901 2210 ad
937 2182 1162 2220 posteritatem
1199 2186 1440 2220 propagaturus
1475 2184 1559 2210 erat.

861 2227 1070 2252 monumenta
1093 2222 1234 2261 beneficii
1253 2224 1505 2262 permanebunt,
1519 2221 1562 2253 ad

860 2270 1038 2303 utrumque
1053 2265 1208 2305 pertinet,
1224 2265 1302 2294 dum
1317 2275 1349 2295 a.
1365 2274 1412 2304 sp.
1429 2274 1512 2301 mea,
1527 2269 1562 2296 et

861 2317 936 2337 cum
952 2311 1088 2337 mortuo.
1134 2306 1243 2337 Habet
1266 2307 1387 2346 aliquid
1402 2306 1473 2337 duri
1489 2316 1562 2336 ora-

861 2350 923 2385 tio,
936 2349 991 2379 sed
1001 2350 1233 2380 concinnitatis
1243 2350 1445 2380 consectatio
1459 2350 1563 2379 inter-

862 2391 943 2422 dum
956 2391 1036 2422 talia
1052 2391 1170 2430 adfert,
1186 2401 1258 2431 quae
1275 2392 1486 2432 negligentiae
1501 2391 1561 2421 ali·

863 2433 940 2473 quid
954 2433 1088 2463 habent.

906 2478 943 2506 41
969 2477 1004 2505 in
1025 2477 1185 2506 sententia
1206 2476 1398 2516 simpliciter
1419 2473 1563 2514 referen-

865 2518 923 2557 da]
950 2518 1060 2547 Primo
1085 2519 1213 2548 luerent
1241 2518 1274 2548 in
1299 2517 1484 2553 referenda,
1504 2526 1563 2557 pro

866 2571 931 2599 quo
955 2559 1155 2598 velserenda
1178 2559 1229 2590 vel
1244 2558 1411 2600 efferenda
1430 2559 1494 2598 legi
1509 2569 1564 2588 vo-

866 2602 951 2633 lunt.
998 2602 1098 2632 Ferre
1121 2604 1315 2633 sententiam
1343 2602 1382 2632 de
1404 2601 1565 2643 senatori7

867 2645 927 2675 bus
943 2654 1009 2674 non
1023 2650 1073 2674 est
1091 2646 1228 2685 proprie.
1275 2644 1336 2674 Sed
1351 2651 1429 2674 sunt
1445 2648 1477 2673 et
1494 2643 1567 2683 plu-

870 2697 907 2717 ra
919 2686 1080 2726 exempla,
1094 2697 1167 2725 quae.
1181 2687 1244 2717 vid.
1260 2687 1294 2716 in
1310 2687 1408 2717 Clave
1417 2685 1565 2724 inferre.

872 2729 987 2768 Itaque
995 2729 1139 2767 serenda
1162 2730 1275 2769 probo.
1322 2728 1384 2758 Sed
1400 2737 1499 2766 quare
1511 2737 1570 2758 ne-

873 2781 927 2801 mo
941 2771 1037 2801 haesit
1063 2772 1096 2800 in
1120 2773 1192 2810 sim)
1193 2772 1310 2801 diriter
1322 2771 1338 2798 ?
1359 2769 1442 2808 quod
1462 2769 1570 2809 profe-

873 2818 928 2843 cto
943 2813 1050 2843 locum
1068 2813 1120 2843 hie
1135 2823 1202 2843 non
1213 2813 1324 2842 habet.
1370 2811 1572 2851 Simpliciter

874 2856 980 2887 dicere
1000 2857 1138 2887 sementi
1128 2865 1196 2886 am
1217 2854 1300 2886 bene
1323 2853 1445 2885 habet.
1467 2853 1523 2886 sed
1537 2853 1572 2887 id
