1812 3147
176 1871 246 1919 14

255 132 334 168 744
846 130 1099 168 ORATIO

259 236 477 284 postremo
499 233 637 272 anno?
667 246 809 274 nonne
832 231 912 275 M'.
936 233 1069 276 Curio
1099 242 1142 275 et
1174 233 1224 275 P.
1251 233 1433 276 Sextilio
1465 234 1695 289 quaestoriss

260 288 354 337 bus,
377 288 560 343 pecunia
581 289 624 329 in
647 289 822 331 classem
846 301 911 331 est
932 293 1136 347 erogata?
1166 291 1298 346 quid?
1330 292 1413 333 hoe
1434 292 1550 333 omni
1585 300 1692 332 tem-

261 358 364 398 pore
396 345 561 400 equites
594 346 638 386 in
669 362 742 387 ora
774 348 989 389 maritima
1022 362 1107 389 non
1140 347 1340 390 fuerunt?
1374 348 1452 390 llla
1480 358 1544 389 est
1577 348 1692 389 enim

261 399 399 455 gloria
431 402 577 443 divina
611 402 833 459 Pompeii:
878 405 1063 460 primum
1102 405 1324 460 praedones
1358 420 1445 457 eos,
1480 406 1553 461 qui
1585 415 1693 455 tum,

261 472 360 498 eum
393 458 451 499 illi
476 458 632 500 bellum
656 461 918 501 maritimum
941 462 1175 517 gerendum
1198 463 1344 503 datum
1369 472 1447 513 est,
1470 472 1564 503 toto
1586 462 1692 503 mari

260 514 439 571 dispcrsi
459 517 739 572 vagabantur,
755 518 947 558 redactos
969 533 1060 559 esse
1074 533 1221 559 omnes
1242 519 1283 559 in
1301 528 1558 574 potestatem
1578 536 1586 560 :
1619 520 1692 559 de-

260 571 359 613 inde
383 573 550 628 Syriam
582 588 672 614 esse
707 584 908 625 nostram,
933 574 1132 616 Ciliciam
1166 576 1314 626 teneri,
1352 576 1545 632 Cyprum
1568 579 1608 610 39
1621 590 1694 632 per

263 628 548 671 Ptolcmaeum
569 644 712 686 regem
733 631 839 671 nihil
869 631 1048 673 audere:
1083 642 1290 688 praeterea
1313 631 1486 674 Cretam
1520 632 1692 673 Metelli

261 686 420 727 virtute
443 701 533 728 esse
556 698 768 729 nostram:
804 688 909 728 nihil
940 703 1044 740 esse,
1067 689 1178 729 unde
1210 689 1551 745 proficiscantur.
1583 689 1692 730 nihil

262 759 348 798 quo
372 754 661 786 revertantur:
695 760 842 786 omnes
874 745 1004 795 sinus,
1028 746 1335 802 promontoria,
1357 746 1497 797 litora,
1521 746 1694 796 insulas,

197 801 246 878 δὲ
265 801 388 841 urbes
408 802 656 853 maritimas,
678 802 871 843 claustris
895 803 1063 858 imperii
1088 803 1218 844 nostri
1243 804 1468 845 contineri.
1509 803 1694 854 Quodsi,

266 857 419 898 Flacco
445 868 640 913 praetore,
666 873 790 900 nemo
820 861 862 900 in
895 861 999 901 mari
1033 860 1177 915 praedo
1201 860 1364 911 suisset,
1388 870 1530 901 tamen
1564 860 1692 915 hujus

259 915 485 971 diligentia
508 915 854 971 reprehendenda
876 931 959 958 non
982 928 1107 958 esset.
1141 917 1300 959 idcireo
1331 918 1460 968 enim,
1483 918 1596 973 quod
1622 917 1695 958 hic

259 972 436 1012 classem
468 973 700 1024 habuisset,
739 975 1033 1015 existimarem
1065 990 1151 1015 non
1196 974 1340 1015 fuisse.
1401 975 1535 1025 Quid,
1567 975 1600 1015 si
1639 974 1687 1015 L.

259 1030 410 1085 Oppii,
445 1029 492 1070 L.
527 1029 666 1085 Agrii,
711 1030 761 1071 C.
798 1031 948 1082 Cestii,
983 1033 1178 1086 equitnm
1213 1032 1525 1083 Romanorum,
1561 1031 1690 1087 hujus

257 1087 384 1126 etiam
409 1086 630 1128 clarissimi
656 1087 749 1138 viri,
773 1088 855 1129 Cn.
881 1088 1080 1139 Domitii,
1099 1090 1171 1144 qui
1207 1090 1248 1129 in
1271 1088 1376 1130 Asia
1407 1098 1496 1130 turn
1526 1088 1692 1145 legatus

259 1143 357 1194 fuit,
387 1145 634 1185 testimonio
665 1146 814 1196 doceo,
846 1161 897 1186 eo
931 1146 1024 1202 ipso
1055 1155 1262 1202 tempore,
1295 1161 1380 1201 quo
1419 1156 1465 1187 tu
1496 1147 1586 1202 ipse
1618 1160 1691 1186 ne-

258 1215 333 1256 gas
376 1201 553 1242 classem
596 1202 837 1243 habendam
879 1203 1024 1253 fuisse,
1065 1203 1305 1259 complures
1348 1220 1373 1244 a
1415 1203 1690 1259 praedonibus

257 1272 348 1298 esse
390 1261 571 1314 captos?
613 1269 754 1300 tamen
798 1260 937 1301 Flacci
981 1261 1208 1301 consilium
1251 1262 1292 1302 in
1336 1261 1570 1316 remigibus
1611 1260 1698 1300 im·-

257 1316 455 1370 perandis
487 1316 845 1372 reprehendetur?
879 1317 1012 1367 Quid,
1040 1318 1073 1358 si
1099 1319 1226 1359 etiam
1258 1318 1424 1359 occisus
1447 1328 1510 1358 est
1532 1333 1557 1358 a
1581 1317 1692 1373 pira-

256 1372 311 1411 tis
333 1372 654 1424 Adramstenus,
686 1374 816 1416 homo
849 1374 1022 1426 nobilis,
1045 1375 1167 1430 cujus
1199 1385 1264 1416 est
1295 1375 1381 1416 fere
1404 1375 1528 1416 nobis
1551 1374 1690 1415 omni-

257 1430 337 1470 bus
380 1444 537 1471 nomen
579 1431 788 1481 auditum,
830 1431 984 1473 Atinas
1026 1432 1161 1488 pugil,
1207 1432 1557 1488 Olympionices?
1607 1432 1691 1473 hoc

256 1496 321 1526 est
354 1488 466 1542 apud
502 1487 681 1529 Graecos
715 1490 937 1544 (quoniam
972 1489 1024 1530 de
1053 1504 1202 1530 eorum
1234 1491 1446 1546 gravitate
1488 1488 1692 1540 dicimus)

257 1558 391 1599 prope
423 1545 577 1600 majus,
599 1555 643 1586 et
675 1546 917 1601 gloriosius,
940 1561 1066 1601 quam
1095 1546 1246 1588 Romae
1282 1546 1597 1603 triumphasse?
1631 1545 1691 1587 At

255 1601 473 1642 neminem
517 1603 684 1658 cepisti.
757 1604 900 1650 Quam
935 1603 1055 1644 multi
1085 1619 1171 1644 01·ae
1203 1604 1429 1645 maritimae
1467 1603 1689 1644 clarissimi

257 1658 335 1699 viri
381 1659 659 1714 praefuerunt,
701 1661 772 1715 qui
824 1675 923 1702 cum
965 1661 1211 1717 praedonem
1257 1661 1417 1702 nullum
1460 1661 1689 1716 cepissent,

256 1730 374 1756 marc
418 1727 559 1757 tamen
600 1726 739 1759 tutum
780 1718 1100 1774 praestiterunt?
1143 1733 1263 1759 casus
1294 1729 1359 1759 est
1391 1719 1502 1759 enim
1538 1718 1581 1758 in
1619 1733 1689 1759 ca-

260 1772 432 1827 piendo,
448 1773 578 1825 loeus,
593 1784 785 1826 eventus,
799 1775 985 1816 occasio.
1008 1775 1265 1816 defendendi
1289 1776 1425 1816 facilis
1448 1785 1511 1816 est
1528 1776 1688 1827 cautio,

258 1844 342 1870 non
368 1831 504 1871 solum
530 1831 716 1872 latibulis
747 1832 1014 1873 occultorum
1049 1832 1256 1884 locorum,
1280 1833 1351 1873 sed
1374 1833 1504 1873 etiam
1524 1842 1687 1889 tempe-

262 1897 416 1928 statum
458 1889 751 1930 moderatione
793 1900 836 1930 et
875 1891 1168 1931 conversione.
1248 1890 1479 1945 Reliquum
1521 1901 1600 1940 est,
1643 1900 1690 1930 ut

192 1940 243 1975 32
257 1955 487 1998 quaeratur,
512 1956 651 1987 utrum
676 1947 757 1987 ista
777 1947 938 1997 classis,
959 1962 1084 1988 cursu
1107 1957 1150 1988 et
1173 1948 1313 1997 remis,
1336 1962 1387 1987 an
1421 1957 1563 1988 sumtu
1596 1957 1690 1988 tan-

124 2587 154 2617 p.
172 2578 240 2607 153.

257 2012 348 2043 tum
371 2013 414 2043 et
434 2002 583 2044 litteris
604 2004 832 2059 navigarit.
894 2004 1011 2045 Num
1035 2005 1076 2045 id
1097 2005 1230 2061 igitur
1252 2004 1397 2061 negari
1431 2013 1588 2060 potest,
1611 2019 1687 2045 cu-

247 2058 321 2113 jus
345 2060 404 2100 rei
425 2072 582 2101 cuneta
605 2061 723 2102 testis
743 2071 807 2102 est
837 2060 955 2111 Asia,
981 2062 1187 2117 bipartito
1210 2061 1386 2103 classem
1409 2061 1685 2102 distributam

254 2116 399 2167 fuisse,
435 2127 482 2157 ut
511 2133 595 2159 una
628 2133 723 2174 pars
757 2133 886 2175 supra
918 2117 1153 2173 Ephesum,
1176 2119 1308 2160 altera
1330 2119 1441 2159 infra
1472 2118 1687 2174 Ephesum

253 2174 504 2230 navigaret?
548 2175 626 2216 hac
667 2175 800 2217 classe
844 2175 910 2217 M.
947 2175 1140 2226 Crassus,
1182 2178 1245 2217 vir
1286 2176 1589 2232 amplissimus,
1632 2176 1687 2216 ab

253 2231 370 2271 [Euo
388 2232 428 2273 in
450 2231 613 2283 Asiam,
628 2232 692 2274 his
716 2233 896 2274 navibus
917 2233 1094 2274 Flaccus
1111 2248 1164 2273 ex
1188 2233 1292 2273 Asia
1313 2233 1355 2273 in
1382 2232 1686 2274 Macedoniam

252 2289 489 2344 navigavit.
552 2289 603 2332 In
620 2305 705 2344 quo
723 2290 856 2346 igitur
877 2291 1073 2346 praetoris
1091 2299 1156 2331 est
1168 2291 1393 2345 diligentia
1411 2290 1692 2346 requirenda?

252 2345 294 2385 in
320 2360 497 2386 numero
520 2347 709 2398 navium,
732 2356 776 2388 et
800 2347 843 2388 in
866 2348 1153 2403 descriptione
1176 2347 1376 2402 aequabili
1400 2349 1592 2388 sumtus?
1624 2347 1689 2387 (li-

250 2403 432 2444 midium
467 2403 573 2458 ejus,
608 2419 694 2459 quo
731 2404 962 2460 Pompeius
996 2414 1086 2445 erat
1119 2420 1233 2456 usus,
1265 2405 1506 2460 imperavit.
1569 2404 1686 2444 Num

251 2460 397 2516 potuit
428 2462 622 2516 parcius?
684 2460 928 2517 Descripsit
959 2473 1102 2503 autem
1138 2462 1363 2517 pecuniam
1396 2461 1448 2502 ad
1485 2460 1684 2516 Pompeii

252 2518 478 2568 rationem,
493 2534 589 2573 quae
609 2517 691 2558 fuit
707 2519 1034 2562 accommodata
1059 2519 1106 2560 L.
1122 2519 1249 2561 Sullae
1265 2519 1543 2574 descriptioni
1561 2535 1570 2559 z
1595 2517 1685 2573 qui,

253 2577 399 2616 40cum
421 2576 460 2616 in
486 2591 633 2616 omnes
663 2575 780 2618 Asiae
816 2576 1013 2618 civitates
1038 2591 1114 2632 pro
1144 2577 1343 2633 portione
1378 2575 1581 2632 pecunias
1612 2574 1686 2615 de-

291 2684 331 2714 39
349 2691 411 2720 per
426 2680 640 2711 Ptolemrwm
663 2681 789 2720 regem]
816 2681 944 2721 Nempe
988 2682 1120 2721 vulgata
1135 2681 1232 2711 lectio
1247 2681 1414 2711 evidenter
1427 2681 1542 2710 vitiosa
1550 2684 1612 2712 est,
1627 2689 1686 2709 nec

248 2734 337 2759 eum,
356 2728 471 2753 eontra
485 2733 580 2762 quem
597 2723 712 2753 Clodia
734 2728 807 2763 post
822 2723 873 2753 lex
898 2723 945 2753 fa·
989 2724 1093 2754 ullum
1116 2733 1247 2753 sensum
1271 2723 1480 2753 commodum
1504 2722 1614 2758 habet,
1630 2722 1683 2760 qui

248 2772 303 2794 ωτι
316 2772 375 2794 est.
393 2776 421 2794 v.
436 2765 528 2796 Clav.
545 2766 577 2796 in
594 2766 679 2796 Ptol.
695 2775 728 2796 n.
742 2768 773 2796 3.
788 2772 822 2796 et
840 2766 945 2804 Leges
987 2767 1030 2796 sit
1045 2771 1139 2806 aptus
1156 2765 1422 2796 antecedentibus
1437 2771 1470 2794 et
1485 2773 1684 2803 consequen-

253 2808 378 2839 Clmlioe.
988 2809 1087 2844 tibus,
1104 2813 1136 2837 et
1153 2807 1321 2837 latinitati.
1367 2807 1519 2847 Ineptum
1531 2807 1617 2836 enim
1634 2811 1686 2836 est

289 2852 330 2880 40
352 2860 426 2879 enm
437 2860 544 2880 omnes
558 2850 641 2880 Asia>
655 2850 801 2879 civitates
810 2859 943 2889 propor-
986 2853 1020 2880 in
1030 2851 1216 2890 provincius
1228 2851 1374 2879 civitates
1387 2849 1571 2879 describere.
1617 2848 1683 2878 Im-

248 2894 332 2922 tieme
355 2894 387 2922 in
405 2894 592 2932 provincias
607 2892 835 2932 descripsisset]
864 2893 943 2923 Haec
988 2903 1041 2924 mo
1052 2893 1227 2934 provincia:
1237 2892 1464 2923 describuntur
1474 2891 1683 2922 incivitatesz
