1769 3174
0 0 4 140 i
474 107 592 146 PRO
630 106 718 145 CN.
751 107 1030 146 PLANCIO.
1408 110 1486 152 937

0 144 3 258 i
37 223 225 263 causam,
267 219 410 253 tamen
449 211 580 266 hujus
623 211 849 267 repentino
891 210 1083 266 periculo
1124 212 1347 263 commoti,
1381 211 1485 253 huic

0 262 2 322 l
37 270 241 322 assident,
265 284 341 325 pro
374 269 456 309 hoc
481 268 700 310 laborant:
735 268 835 308 huic
865 267 899 308 si
933 277 1091 322 praesto
1124 267 1297 318 fuerint,
1321 270 1484 323 gratius

0 326 1 378 ζ
39 342 84 367 se
105 327 356 368 civitatibus
390 326 475 366 suis
509 325 697 367 facturos
732 334 901 380 putant,
920 338 1049 378 quam
1084 323 1117 364 si
1149 323 1409 380 legationem
1440 335 1485 365 et

0 393 1 400 ¹
39 385 243 425 mandata
271 399 346 426 sua
361 381 641 424 confecerint.
704 381 754 422 L.
776 396 877 422 vero
898 380 1116 436 Apuleius
1151 380 1266 422 hunc
1290 383 1397 422 tanti
1422 381 1485 422 fa-

39 441 115 491 cit,
149 451 197 481 ut
229 454 392 482 morem
432 439 550 480 illuni
588 439 817 494 majorum,
851 438 923 493 qui
961 437 1215 493 praescribit,
1246 439 1290 478 in
1333 453 1484 494 paren-

38 505 133 538 tum
174 498 270 539 loco
301 498 586 552 quaestoribus
618 497 703 537 suis
735 504 939 551 praetores
973 510 1063 536 esse
1091 504 1303 551 oportere,
1329 493 1619 536 officijspffllci.

38 555 425 609 benevolentiaque
452 554 674 610 superarit.
733 552 950 593 Tribunus
985 552 1121 609 plebis
1155 552 1253 603 fuit,
1281 567 1368 593 non
1398 546 1528 593 for-²²·

38 620 150 652 tasse
175 622 259 653 tam
285 612 526 662 vehemens,
554 626 683 666 quam
714 610 800 660 isti,
823 612 862 643 57
876 624 983 666 quos
1015 620 1060 651 tu
1085 609 1184 664 jure
1205 609 1376 650 laudas:
1410 609 1484 649 sed

17 703 19 705 .
39 678 155 710 certe
178 669 287 720 talis,
310 668 455 724 quales
488 669 521 709 si
555 682 702 709 omnes
734 681 900 722 semper
921 666 1126 718 fuissent,
1148 681 1381 722 numquam
1411 666 1485 707 de-

38 725 247 767 sideratus
272 727 499 767 vehemens
521 735 631 766 esset
656 725 867 765 tribunus.
930 724 1100 765 Omitto
1124 724 1207 775 iila,
1231 740 1327 780 quac
1352 724 1384 764 si
1405 724 1484 764 mi-
1502 715 1566 761 12

39 797 121 824 nus
143 784 239 834 fzssin
279 798 405 824 scena
447 792 559 833 sunt,
591 790 635 823 at
667 791 796 833 certe,
829 796 926 822 cum
967 792 1065 822 sunt
1098 782 1278 837 prolata,
1310 781 1548 822 laudan-29

41 849 136 882 tur:
169 853 216 881 ut
239 840 354 880 vivat
375 855 473 881 cum
497 841 607 881 suis:
632 840 816 895 primum
837 853 933 880 cum
956 849 1145 894 parente,
1164 843 1281 891 (nam
1303 853 1398 880 meo
1413 839 1488 894 ju-

40 897 156 939 dicio
180 898 315 954 pietas
336 897 661 938 fundamentum
692 906 756 936 est
783 897 973 937 omnium
1005 897 1248 947 virtutum,)
1268 911 1394 951 quem
1418 910 1490 936 ve-

11 995 13 998 ,
41 964 158 995 retur
180 965 227 996 ut
248 955 391 1006 deum,
413 957 452 988 59
467 958 624 1009 (neque
643 954 756 995 enim
772 962 836 994 est
849 953 985 995 multo
1005 968 1124 995 secus
1140 968 1291 1009 parens
1312 953 1491 1003 iiberis‚)

42 1022 160 1053 amat
191 1026 288 1053 vero
322 1020 370 1052 ut
401 1011 604 1063 sodalem,
634 1021 682 1052 ut
714 1011 905 1062 fratrem,
925 1021 973 1051 ut
995 1010 1219 1066 aequalem.
1281 1011 1398 1057 Quid.
1425 1010 1492 1051 di-

43 1084 137 1110 cam
171 1084 271 1110 cum
312 1071 495 1125 patruo?
537 1084 636 1109 cum
671 1068 901 1111 affinibus?
944 1083 1042 1110 cum
1076 1068 1357 1124 propinquis?
1390 1082 1492 1109 cum

39 1125 126 1168 hoc
150 1126 201 1168 C.
226 1126 475 1177 Saturnino,
497 1127 771 1167 ornatissimo
795 1126 915 1169 viro?
947 1126 1289 1181 cujusquantam
1313 1125 1490 1166 honoris

44 1183 173 1240 hujus
196 1184 479 1239 cupiditatem
502 1183 634 1224 fuisse
657 1184 845 1235 creditis,
868 1198 967 1224 cum
995 1183 1170 1224 videatis
1193 1183 1333 1224 luctus
1356 1183 1492 1224 socic-

44 1244 206 1284 tatem?
249 1241 365 1288 Quid
398 1241 451 1282 de
484 1256 550 1281 me
591 1242 760 1282 dicam?
802 1241 875 1296 qui
907 1240 1013 1281 mihi
1058 1241 1099 1281 in
1132 1241 1260 1296 hujus
1299 1240 1492 1295 periculo

44 1312 140 1340 reus
170 1313 262 1340 esse
293 1298 467 1340 videor?
497 1298 601 1353 quid
634 1299 686 1340 de
719 1299 785 1339 his
819 1307 886 1339 tot
918 1298 1019 1339 viris
1051 1298 1223 1348 talibus,
1241 1312 1349 1353 quos
1372 1297 1492 1339 vide-

43 1356 98 1397 tis
132 1366 248 1397 veste
280 1359 471 1398 mutata?
501 1355 638 1411 Atqui
670 1356 765 1397 haec
805 1365 905 1396 sunt
937 1355 1098 1396 indicia
1130 1355 1279 1405 solida,
1302 1355 1491 1410 judices,

42 1422 87 1454 et
108 1428 334 1469 exp1·essa;
367 1414 461 1454 haec
489 1414 611 1469 signa
646 1414 888 1469 probitatis,
912 1428 999 1454 non
1035 1412 1181 1453 fucata
1211 1412 1370 1453 forensi
1394 1427 1490 1468 spe-

42 1471 125 1521 cie,
148 1471 220 1511 sed
242 1471 488 1512 domesticis
511 1471 653 1512 inusta
673 1471 788 1512 notis
811 1471 1017 1512 veritatis.
1064 1470 1220 1511 Facilis
1241 1479 1306 1510 est
1329 1470 1398 1510 illa
1416 1485 1491 1511 oc-

43 1528 232 1569 cursatio
264 1537 308 1568 et
341 1528 548 1569 blanditia
591 1528 832 1585 popularis:
871 1527 1121 1584 adspicitur,
1162 1542 1250 1568 non
1288 1536 1491 1568 attrecta-

29 1593 138 1638 rtur3
172 1584 322 1641 procul
352 1594 544 1642 apparet,
576 1601 664 1627 non
697 1585 931 1637 excutitur,
961 1600 1049 1626 non
1081 1585 1126 1626 in
1166 1599 1319 1626 manus
1358 1585 1489 1625 suini-

46 1651 128 1684 tur.
191 1642 406 1684 Omnibus
441 1643 574 1698 igitur
605 1644 732 1684 rebus
763 1652 963 1684 ornatum
992 1642 1229 1692 hominem,
1251 1642 1292 1672 60
1308 1652 1395 1682 tam
1412 1642 1553 1683 ex-30

45 1700 334 1755 ternis‚quam
350 1700 622 1742 domesticis:
645 1700 860 1742 nonnullis
883 1701 1009 1741 rebus
1030 1700 1066 1730 61
1086 1700 1348 1750 inferiorem,
1362 1715 1492 1754 quam

32 1766 104 1808 ,te,
123 1757 290 1814 generis
321 1765 364 1798 et
397 1757 597 1810 nominis,
619 1758 743 1800 dico:
783 1758 1045 1813 superiorem
1078 1757 1186 1807 aliis,
1208 1757 1494 1813 municipum,

47 1814 302 1866 vicinorum,
325 1815 580 1856 societatum
602 1816 760 1867 studio,
778 1825 1023 1871 temporum
1043 1828 1239 1854 meorum
1262 1816 1492 1857 memoria:

36 1879 193 1928 'parem
230 1872 402 1925 virtute,
436 1873 701 1929 integritate,
733 1873 970 1926 modestia;
1003 1871 1172 1913 aedilem
1206 1871 1370 1913 factum
1403 1886 1496 1914 esse

47 1929 242 1972 miraris?

108 1985 240 2027 Hunc
262 1997 310 2027 tu
330 1986 431 2028 vitae
462 1986 731 2043 splendorem
762 1987 941 2029 maculis
974 1984 1194 2043 adspergis
1224 1985 1346 2028 istis?
1375 1985 1495 2029 Jacis

36 2043 269 2097 adulteria,
291 2059 388 2100 quae
410 2058 538 2086 nemo
559 2045 699 2087 62110ss
720 2046 851 2087 modo
872 2044 1061 2096 nomine,
1085 2043 1157 2084 sed
1175 2057 1230 2084 ne
1250 2044 1496 2101 suspicione

92 2192 130 2224 57
153 2176 228 2230 quos
247 2189 529 2236 tujurefaudas]
554 2192 749 2232 Suspectum

835 2192 872 2223 61
898 2189 1099 2231 inferiorem,
1112 2200 1212 2231 quam
1230 2189 1276 2231 te]
1300 2190 1416 2232 Quam
1428 2190 1495 2223 ele-

43 2230 114 2262 >fuit
139 2233 215 2263 viris
241 2232 345 2263 doctis
363 2243 465 2273 jure:
490 2233 570 2264 mihi
601 2244 749 2274 quoque3

793 2235 925 2273 gantius
944 2234 1083 2270 abesset,
1096 2234 1152 2264 sed
1168 2234 1244 2273 quia
1265 2237 1300 2264 et
1321 2233 1385 2264 alia
1406 2244 1495 2273 quae-

40 2274 106 2304 .sed
132 2284 191 2314 pro
217 2274 336 2315 glossa,
362 2275 537 2315 adscripta,
566 2278 642 2315 quia
670 2277 750 2307 alias

50 2316 175 2348 tribuni
211 2318 419 2348 vehementes
454 2327 522 2348 non
559 2318 748 2350 laudantur.

52 2358 158 2398 Atque
189 2359 252 2389 hoe
279 2360 433 2390 videntur
464 2361 666 2392 existimasse
693 2363 748 2401 qui

51 2400 203 2432 dilaudas
217 2403 398 2442 corrigunt.

95 2445 132 2474 53
155 2444 190 2473 in
203 2448 298 2474 scena
311 2445 401 2484 sunt]
427 2445 448 2474 i.
462 2455 492 2475 e.
507 2445 600 2476 valde
623 2446 655 2476 in
671 2456 749 2476 ocu-

53 2483 102 2514 los
122 2485 295 2517 incurrunt
322 2487 487 2524 omnibus,
505 2494 542 2518 nt
557 2489 634 2518 alibi
646 2488 751 2528 loqui-

53 2531 120 2563 tur,
136 2532 170 2558 et
184 2527 434 2560 admirationem
450 2535 595 2561 movent.

97 2572 136 2602 59
157 2579 257 2610 neque
269 2572 356 2602 enim
377 2576 424 2602 est
444 2573 546 2603 „tulto
558 2573 661 2612 secus]
687 2573 752 2604 Est

55 2609 136 2641 bene
151 2611 298 2643 additum
321 2625 358 2644 ex
382 2614 450 2644 Erf.
463 2614 524 2645 int.
541 2625 639 2654 quam
661 2616 752 2646 Deus

55 2650 254 2685 hominibus.

97 2695 138 2725 60
158 2700 228 2726 tam
256 2701 320 2728 exe.
348 2708 449 2737 qtcam
472 2698 663 2738 domesticis]
699 2701 752 2730 Sic

57 2734 120 2783 Ms.
137 2737 204 2768 Erf.
225 2742 259 2768 et
281 2739 355 2770 inde
370 2741 527 2772 Graevius.
572 2740 753 2782 vulgatum

57 2777 132 2808 inde
144 2789 163 2809 a
177 2779 350 2817 Lambinm
365 2792 539 2823 qua—qua
560 2788 610 2813 cst
630 2794 648 2814 e
664 2794 755 2815 mera

57 2821 254 2893 conjectura.
287 2823 355 2855 edd.
389 2828 468 2856 vett.
497 2835 754 2867 quem—quem,

58 2870 131 2902 uiep
149 2872 177 2894 e.

792 2277 868 2307 dam
884 2277 979 2314 hujus
1002 2276 1117 2306 formae
1139 2275 1289 2316 exempla
1303 2281 1394 2313 sunt,
1409 2276 1494 2308 fera-

792 2329 865 2350 mus
878 2330 887 2349 :
911 2328 1098 2358 quanquam
1113 2318 1147 2348 in
1160 2319 1224 2348 illis
1236 2317 1393 2358 exemplis
1407 2319 1495 2350 mul-

790 2367 867 2392 tum
889 2362 1006 2391 incerti
1030 2365 1090 2391 est.
1134 2361 1196 2391 Sed
1222 2360 1360 2390 fortasse
1381 2365 1494 2393 totuin

791 2404 854 2434 hoc
885 2413 985 2444 quam
1012 2407 1043 2434 te
1074 2407 1125 2433 est
1159 2414 1198 2433 ex
1226 2402 1495 2443 interpolatione.

791 2446 920 2477 Deinde
935 2447 969 2475 in
982 2446 1114 2484 generis
1127 2449 1158 2475 et
1168 2446 1307 2475 nominis
1319 2445 1401 2482 dico,
1416 2445 1497 2476 ulti-

794 2499 886 2519 mum
906 2489 1042 2518 verbum
1057 2498 1169 2518 verum
1191 2497 1260 2518 esse
1283 2497 1350 2518 non
1373 2493 1495 2527 potest.

794 2531 971 2570 requiritur
999 2530 1087 2561 enim
1116 2530 1372 2566 substantivum,
1393 2534 1433 2560 ut
1459 2531 1496 2561 in

793 2574 1005 2613 sequentibus
1016 2573 1308 2609 stndio,memm'ia.
1327 2571 1379 2601 An
1390 2573 1497 2611 splen-

794 2617 870 2646 dore
882 2616 898 2645 ?
919 2615 1005 2646 Dico
1017 2622 1051 2645 et
1065 2616 1171 2655 ipsum
1186 2619 1236 2645 est
1248 2614 1288 2645 ab
1301 2612 1495 2654 glossatore,

795 2667 872 2688 nam
887 2662 937 2687 est
951 2659 1082 2688 scilieet.

837 2701 878 2730 62
899 2709 964 2730 non
990 2700 1081 2730 modo
1103 2698 1245 2737 nomine]
1270 2698 1340 2728 Nec
1362 2697 1496 2728 Lambi-

797 2751 858 2773 nus
874 2742 938 2772 vim
955 2741 1051 2780 hujus
1066 2742 1154 2771 verbi
1176 2745 1342 2771 assecutus
1362 2744 1425 2776 est,
1439 2741 1495 2779 qui

796 2784 938 2814 correxit
949 2785 1098 2820 crimine,
1114 2792 1173 2813 nec
1188 2782 1347 2818 Graevius,
1363 2783 1418 2821 qui
1436 2792 1496 2822 pro

797 2827 935 2856 crimine
960 2826 1085 2856 dictum
1113 2827 1222 2865 putat.
1266 2824 1415 2854 Pertinet
1439 2835 1498 2855 au-

797 2873 867 2900 tem
882 2868 922 2899 ad
932 2868 1078 2906 verbum,
1089 2877 1152 2908 quo
1164 2876 1241 2898 usus
1252 2871 1323 2898 erat
1338 2866 1498 2898 Lateren-
