1785 3185
231 99 327 132 1204
817 95 1068 133 ORATIO

164 197 343 238 mxime
364 195 483 238 illum
506 212 676 254 quoque
707 198 965 240 fefellissem.
1024 198 1084 239 At
1114 198 1167 239 de
1196 210 1266 238 me
1295 195 1568 237 omittamus:
1600 191 1655 232 ad

225 253 540 296 Alexandrinos
576 256 680 296 istos
720 267 993 297 revertamur.
1054 255 1183 303 Quod
1223 253 1497 317 babent-os?
1527 262 1656 313 quarn

226 310 476 353 audaciam?
507 313 650 363 modo,
681 314 802 354 vobis
825 314 1179 369 inspectantibus,
1201 313 1242 352 in
1269 311 1438 365 judicio
1462 308 1657 370 Gabinii,

227 367 354 408 tertio
394 383 564 424 quoque
605 371 734 411 verbo
780 372 1104 411 excitabantur:
1157 372 1656 431 liegabant‚npecun1am

227 422 418 467 Gabinio
459 426 617 468 datam.
656 427 914 468 recitabatur
952 426 1184 467 identidem
1226 425 1420 479 Pompeii
1465 429 1657 484 testimo-

225 480 370 524 nium:
403 497 545 539 regem
589 484 642 524 ad
673 499 716 524 se
755 484 985 538 scripsisse,
1009 483 1165 523 nullam
1198 482 1424 537 pecuniam
1449 479 1657 526 Gabinio,

226 538 309 578 nisi
342 539 383 580 in
415 555 501 581 rem
534 540 776 590 militarem,
798 541 955 581 datam.
1018 540 1117 580 Non
1149 548 1227 588 est,
1258 538 1412 592 inquit,
1443 546 1532 599 tuin
1557 533 1658 574 Ale-

228 595 449 636 xandrinis
491 598 672 638 testibus
702 597 926 638 creditum.
986 599 1026 626 48
1042 596 1187 642 Quid?
1231 604 1379 650 postea
1418 591 1656 634 creditum?

227 665 329 692 non.
352 655 659 707 quamobrem?
703 653 804 708 quia
834 668 948 693 nunc
979 653 1113 702 aiunt,
1144 653 1258 707 quod
1291 660 1392 691 tnnc
1423 650 1655 712 negabant·

166 713 216 746 35
231 708 376 755 Quid?
406 724 509 765 ergo
544 711 625 750 ista
654 710 845 751 conditio
876 720 939 750 est
973 711 1160 755 testium,
1182 719 1243 759 ut,
1270 708 1425 762 quibus
1446 705 1655 768 creditum

226 780 313 806 non
346 766 400 807 sit
431 768 700 822 negantibuS,
724 767 874 808 iisdem
904 767 1100 807 credatur
1130 765 1400 807 dicentibus?
1431 761 1508 825 At,
1528 776 1561 802 s1
1587 774 1657 800 ve-

227 837 322 863 rum
347 832 435 863 tum
457 838 555 864 cum
579 823 798 864 verissima
828 823 969 864 fronte
999 824 1216 873 dixerunt,
1239 836 1352 862 nunc
1378 825 1660 883 mentiuntur.

228 879 262 919 si
306 889 407 921 tunc
448 880 616 920 mentiti
659 889 782 931 sunt3
813 880 996 920 doceant
1026 895 1103 921 nos
1136 881 1308 920 verum?
1345 876 1463 925 Quid
1504 875 1660 916 vultis?

229 935 394 976 sileant.
453 939 497 981 ⁴9,
512 936 663 977 Dicere
686 937 977 986 audiebamus,
999 936 1329 987 Alexandriam3
1361 948 1474 975 nunc
1496 946 1660 989 cogno-

230 993 401 1033 scimus.
433 992 548 1034 illinc
573 1007 720 1034 omnes
752 994 1005 1048 praestigiae:
1039 994 1168 1043 illinc,
1192 994 1380 1049 inquam,
1403 1004 1551 1032 omnes
1581 987 1661 1029 fal-

229 1049 375 1091 laciae:
408 1051 553 1090 omnia
583 1051 767 1105 denique
796 1052 850 1092 ab
884 1050 946 1091 his
972 1053 1011 1081 50
1024 1051 1251 1091 mimorum
1281 1055 1663 1110 argumentabata

232 1116 344 1147 sunt.
369 1121 445 1147 nec
477 1107 582 1147 mihi
615 1107 783 1163 longius
806 1107 1039 1163 quidquam
1070 1117 1148 1158 est,
1164 1107 1348 1162 judiceS,
1370 1120 1497 1160 quam
1518 1103 1661 1145 videre

154 1161 455 1207 13hominuin
483 1164 639 1205 vultus.
708 1164 920 1205 Dixerunt
950 1165 1020 1205 bie
1060 1165 1188 1205 modo
1220 1164 1444 1205 nobiscum
1471 1162 1534 1225 ad·
1566 1161 1662 1224 baec

168 1232 219 1264 36
233 1220 442 1271 subsellia,
464 1221 619 1277 quibus
651 1221 886 1278 superciliis
917 1231 1141 1262 renuentes
1171 1221 1272 1262 huic
1303 1221 1450 1262 decem
1480 1217 1662 1283 millium

230 1276 422 1320 crimini!
456 1277 607 1321 51Jam
630 1279 763 1319 nostis
785 1278 1068 1321 insulsitatem
1089 1278 1356 1320 Graecorum.
1376 1276 1564 1318 humeris
1587 1289 1662 1332 ge-

270 1405 310 1433 48
327 1402 421 1443 ‚Quid
431 1404 447 1433 .?
464 1408 576 1443 postea
590 1405 750 1436 creditum
767 1405 842 1444 &c.]
861 1405 924 1435 Hic

230 1444 319 1475 locus
334 1451 424 1475 totus
439 1445 575 1476 difficilis
598 1452 658 1483 est,
680 1451 713 1477 et
735 1448 805 1477 sine
828 1447 926 1477 dubio

229 1492 414 1526 corruptus,
423 1489 562 1518 maxime
573 1499 610 1519 ex
623 1499 688 1519 non
703 1488 928 1519 animadversa

231 1528 451 1559 alternatione
471 1530 652 1569 objicientis
674 1535 708 1561 et
732 1531 927 1571 responden-

229 1570 283 1600 tis.
328 1571 397 1600 Viri
413 1571 513 1608 docti,
536 1572 781 1609 Hotmnannns,
800 1573 929 1603 Lambi-

230 1621 304 1649 nus,
323 1612 506 1649 Manutius,
528 1614 685 1645 Patricius
709 1616 743 1645 in
763 1626 800 1646 eo
817 1625 927 1645 emen·

230 1653 337 1684 dando
356 1655 555 1686 laborarunt.
581 1657 651 1696 Ego
667 1657 711 1687 sic
728 1657 835 1687 locuni
851 1662 927 1687 con-

231 1696 396 1726 stituerim
415 1708 423 1726 z
473 1698 567 1738 Quid
594 1703 706 1739 postea
721 1700 737 1728 ,7
782 1701 928 1730 creditur

230 1748 319 1768 nuno
331 1739 347 1767 .⁷
370 1741 577 1778 quamobrem
593 1742 608 1770 .-⁹
626 1742 704 1780 quia
718 1751 805 1772 nunc
819 1743 926 1778 aiunt,

232 1781 316 1819 quod
330 1785 407 1810 cunc
420 1783 612 1820 negabant?
635 1783 727 1824 ‚Quid
739 1785 842 1822 ergo?
865 1786 927 1814 ista

232 1823 368 1851 conditio
392 1827 438 1853 est
462 1825 605 1860 testium,
626 1830 675 1862 ub,
692 1826 806 1865 quibus
827 1827 929 1856 credi-

233 1869 306 1893 tum
321 1874 385 1894 non
398 1867 439 1894 sit
459 1867 665 1904 negantibus,
681 1868 794 1898 iisdem
813 1867 929 1898 ’creda-

234 1910 291 1936 tur
311 1907 515 1938 dicentibus?
538 1909 582 1938 Ac
607 1911 635 1938 si
663 1913 734 1940 tum
761 1911 930 1940 verissima

222 1946 341 1991 fronte
357 1949 530 1983 diverunt:
555 1961 642 1981 nunc
657 1953 880 1982 mentiuntur.-
902 1954 930 1982 si

234 1994 312 2020 tunc
339 1993 465 2020 mentita·
489 1997 585 2024 sunt‚·
613 1994 745 2023 doceant
770 2004 853 2024 mma
879 2005 931 2025 ves·-

232 2041 320 2062 rum.
374 2034 467 2073 Quid
495 2036 592 2064 vultis
617 2037 788 2074 amplius?
819 2038 925 2068 silent.

234 2073 380 2104 Primum
393 2076 538 2106 creditur
550 2077 613 2106 fuit
628 2077 660 2106 in
679 2079 754 2108 Mss.
767 2079 927 2115 Memmii,

233 2118 318 2146 teste
335 2115 513 2147 Lambino:
539 2120 592 2158 qui
620 2119 694 2150 inde
722 2120 802 2151 facit
822 2122 929 2151 crede-

234 2161 302 2193 tur,
319 2158 529 2197 probantibus
553 2160 645 2198 aliis3
675 2162 763 2201 quod
782 2173 849 2193 non
875 2172 929 2193 ne-

234 2199 408 2230 cessarium
425 2207 516 2240 puto.
541 2203 593 2232 Sic
606 2203 728 2234 habent
743 2205 842 2235 etiam
858 2205 930 2236 edd.

235 2240 330 2274 Rom.
349 2242 436 2272 Med.
477 2244 579 2274 Nunc
603 2246 786 2285 corrigebat
804 2253 838 2277 et
859 2248 931 2277 Ma-

236 2284 361 2320 nutius,
390 2285 613 2325 probabatque
636 2287 809 2324 Patricius,
834 2289 930 2328 idque

235 2333 347 2354 sensus
371 2327 542 2357 manifeste
566 2329 721 2367 postulat‚
767 2332 837 2361 Ista
859 2342 932 2361 con-

236 2366 314 2396 ditio
335 2372 380 2397 est
403 2370 546 2406 testium,
562 2375 631 2400 est:
656 2370 717 2401 hoc
739 2382 817 2411 ergo
838 2374 931 2403 testi-

236 2408 295 2439 bus
313 2409 412 2441 tribui
429 2417 535 2449 potest
551 2422 588 2441 ac
603 2414 747 2444 concedi.
763 2416 931 2446 verissima

226 2451 328 2491 from·
341 2458 403 2487 est,
421 2452 453 2482 in
470 2463 533 2492 qua
549 2454 676 2484 nullum
693 2461 743 2485 est
757 2458 930 2495 vestigium

237 2492 455 2526 simulationis
491 2499 550 2525 aut
583 2495 725 2528 fraudis:
763 2499 808 2527 sic
836 2508 931 2529 verus

237 2536 349 2565 vultus
363 2540 411 2565 est
426 2537 512 2575 apud
533 2535 735 2570 Terentium.
780 2540 930 2573 Doceant

237 2586 325 2606 nunc
353 2588 486 2608 verum:
511 2589 569 2619 pro
596 2581 626 2609 d.
650 2590 704 2609 nos
729 2592 757 2612 υ.
784 2583 930 2621 postulat

239 2619 432 2649 antithesis:
455 2621 483 2650 si
510 2625 588 2651 tuno
613 2623 739 2652 mentiti
764 2629 850 2654 suut.
897 2626 929 2655 Si

238 2661 308 2698 quis
321 2667 431 2691 tamen
445 2667 478 2692 et
490 2673 544 2692 nos
553 2665 670 2694 servari
682 2665 760 2695 velit
773 2677 781 2696 2
797 2666 931 2697 doceant

239 2712 325 2731 nime
339 2713 394 2733 ‘nos
407 2714 538 2734 verum.-
557 2715 622 2734 non
638 2706 729 2736 valde
743 2717 930 2747 repugnem.

239 2744 419 2775 ostendere
449 2746 563 2777 deinde
587 2748 668 2785 vult,
691 2758 745 2778 eos
772 2750 804 2779 id
828 2751 932 2781 facere

240 2795 305 2815 non
323 2797 426 2825 posse,
441 2798 499 2817 nec
515 2789 649 2820 audere:
673 2791 767 2821 silent
780 2804 788 2819 .·
812 2798 845 2821 ct
857 2794 935 2831 quid

239 2829 339 2859 vultis
365 2831 506 2870 amplius
532 2837 582 2862 est
610 2832 751 2865 formula
777 2834 933 2873 solennis,

968 1415 1043 1435 cum
1065 1404 1215 1434 volumus
1235 1404 1352 1440 dicere,
1368 1412 1437 1434 rem
1462 1411 1530 1433 esse
1553 1401 1664 1449 confe-

968 1451 1069 1477 ctam.
1116 1448 1192 1477 Post
1212 1448 1345 1477 doceant
1367 1455 1454 1476 nunc
1475 1453 1590 1474 verum
1613 1453 1664 1491 m?

969 1489 1185 1527 telligendum
1213 1494 1264 1519 est
1299 1487 1507 1519 intervallum
1536 1485 1663 1517 dicendi

971 1532 1095 1562 factum
1111 1542 1130 1562 a
1151 1531 1291 1567 dicente,
1307 1531 1397 1561 velut
1419 1529 1664 1569 responsionem

971 1578 1005 1603 et
1017 1573 1328 1604 demonstrationem
1342 1576 1561 1612 exspectante.
1579 1572 1664 1603 Cum

972 1625 1038 1645 non
1068 1616 1275 1656 responderet
1297 1616 1478 1654 quisquam,
1501 1613 1662 1661 subjecit:

971 1658 1051 1696 quid
1071 1668 1101 1687 v.
1117 1668 1148 1688 a.
1162 1660 1266 1688 silent.
1310 1658 1343 1688 Si
1367 1657 1438 1696 quis
1461 1656 1568 1692 malit,
1586 1655 1665 1695 qued

972 1700 1108 1730 multa?
1132 1704 1168 1730 ut
1190 1705 1239 1730 est
1258 1700 1291 1729 in
1304 1699 1375 1730 edd.
1392 1698 1445 1729 W.
1465 1700 1555 1728 1480.
1579 1698 1662 1728 Ven.

976 1745 1063 1775 1495.
1081 1751 1145 1771 non
1161 1751 1350 1782 repugnem.

1004 1786 1045 1817 49
1059 1783 1179 1814 Dicere
1189 1785 1401 1814 audiebamus
1407 1783 1644 1814 Alexandriam
1652 1796 1663 1816 ,-

971 1834 1059 1856 nunc
1073 1825 1305 1865 cognosc-huus]
1332 1826 1405 1856 Hoc
1420 1835 1547 1865 quoque
1569 1826 1666 1855 vitio-

972 1877 1043 1898 sum
1059 1874 1118 1898 est.
1162 1868 1319 1907 Quaedam
1348 1868 1421 1898 edd.
1451 1877 1515 1898 rec.
1540 1868 1578 1897 cle
1591 1867 1666 1898 Ace-

971 1911 1126 1940 xandria.
1171 1910 1292 1941 Dicere
1313 1911 1459 1950 spurium
1488 1918 1556 1940 esse
1582 1910 1667 1941 arbi-

971 1956 1055 1988 tror,
1072 1952 1155 1983 forte
1185 1962 1241 1992 per
1264 1958 1377 1982 notam
1405 1952 1593 1992 glossatoris
1615 1962 1669 1983 or-

972 1999 1045 2024 tum
1058 2005 1076 2024 e
1091 1996 1188 2025 verbo
1201 1995 1423 2031 audiebamus,
1434 1994 1518 2034 quod
1533 1994 1565 2025 h.
1579 1994 1601 2025 l.
1617 2001 1668 2026 est

970 2036 1008 2065 de
1024 2036 1122 2067 fama.
1168 2039 1293 2069 Contra
1307 2036 1459 2068 excidisse
1481 2042 1562 2076 puto
1577 2041 1667 2073 ante,

971 2079 1022 2107 cui
1039 2079 1212 2117 respondet
1224 2089 1310 2109 nunc
1320 2091 1329 2108 .-
1344 2089 1415 2118 quae
1427 2079 1533 2109 forma
1547 2078 1579 2108 in
1594 2078 1666 2109 aliis

972 2119 1051 2150 locis
1067 2121 1162 2159 hujus
1178 2122 1276 2161 ipsius
1299 2121 1473 2151 sententiae
1494 2125 1553 2151 est.
1596 2121 1667 2151 Au-

974 2162 1140 2193 diebamus
1155 2167 1231 2193 ante
1240 2164 1494 2194 Aleoeamlriam:
1511 2162 1666 2201 se.qualis

974 2210 1071 2241 esset,
1093 2215 1160 2235 esse
1188 2206 1364 2245 proclivem
1393 2205 1433 2235 ad
1461 2205 1665 2243 fingendum,

975 2246 1214 2284 mentiendum,
1229 2247 1313 2278 male
1329 2246 1511 2279 dicendum.

1017 2291 1057 2319 50
1071 2290 1244 2320 mimorum
1260 2289 1473 2328 argumenta]
1486 2289 1668 2320 smmorum

973 2329 1147 2360 Turnebus
1162 2335 1321 2371 tanquam
1345 2331 1383 2361 de
1397 2333 1586 2371 conjectura
1601 2331 1667 2371 legi

974 2372 1091 2409 voluit,
1107 2372 1457 2412 admirantejudicium
1478 2374 1545 2411 ejus
1567 2373 1667 2404 Lam-

975 2413 1065 2450 bino,
1083 2424 1154 2444 cum
1179 2416 1262 2446 idem
1287 2416 1319 2445 in
1343 2415 1406 2445 Ms.
1423 2417 1559 2447 Memm.
1576 2425 1667 2455 repe-

975 2457 1080 2491 risset,
1098 2462 1134 2486 nt
1150 2461 1184 2487 et
1197 2464 1269 2497 post
1283 2462 1331 2486 est
1347 2458 1380 2486 in
1397 2458 1468 2488 aliis
1484 2462 1664 2497 repertum.

972 2498 1016 2528 At
1031 2499 1075 2527 sie
1089 2499 1160 2535 jam
1175 2499 1273 2530 habet
1289 2499 1336 2529 ed.
1357 2500 1409 2530 W.
1425 2500 1510 2540 quod
1527 2509 1593 2529 non
1607 2509 1667 2530 no-

973 2540 1055 2570 tavit
1072 2540 1238 2572 Gra-vius:
1263 2552 1299 2571 ex
1316 2552 1379 2580 qua
1394 2543 1491 2573 ducta
1507 2542 1556 2573 ed.
1576 2544 1666 2574 1480.

972 2591 1079 2611 errore
1103 2593 1273 2622 operarum
1296 2583 1372 2614 fecit
1393 2586 1568 2622 minorum,
1593 2583 1668 2615 inde

975 2626 1044 2661 ejus
1060 2635 1208 2663 sequaces
1224 2626 1370 2656 Veni-zm.
1406 2627 1540 2658 Habent
1554 2628 1670 2659 mimo-

974 2676 1048 2697 rum
1066 2677 1162 2706 porro
1183 2668 1231 2697 ed.
1249 2667 1336 2698 Med.
1359 2669 1419 2699 nisi
1442 2670 1527 2708 quod
1549 2680 1593 2700 m.
1610 2670 1671 2701 du·

975 2708 1107 2747 plicavit
1123 2710 1248 2744 vitiose,
1262 2716 1295 2740 et
1308 2710 1404 2741 «lunt.
1446 2712 1671 2743 Nummorum

976 2758 1025 2780 est
1041 2762 1079 2780 ex
1099 2751 1148 2781 ed.
1164 2752 1256 2783 Rom.
1302 2752 1379 2783 Non
1401 2753 1576 2793 diligenter
1595 2754 1628 2785 h.
1645 2754 1670 2785 l.

977 2794 1036 2825 viri
1052 2792 1139 2823 docti
1154 2794 1224 2824 edd.
1242 2804 1287 2833 pr.
1300 2795 1502 2827 consuluere.

1021 2838 1057 2866 51
1082 2835 1165 2867 ,lam
1189 2838 1288 2868 nostis
1315 2838 1377 2869 ins.
1408 2838 1484 2879 Gr.]
1517 2838 1672 2881 Spurium
