1812 3147
418 97 524 135 PRO
552 96 710 135 DOMO
737 95 838 133 SUA
864 96 938 134 AD
964 95 1170 133 PONTIF.
1428 99 1506 139 87⁵

71 212 192 242 cessu
211 214 308 242 meo
339 199 457 253 fecit,
479 201 552 257 qui
575 199 680 242 mihi
714 213 800 240 non
833 199 946 240 idem
977 199 1189 250 tribuerit,
1212 200 1247 229 5¹
1265 198 1380 253 quod
1402 209 1445 241 et
1467 200 1503 241 si

67 257 288 300 adessem?
318 259 413 314 quis
434 273 501 300 me
523 273 608 299 non
630 257 760 299 modo
783 256 905 307 civis,
929 256 998 296 sed
1024 257 1165 297 socius
1187 256 1375 311 recipere
1397 272 1502 298 con-

69 322 134 354 tra
156 324 271 355 tuam
295 314 432 371 legem
454 326 498 357 et
515 316 668 371 juvare
689 313 932 355 dubitavit?
978 312 1175 367 Denique
1199 313 1417 354 universus
1437 329 1501 354 se-

69 380 196 412 natus
236 373 372 414 multo
408 383 521 424 ante,
551 386 679 428 quam
711 381 776 412 est
807 373 847 402 52
861 370 946 411 lata
980 369 1048 411 lex
1077 370 1129 410 de
1172 383 1253 419 me,
1285 382 1499 412 GRAT1As

77 441 309 470 AGENDAS
346 444 561 472 censum*
592 441 909 470 clx'lTATmUs
937 441 1018 478 118,
1045 440 1152 478 915AE
1178 440 1229 466 Μ.
1250 439 1501 470 TULLluM:

71 489 323 528 tantumne?
355 488 488 529 immo
520 487 666 537 etiam,
698 499 855 527 elvEM
895 498 1084 525 OPTJME
1118 497 1180 524 De
1218 496 1502 525 REPUBIACA

74 555 327 595 MERtTUM,
352 557 711 586 RECEPISSENT.
772 542 828 584 Et
851 552 896 583 tu
922 556 1030 582 unus
1053 540 1229 597 pestifer
1259 541 1380 591 civis,
1402 555 1502 582 eum

68 601 316 641 restitutum
339 617 469 658 negas
491 616 580 643 esse
603 603 757 652 civem,
773 614 902 655 quem
924 599 1111 655 ejectum
1134 598 1356 639 universus
1379 611 1500 638 sena-

68 666 138 697 tus
160 672 244 699 non
269 659 398 700 modo
421 659 574 711 civem,
597 659 669 699 sed
691 658 819 699 etiam
843 657 1066 713 egregium
1082 656 1220 697 civem
1238 669 1404 710 semper
1420 670 1499 711 pu-

24 747 26 750 .
69 715 206 757 tavit?
235 715 295 756 At
329 731 442 767 vero,
468 726 513 757 ut
541 715 713 757 annales
746 715 894 771 populi
924 713 1111 754 Romani
1144 721 1188 754 et
1218 718 1561 753 monumentaSG

68 774 295 814 vetustatis
316 772 564 829 loquuntur,
587 773 714 815 Caeso
746 772 814 813 ille
837 771 1059 822 Quintius,
1080 778 1124 812 et
1145 769 1213 811 Μ.
1238 769 1389 810 Furius
1412 769 1497 811 Ca-
1509 766 1541 798 b.

67 829 225 882 millus,
256 840 300 871 et
327 830 394 871 M.
415 831 617 872 Servilius
655 829 809 880 Ahala,
842 843 940 870 cum
971 838 1113 869 essent
1143 827 1308 884 optime
1347 827 1400 868 de
1433 841 1499 868 re-

70 887 244 942 publica
282 888 438 939 meriti‚
464 900 604 929 tamen
639 887 785 944 populi
819 886 986 928 incitati
1019 886 1106 926 vim
1148 885 1500 940 iracundiamque

70 944 315 987 subierunt:
339 946 615 1001 damnatique
633 945 821 986 comitiis
840 943 1090 986 centuriatis
1111 957 1210 984 cum
1233 943 1276 983 in
1299 941 1502 983 exsilium.

68 1001 377 1057 profugissent,
400 1017 542 1044 rursus
566 1004 620 1044 ab
642 1003 793 1044 eodem
816 1001 976 1058 populo
1001 1001 1169 1056 placato
1192 1009 1292 1040 sunt
1314 1000 1354 1040 in
1379 1014 1500 1040 suam

69 1059 291 1114 pristinam
309 1060 566 1116 dignitatem
588 1060 789 1101 restituti.
850 1062 888 1090 53
904 1058 1071 1105 Quodsi
1092 1058 1156 1098 his
1178 1057 1389 1098 damnatis
1412 1072 1502 1098 non

69 1116 200 1157 modo
224 1131 309 1157 non
329 1117 547 1158 imminuit
577 1117 796 1159 calamitas
829 1116 1052 1157 clarissimi
1085 1115 1272 1156 nominis
1304 1114 1501 1170 gloriam,

68 1173 141 1214 sed
164 1174 293 1215 etiam
316 1174 584 1216 honestavit:
616 1190 730 1226 nam,
747 1174 827 1215 etsi
848 1173 1081 1229 optabilius
1103 1182 1181 1224 est,
1204 1186 1374 1212 cursum
1399 1173 1500 1212 vitae

66 1231 280 1272 conficere
301 1232 392 1273 sine
421 1232 581 1283 dolore,
604 1242 648 1273 et
668 1233 759 1272 sine
790 1231 973 1286 injuria3
1005 1240 1147 1271 tamen
1169 1229 1221 1270 ad
1245 1229 1500 1270 immortali-

69 1297 202 1330 tatem
236 1289 384 1344 gloriae
416 1289 511 1345 plus
544 1290 683 1341 affert,
711 1289 999 1330 desideratum
1028 1302 1119 1328 esse
1151 1302 1175 1328 a
1200 1287 1285 1327 suis
1312 1287 1497 1338 civibus,

67 1360 197 1401 quam
218 1347 394 1387 omnino
427 1362 662 1402 numquam
694 1361 785 1388 esse
822 1346 1052 1387 violatum:
1092 1345 1266 1395 ⁵⁴mihi,
1289 1344 1380 1384 sine
1408 1344 1495 1385 ullo

58 1403 228 1457 judicio
259 1404 407 1459 populi
434 1404 644 1460 profecto,
667 1413 760 1445 tum
788 1403 1063 1458 amplissimis
1097 1403 1289 1444 omnium
1315 1401 1494 1456 judiciis

71 1461 284 1511 restituto,
303 1461 519 1503 maledicti
542 1461 684 1502 locum
706 1469 781 1503 aut
802 1461 993 1501 criminis
1017 1459 1260 1501 obtinebit?
1295 1459 1435 1499 Fortis
1452 1469 1494 1500 et
1507 1469 1558 1509 87·

66 1528 267 1559 constans
290 1518 331 1559 in
355 1519 520 1574 optima
540 1520 704 1560 ratione
730 1518 852 1568 civis,
877 1517 926 1559 P.
955 1517 1177 1573 Popillius,
1201 1530 1368 1572 semper
1398 1515 1496 1557 fuit.

68 1585 208 1616 tamen
232 1575 324 1630 ejus
346 1576 390 1616 in
413 1577 529 1617 omni
554 1577 641 1617 vita
661 1575 769 1616 nihil
788 1575 919 1615 estad
937 1575 1105 1616 laudem
1127 1574 1346 1623 illustrius,
1369 1588 1499 1629 quam

67 1632 286 1673 calamitas
318 1633 423 1689 ipsa.
485 1634 593 1680 Quis
622 1634 736 1674 enim
752 1632 844 1687 jam
880 1633 1158 1682 meminisset,
1180 1646 1277 1672 eum
1309 1632 1417 1671 bene
1446 1631 1499 1672 de

66 1690 286 1745 republica
314 1691 530 1742 meritum,
553 1691 632 1731 nisi
664 1701 707 1731 et
733 1692 787 1730 ab
822 1691 1031 1745 improbis
1060 1689 1263 1746 expulsus
1300 1698 1425 1740 esset,
1455 1699 1500 1730 et

66 1761 141 1802 per
171 1748 307 1789 bonos
338 1749 587 1790 restitutus?
630 1748 689 1794 Q.
713 1747 881 1788 Metelli
918 1747 1171 1803 praeclarum
1204 1746 1431 1802 imperium
1452 1746 1497 1787 in

64 1817 109 1844 re
127 1805 299 1845 militari
322 1804 420 1856 fuit,
443 1806 616 1862 egregia
635 1820 827 1855 censura,
842 1805 982 1846 omnis
1003 1805 1091 1845 vita
1106 1804 1230 1861 plena
1248 1803 1495 1859 gravitatis:
1522 1801 1527 1805 “

66 1871 208 1903 tamen
231 1862 360 1917 hujus
385 1863 462 1904 viri
484 1864 651 1904 laudem
685 1863 736 1903 ad
768 1863 1072 1918 sempiternam
1104 1862 1357 1903 memoriam
1389 1870 1496 1902 tem-

64 1919 180 1974 poris
216 1919 433 1961 calamitas
468 1920 740 1977 propagavit.
802 1919 970 1966 Quodsi
1000 1930 1043 1960 et
1075 1919 1172 1970 illis,
1211 1920 1283 1974 qui
1326 1916 1578 1974 expulsi33

65 1985 165 2016 sunt
188 1976 347 2032 inique,
372 1978 444 2019 sed
474 1989 617 2019 tamen
639 1977 808 2033 legibus
830 1978 1010 2028 reducti,
1034 1976 1220 2018 inimicis
1243 1975 1496 2026 interfectis,

63 2033 363 2089 rogationibus
394 2035 652 2086 tribuniciis,
682 2049 769 2075 non
801 2035 1057 2076 auctoritate
1088 2043 1275 2084 senatus,
1306 2048 1394 2074 non
1423 2048 1499 2074 co-

65 2090 199 2132 mitiis
218 2092 482 2143 centuriatis,
500 2107 587 2133 non
606 2091 788 2133 decretis
820 2091 975 2143 Italiae,
997 2106 1085 2133 non
1113 2090 1324 2133 desiderio
1347 2091 1502 2132 civita-

67 2146 136 2198 tis,
168 2148 441 2190 inimicorum
474 2150 632 2206 injuria
657 2150 815 2205 probro
837 2164 924 2190 non
947 2148 1051 2191 fuit:
1084 2148 1128 2189 in
1150 2163 1234 2199 me,
1254 2148 1380 2203 55qui
1404 2163 1503 2204 pro-

67 2204 204 2246 fectus
225 2220 317 2246 sum
339 2207 518 2263 integer,
541 2207 661 2248 abfui
685 2206 809 2247 simul
840 2221 940 2247 cum
962 2206 1198 2263 republica,
1220 2206 1261 2236 56
1274 2206 1380 2246 redii
1401 2220 1503 2247 cum

64 2262 256 2304 maxima
284 2263 513 2320 dignitate,
545 2274 586 2306 te
619 2264 733 2316 vivo,
756 2263 886 2305 fratre
916 2273 991 2306 tuo
1022 2264 1156 2305 altero
1180 2263 1355 2305 consule
1378 2263 1503 2304 redu·

105 2421 140 2450 5Ι
167 2420 251 2460 quod
268 2425 299 2450 et
319 2421 346 2450 si
368 2420 525 2461 adessem]
551 2421 686 2452 Sensere
699 2421 760 2450 viri

65 2460 152 2492 docti
174 2462 326 2493 duritiem
357 2463 432 2494 loci.
476 2464 537 2494 Ed.
563 2464 679 2493 Juntae
704 2463 761 2493 ha-

66 2502 132 2541 bet,
145 2505 238 2544 quod,
253 2506 281 2535 si
303 2505 457 2536 adessem.
481 2505 609 2536 melius.
655 2505 761 2537 Credo

63 2546 216 2577 excidisse
227 2546 351 2586 aliquot
361 2547 516 2588 syllabas,
526 2554 561 2578 et
570 2547 669 2578 fuisse
678 2548 763 2588 quod

63 2588 230 2626 tribueret,
241 2591 268 2619 si
283 2590 439 2621 adessem.

106 2631 146 2660 52
169 2632 239 2661 lata
255 2633 318 2669 lex,
343 2632 381 2662 de
397 2642 449 2662 me
467 2631 539 2671 gra]
563 2631 693 2662 Vitiosa
712 2636 761 2661 est

63 2672 298 2712 interpunctio,
315 2683 414 2713 quam
428 2675 563 2704 correxi.

105 2715 144 2744 53
166 2715 290 2756 ‚Quodsi
312 2717 354 2746 iis
366 2716 548 2755 damnatis]
572 2714 695 2746 Lenius
711 2718 762 2745 est

62 2755 124 2792 his,
138 2756 225 2794 quod
245 2768 263 2788 e
285 2758 352 2789 Ms.
374 2759 437 2789 Gu.
461 2758 579 2798 recepi.
618 2758 764 2789 Consen-

63 2797 154 2828 tiunt
165 2798 236 2829 edd.
246 2804 328 2830 vett.
342 2801 396 2831 W.
413 2803 503 2832 1480.
517 2801 615 2831 Junt.

105 2841 144 2870 54
166 2841 262 2882 mihi]
289 2842 442 2875 Debebat
464 2852 539 2880 esso.
554 2845 589 2874 in
613 2852 684 2873 me.-
707 2842 764 2873 sed

803 2421 914 2460 potuit
927 2420 1033 2452 simile
1043 2420 1150 2451 facere
1161 2429 1362 2460 consequens
1372 2424 1503 2452 antece-

803 2463 906 2494 denti.

847 2508 886 2536 55
909 2507 963 2544 qui
981 2503 1148 2545 profectus
1171 2515 1245 2535 sum
1267 2505 1410 2544 integer]
1437 2506 1459 2534 i.
1475 2515 1502 2535 e.

804 2548 897 2577 nulla
910 2548 1123 2578 damnatione
1136 2548 1258 2588 ejectus
1272 2551 1307 2577 et
1322 2552 1468 2583 notatus.

848 2591 888 2620 56
911 2590 992 2619 redii
1003 2599 1079 2619 cnm
1092 2591 1240 2620 mari-rna
1254 2589 1430 2628 dignitate]
1449 2590 1505 2619 Se-

805 2637 902 2662 cutus
915 2642 987 2662 suin
1003 2632 1196 2662 Manutium
1209 2638 1243 2661 et
1255 2630 1434 2668 Graevium,
1449 2631 1504 2669 qui

804 2674 850 2703 sic
864 2674 992 2704 edidere
1008 2684 1068 2713 pro
1084 2674 1219 2712 vulgato
1232 2674 1339 2703 dicam
1356 2674 1506 2703 maxima

804 2725 880 2746 cum
894 2717 1067 2754 dignitate.
1111 2716 1175 2746 Res
1190 2721 1239 2746 est
1251 2715 1395 2745 evidens.
1441 2715 1505 2745 Re-

807 2758 893 2788 ditus
909 2759 998 2788 enim
1020 2758 1223 2788 mentionem
1239 2758 1360 2787 factam
1375 2762 1466 2796 patet
1485 2768 1506 2788 e

806 2801 1028 2840 sequentibus.
1071 2799 1132 2830 Ed.
1147 2800 1166 2829 J
1171 2805 1243 2829 unt.
1260 2799 1359 2829 habet
1374 2809 1448 2830 cum
1459 2809 1503 2830 m.

808 2843 839 2874 d.
856 2844 925 2874 sine
939 2843 1061 2880 aleam,
1077 2848 1115 2873 ut
1127 2847 1198 2872 erat
1212 2843 1245 2872 in
1263 2842 1312 2872 Fr.
1329 2850 1380 2881 pr.
1408 2859 1412 2863 ·
