1769 3174
486 101 604 141 rRo
643 101 734 140 cN.
774 100 1052 149 PLANCIQ,
1416 105 1492 147 aar

47 203 200 249 dalitas
222 204 529 257 nominaretur,
550 219 679 261 quarn
708 205 890 260 quisque
922 205 1083 246 tribum
1112 204 1228 261 turpi
1263 203 1494 262 largitione

46 272 356 319 corrumperet,
385 277 482 304 eum
515 262 702 303 maxime
733 263 784 303 iis
815 262 1078 312 hominibus,
1109 261 1182 316 qui
1221 261 1314 316 ejus
1356 262 1492 303 tribus
1505 263 1622 308 ρδθ-

45 329 204 372 essent,
225 335 316 361 esse
334 330 500 361 notum.
534 319 603 360 Ita
621 320 790 374 putavit
811 330 997 369 senatuS,
1019 333 1119 359 cum
1141 333 1212 359 reo
1234 320 1369 360 tribus
1394 319 1492 360 ede·
1504 320 1535 342 ³·

46 387 195 418 rentur
225 392 303 428 eae,
331 391 436 432 quas
467 377 502 417 is
534 376 762 431 largitione
796 376 1017 417 devinctas
1050 375 1240 425 haberet,
1265 379 1305 406 ⁸0
1318 377 1491 416 eosdem

47 432 141 477 fore
162 443 291 476 testes
312 432 556 489 etjudiceS.
614 432 832 474 Acerbum
856 434 1032 474 omnino
1055 432 1386 489 geiiusjudicii:
1419 434 1494 475 sed

49 500 208 543 tamen,
223 493 256 532 si
274 491 335 532 vel
354 506 443 542 sua,
458 491 524 532 vel
539 505 603 541 ea,
617 505 714 545 quae
734 491 923 531 maxime
941 500 1052 530 esset
1070 491 1225 544 cuique
1243 489 1492 544 conjuncta,

47 548 186 589 tribus
218 549 428 600 ederetur,
469 548 540 588 vix
582 548 877 588 recusandum.
937 546 1003 588 Tu
1041 557 1200 597 autem,
1237 547 1491 597 Laterensis,
1512 537 1578 591 16

47 618 154 660 quas
177 605 313 646 tribus
334 605 534 647 edidisti?
565 604 855 656 Terentinam,
876 604 1020 646 credo.
1063 607 1097 636 3¹
1117 604 1218 645 Fuit
1240 604 1289 645 id·
1305 615 1555 659 aequum,38

47 670 94 702 et
121 671 238 703 certe
266 672 565 718 exspectatum
596 671 674 713 est,
705 672 749 703 et
779 662 862 702 fuit
901 662 1083 717 dignum
1119 662 1364 702 constantia
1405 672 1493 702 tua.

51 717 189 774 Cujus
223 729 270 760 tu
302 720 438 760 tribus
468 723 509 750 82
525 719 804 770 venditorem,
835 728 878 760 et
918 729 1229 775 corruptorem,
1268 727 1311 759 et
1347 732 1497 773 seque-

48 784 181 818 strem
205 775 430 818 Plancium
452 775 582 816 fuisse
604 775 822 819 clamitas:
846 790 940 817 eam
960 777 1120 817 tribum
1146 775 1356 831 profecto,
1380 789 1497 816 seve-

48 833 316 875 tissimorum
359 834 596 889 praesertim
638 834 861 876 hominum
894 842 938 873 et
976 833 1342 890 gravissimorum,
1374 833 1498 873 edere

47 889 254 932 debuisti.
312 890 373 931 At
396 890 648 932 Voltiniam.
670 891 776 932 libet
805 891 921 932 euim
952 891 1032 932 tibi
1063 891 1208 931 nescio
1238 890 1341 945 quid
1366 890 1497 930 etiam

49 947 103 988 de
124 948 195 989 illa
216 948 330 988 tribu
354 947 586 989 criminari.
610 948 721 989 hanc
752 948 887 1004 igitur
917 948 1054 1004 ipsam
1086 963 1162 989 cur
1186 962 1272 988 non
1295 947 1497 989 edidisti?

52 1004 172 1051 Quid
197 1004 374 1046 Plancio
405 1020 504 1046 cum
539 1005 772 1047 Lemonia?
804 1005 907 1061 quid
929 1020 1029 1047 cum
1051 1008 1089 1036 83
1104 1005 1361 1046 Veientina?
1392 1005 1496 1060 quid

49 1076 150 1103 cum
185 1061 492 1104 Crustumina?
531 1077 630 1102 nam
673 1062 873 1114 Metiam,
905 1078 993 1104 non
1027 1077 1125 1118 quae
1159 1062 1392 1118 judicaret,
1424 1062 1499 1103 sed

49 1133 149 1175 quae
190 1119 453 1174 rejiceretur,
489 1133 582 1160 esse
620 1119 808 1161 voluisti.
871 1119 1094 1161 Dubitatis
1138 1120 1285 1176 igitur,
1310 1120 1559 1174 judices,39

49 1177 156 1232 quin
179 1191 254 1217 vos
278 1176 346 1217 M.
371 1176 613 1218 Laterensis
643 1191 720 1217 suo
743 1177 929 1232 judicio,
959 1192 1047 1218 non
1078 1176 1131 1218 ad
1161 1177 1418 1217 sententiam
1441 1177 1500 1218 le·
1548 1179 1550 1182 '

49 1235 133 1291 gis,
156 1234 228 1275 sed
251 1234 304 1275 ad
327 1249 447 1275 suam
469 1237 510 1265 84
523 1249 643 1290 spem
665 1234 852 1290 aliquam
883 1234 936 1275 de
959 1235 1136 1276 civitate
1157 1234 1392 1290 delegerit?
1423 1235 1501 1275 du·-

54 1291 216 1342 bitatis,
246 1291 352 1346 quin
383 1306 454 1333 eas
484 1292 637 1342 tribus,
669 1292 712 1332 in
751 1293 907 1347 quibus
951 1307 1127 1348 magnas
1164 1292 1503 1332 necessitudines

51 1346 185 1390 habet
217 1348 433 1400 Plancius,
457 1363 556 1389 cum
587 1348 657 1390 ille
687 1364 774 1390 non
805 1349 1001 1400 ediderit,
1021 1349 1231 1405 judicarit
1262 1349 1417 1389 officiis
1448 1350 1504 1390 ab

51 1405 135 1447 hoc
156 1407 418 1458 observatas,
440 1408 479 1437 85
495 1421 581 1448 non
598 1406 826 1461 largitione
847 1409 1094 1463 corruptas?
1128 1406 1246 1453 Quid
1269 1406 1381 1447 enim
1408 1417 1504 1462 pot-

54 1472 119 1504 est
148 1463 305 1514 dicere,
337 1478 414 1504 cur
454 1463 538 1504 ista
566 1463 700 1504 editio
735 1478 822 1505 non
855 1479 1064 1505 summam
1104 1463 1262 1505 habeat
1293 1464 1505 1505 acerbita-

52 1528 156 1572 tem,
177 1521 398 1562 ssfiremota
426 1520 592 1562 ratione
625 1519 709 1573 illa,
733 1536 860 1578 quam
894 1522 937 1564 in
967 1521 1236 1564 decernendo
1269 1522 1404 1562 secuti
1434 1537 1504 1562 su-

56 1659 206 1701 vulgata:
222 1670 321 1701 quam
336 1671 412 1692 cum
430 1661 558 1692 Graevio
573 1671 591 1692 e
605 1661 671 1692 Ms.
686 1661 755 1693 Erf.

52 1703 266 1741 correximus,
289 1704 396 1743 primo
418 1703 555 1734 delendo
569 1708 613 1742 et,
637 1704 758 1734 adden-

53 1745 160 1786 doque
173 1747 272 1782 Mnc,
286 1746 402 1777 deinde
425 1745 563 1776 delendo
580 1748 759 1785 magistra-

54 1791 164 1826 tuum,
180 1788 268 1828 quod
290 1789 402 1828 inepta
424 1789 532 1828 glossa
553 1788 690 1828 addidit,
703 1788 759 1820 de·

53 1830 152 1870 ιιὶςιιε
160 1835 236 1872 post
247 1832 374 1862 honeste
383 1831 530 1861 addendo
539 1831 648 1870 magis
655 1841 756 1871 quam

51 1881 128 1903 vere
137 1885 147 1902 .-
161 1882 359 1913 quamquam
374 1873 444 1904 haec
459 1873 578 1903 ultima
591 1873 684 1904 nobis
695 1874 754 1905 ali-

51 1924 150 1954 quam
160 1915 378 1956 suspicionem
393 1916 510 1955 giossae
523 1920 670 1947 movent.
688 1916 756 1947 Vo-

53 1955 119 1988 luit
143 1957 249 1988 dicere
273 1963 426 1988 senatus:
450 1958 477 1988 si
499 1967 557 1998 per
576 1958 756 1990 coitionem

55 1999 190 2039 largitio
211 1999 299 2030 facta
312 2005 347 2030 et
359 2000 464 2030 tribus
480 2005 636 2040 corrupta
650 2005 753 2032 esset:

43 2040 136 2073 ‚dixit
151 2042 269 2082 primo,
284 2042 395 2079 verbo,
411 2042 496 2082 quod
511 2048 546 2073 et
559 2042 594 2072 in
617 2042 756 2074 deterio-

55 2092 124 2114 rem
140 2089 268 2124 partem
281 2084 414 2121 dicitur,
425 2085 658 2115 consensionem
670 2098 679 2115 :
702 2086 757 2116 de-

54 2124 130 2156 inde
158 2136 231 2157 eam
260 2126 400 2157 honesto
427 2127 524 2157 verbo
551 2126 758 2158 sodalitatem

47 2167 210 2209 ,appellari
234 2169 268 2199 in
283 2168 369 2208 lege,
385 2178 461 2199 cum
478 2170 520 2199 sit
536 2170 665 2209 proprie
680 2180 758 2200 con-

42 2211 174 2248 sensio,
197 2210 250 2241 vel
271 2211 383 2242 coitio.
427 2212 510 2243 Mox
537 2218 759 2251 corrumperet

54 2255 105 2282 est
131 2262 341 2294 corrumpere
368 2252 480 2292 vellet,
504 2259 672 2291 tentaret3
696 2255 758 2286 nisi

54 2292 230 2334 legendum
243 2296 455 2336 comcpisset:
479 2306 556 2327 nam
571 2296 604 2326 in
621 2305 756 2336 sequen-

56 2335 144 2368 tibus
157 2342 208 2368 est
221 2337 261 2368 de
275 2338 487 2378 corruptione
495 2339 566 2377 jam
583 2338 682 2369 facta.

98 2381 140 2410 80
152 2380 276 2411 eosdem
277 2379 360 2420 fore
374 2384 468 2411 testes
481 2379 662 2421 etjudiees]
682 2381 755 2411 Hoc

57 2420 136 2460 quid
147 2421 202 2458 sit,
213 2425 248 2452 et
261 2421 438 2461 quomodo,
451 2433 469 2453 e
483 2423 693 2462 sequentibus
706 2425 756 2453 in-

56 2459 244 2503 infligetur:
267 2474 298 2495 ν.
312 2474 343 2495 c.
359 2474 437 2494 mox
458 2475 486 2495 c.
511 2465 560 2496 16.
574 2471 624 2496 est
638 2465 756 2503 Mena,

44 2511 120 2541 *non
132 2504 390 2546 quoejudicaret,
403 2507 461 2537 sed
471 2517 541 2547 quoe
553 2506 758 2548 rejiceretur.

56 2544 183 2587 Nempe
192 2548 297 2578 tribus
309 2548 442 2579 edendae
456 2554 563 2586 erant,
579 2560 651 2588 quae
668 2550 758 2589 judi-

59 2595 172 2620 arent
181 2589 220 2621 de
230 2591 358 2621 ambitu
368 2596 403 2621 et
414 2591 563 2622 tribubus
575 2593 755 2633 corruptis:

59 2628 108 2664 lta
121 2631 148 2661 si
162 2632 300 2663 testibus
313 2633 400 2663 exiis
411 2634 562 2664 tribubus
577 2643 658 2675 opus
672 2639 757 2672 erat,

60 2671 182 2704 eedem
197 2674 302 2705 tribus
315 2679 417 2705 testes
429 2680 526 2706 erant
540 2681 574 2706 et
583 2677 723 2716 judices.

103 2716 141 2745 81
165 2714 244 2747 Fuit
263 2717 300 2747 id
321 2717 462 2757 oequum]
493 2718 576 2748 Edd.
607 2718 680 2749 aliae
705 2719 761 2749 ad-

800 1667 870 1701 gat‚
882 1666 915 1693 et
926 1661 1098 1692 Plancium
1110 1665 1339 1701 corruptarum
1354 1661 1502 1692 tribuum

801 1714 894 1735 reum
906 1714 973 1735 esse
989 1705 1083 1742 sciat,
1098 1704 1209 1734 credat
1222 1709 1377 1734 emtorem
1393 1704 1504 1743 legen-

800 1746 880 1778 dum
892 1757 972 1785 esse,
985 1747 1071 1786 quod
1086 1751 1118 1776 et
1132 1746 1294 1777 Lambino
1309 1746 1343 1776 in
1355 1752 1502 1777 mentem

800 1794 954 1823 venerat;
979 1789 1034 1820 sed
1054 1793 1245 1829 sequestrem
1270 1788 1302 1818 id
1326 1798 1393 1819 non
1418 1790 1504 1829 pati-

798 1836 866 1869 tur,
882 1831 968 1870 quod
983 1841 1112 1871 semper
1133 1832 1168 1862 in
1190 1831 1252 1862 hac
1276 1841 1308 1861 re
1328 1831 1450 1861 dicitur
1464 1831 1503 1862 de

798 1874 1011 1905 conciliatore
1040 1874 1272 1913 corruptionis,
1293 1874 1347 1912 qui
1371 1874 1504 1912 pacisci-

798 1920 868 1954 tur,
890 1917 976 1956 apud
991 1926 1087 1956 quem
1111 1917 1250 1957 pecunia
1273 1915 1420 1955 deposita
1439 1923 1502 1953 cst,

799 1957 861 1990 hoe
881 1963 942 1995 est,
963 1958 1115 1989 venditor
1138 1958 1254 1995 tribus,
1272 1959 1325 1997 qui
1348 1958 1503 1998 suffragia

798 2001 931 2033 vendit;
957 2011 1154 2040 quamquam
1179 2000 1264 2031 idem
1288 2000 1388 2030 etiam
1407 2002 1500 2032 emit.

799 2043 863 2074 Sed
881 2043 1044 2082 quomodo
1068 2042 1219 2073 Plancius
1247 2043 1392 2072 venditor
1411 2048 1442 2074 et
1455 2054 1504 2074 se-

800 2090 926 2125 quester
938 2091 989 2116 est
1002 2087 1013 2115 ?
1039 2095 1154 2125 nempe
1169 2085 1244 2124 quia
1266 2095 1323 2125 per
1337 2095 1411 2116 eum
1425 2095 1503 2116 ven-

799 2127 849 2157 dit
875 2128 1029 2167 suffragia
1051 2127 1156 2158 tribus
1183 2127 1225 2165 ei,
1249 2128 1303 2167 qui
1328 2129 1502 2167 pecuniam

801 2169 909 2200 dedit:
926 2171 1011 2200 sicut
1027 2170 1235 2209 perductores
1250 2175 1328 2200 suut
1343 2176 1377 2200 ct
1392 2171 1502 2202 vendi-

799 2217 888 2242 tores
903 2218 936 2242 et
948 2218 1155 2252 corruptores
1170 2212 1368 2252 puellarum.

844 2257 883 2285 83
907 2254 1093 2294 Veientina]
1131 2254 1195 2285 Ms.
1223 2254 1293 2286 Erf.
1330 2254 1500 2295 Ufentina.

799 2295 839 2326 In
854 2297 970 2326 ceteris
992 2297 1154 2336 scriptura
1180 2298 1268 2327 vai-ia
1292 2302 1325 2327 et
1347 2301 1504 2338 corrupti

798 2343 859 2368 est.
904 2339 1064 2369 Similiter
1086 2339 1120 2368 in
1135 2339 1240 2369 liseria
1255 2339 1347 2370 valde
1363 2341 1502 2372 variant.

799 2380 859 2410 Est
872 2388 984 2411 autem
996 2381 1107 2413 Mutia
1120 2382 1264 2421 primum
1279 2392 1297 2412 e
1311 2383 1503 2420 conjectura

800 2422 952 2453 Lambini
967 2423 1107 2461 editum,
1122 2423 1177 2454 sed
1198 2433 1270 2462 quae
1292 2434 1310 2454 e
1324 2424 1387 2454 ΜΞ.
1403 2425 1502 2458 dueta

800 2470 904 2495 esset:
929 2471 1005 2505 post
1017 2465 1103 2496 clare
1118 2466 1153 2496 in
1167 2465 1237 2496 Erf.
1254 2472 1432 2506 repertum.

844 2509 885 2538 84
905 2518 993 2547 spem
1004 2509 1154 2547 aliquam
1169 2508 1208 2538 de
1223 2508 1370 2548 m'm'tate]
1396 2509 1500 2539 Intel-

800 2549 877 2588 lige,
894 2550 933 2581 de
947 2555 1111 2590 potestate
1125 2550 1262 2580 testium
1286 2561 1325 2580 ex
1347 2551 1498 2581 universo

800 2592 922 2632 populo
944 2591 1204 2631 deligendorum,
1217 2602 1285 2622 non
1308 2603 1326 2623 e
1348 2593 1500 2635 tribubus

801 2636 909 2665 certis.
954 2635 1027 2665 Hoc
1040 2634 1127 2664 infra
1138 2635 1224 2665 clare
1239 2635 1330 2665 dicit.

845 2679 883 2707 85
907 2687 970 2707 nou
998 2677 1174 2715 largitione
1199 2677 1384 2716 com-aptas]
1428 2676 1502 2707 Cor-

803 2723 921 2758 ruptus
933 2724 983 2749 est
997 2729 1015 2748 e
1032 2720 1095 2749 Ms.
1113 2719 1182 2748 Erf.
1199 2723 1353 2748 notatum
1376 2728 1396 2749 a
1419 2719 1505 2750 Gru-

60 2753 145 2787 dunt
165 2762 261 2790 certe.
282 2758 456 2790 deleverim
478 2760 553 2791 dein
575 2761 763 2801 proximum
803 2765 888 2798 tero,
903 2761 1052 2791 additum
1067 2771 1086 2791 a
1100 2760 1242 2796 Graevio,
1259 2765 1357 2790 recte.

61 2801 143 2872 “⁹82
163 2842 376 2883 venditorem]
400 2843 466 2884 Qui
479 2845 623 2885 primum
640 2844 702 2876 boc
716 2844 762 2875 le-

120 2905 230 2937 1¹01..
254 2909 307 2937 11.
341 2911 383 2938 P.
408 2910 462 2938 1¹.

848 2804 888 2833 86
911 2807 1035 2832 remota
1047 2803 1175 2832 ratione
1189 2801 1264 2841 illa]
1283 2802 1380 2842 Quod
1393 2803 1505 2835 eadem

806 2845 911 2876 tribus
926 2846 1020 2876 fieret
1032 2845 1128 2875 testis
1142 2843 1298 2884 etjudex,

756 2902 834 2947 39
