1769 3174
305 86 381 124 974
900 84 1152 123 ORATIO

306 185 449 226 inusta
479 185 730 251 reipublicae
762 187 890 229 vultis
923 189 1151 239 recordari,
1174 187 1340 230 vultum
1370 196 1498 243 atque
1531 187 1744 232 incessum

304 242 458 283 animis
480 243 749 285 intueamini.
772 243 938 286 facilius
971 246 1085 287 facta
1115 260 1261 286 eorum
1281 255 1506 286 occurrent
1527 246 1745 287 mentibus

259 289 470 351 Svestris,
502 301 536 341 si
575 315 650 341 ora
682 301 776 357 ipsa
806 303 941 343 oculis
978 302 1300 358 proposueritis.
1359 300 1480 342 Alter
1513 304 1746 359 unguenti»

243 355 495 408 18affluens,
519 357 807 399 calamistrata
827 373 966 409 coma,
987 359 1226 414 despiciens
1257 359 1453 399 conscios
1483 368 1744 414 stuprorum,

300 427 351 454 ac
373 423 536 455 v·ete1es
554 423 778 456 vexatores
798 416 954 456 aetatul·
949 432 984 456 -υ
1007 430 1110 466 suae,
1131 418 1167 446 3¹
1186 415 1344 471 puteali
1366 424 1410 456 et
1432 414 1743 458 foeneratorum

299 471 516 534 gregibus
538 472 712 512 inflatus
745 480 874 528 atque
917 472 1148 527 pe1·cuISUS,
1184 471 1303 523 olim,
1323 474 1430 512 32ne
1460 471 1644 528 Scyllaeo
1670 472 1743 514 illo

298 528 395 568 aeris
417 527 575 569 alieni
566 542 610 569 m
645 527 755 568 freto
778 529 829 570 ad
853 528 1097 570 columnam
1130 529 1453 579 adhaeresceret,
1477 529 1519 569 in
1551 529 1742 571 tribuna-

296 591 364 624 tus
395 595 567 640 portum
597 584 860 649 perfugerat.
883 586 1188 626 contemnebat
1210 586 1380 649 equites
1405 585 1641 650 Romanos,
1663 587 1744 628 mi-

295 642 516 682 nitabatur
545 642 725 692 senatui,
749 642 998 683 venditzzibit
1029 657 1071 682 se
1101 642 1257 698 operiS,
1279 652 1407 696 atque
1436 643 1564 684 abiis
1587 657 1631 684 se
1651 657 1741 684 ere-

296 707 436 753 ptum,
459 713 512 739 ne
533 699 585 740 de
608 674 774 739 ambitu
797 714 967 740 caziusun
991 699 1165 750 diceret,
1191 699 1469 755 piaedicabat‚
1491 700 1545 740 ab
1568 699 1740 742 iisdem-

295 769 380 810 que
414 770 471 807 se,
501 756 631 796 etiam
674 755 812 796 invito
845 766 1008 807 senatu,
1041 757 1307 812 provinc-iam
1343 770 1511 812 speraie
1542 756 1752 800 dicebat:

297 825 477 868 eamque
510 813 591 853 nisi
624 812 804 868 adeptus
831 822 955 864 esset,
979 827 1022 853 sc
1052 813 1306 854 incolumem
1341 813 1457 854 nullo
1487 814 1618 855 modo
1649 813 1740 856 fore

239 870 600 910 19arbitrabatur.
659 868 797 921 Alter,
828 885 854 911 o
885 870 944 911 dii
989 871 1116 912 boni!
1159 885 1289 926 quam
1319 879 1444 912 taeter
1487 870 1739 914 incedebat!

293 940 366 981 qua
356 941 424 967 un
444 926 732 967 truculentus!
765 941 894 982 quam
919 927 1116 968 terribilis
1138 929 1368 992 adspectu!
1402 942 1535 968 unum
1552 927 1737 992 aliquem
1768 959 1769 977 ¹

293 993 336 1024 te
365 998 422 1024 ex
457 983 647 1024 baibatis
682 983 778 1033 illis,
808 983 1054 1040 exemplum
1095 984 1263 1040 imperii
1299 985 1467 1035 veteris,
1502 985 1736 1041 imaginem
1766 981 1769 1010 ³

290 1040 577 1095 antiquitatis,
609 1039 807 1081 columen
845 1041 1110 1096 reipublicae,
1149 1041 1309 1082 diceres
1344 1041 1514 1082 intueri.
1555 1042 1736 1083 vestitus

289 1112 438 1160 aspere
460 1100 499 1128 33
514 1106 660 1138 nostra
680 1097 761 1139 hac
782 1112 972 1162 purpura
995 1098 1161 1154 plebeia
1185 1113 1235 1139 ac
1267 1112 1390 1154 paene
1413 1098 1557 1140 fusca.
1579 1098 1756 1155 capillo

290 1155 352 1194 ita
380 1154 570 1206 horiido,
592 1163 641 1194 ut
676 1153 872 1210 Capua‚'
864 1169 907 1195 m
937 1170 1021 1210 qua
1055 1170 1144 1211 ipse
1175 1164 1266 1196 tum
1302 1155 1502 1211 imaginis
1531 1156 1734 1198 ornandae

289 1226 421 1252 causa
452 1211 772 1253 duumviratum
806 1212 997 1268 gerebat,
1031 1212 1266 1268 Seplasiam
1299 1212 1542 1254 sublaturus
1573 1213 1736 1254 videre-

290 1277 375 1308 tur.
436 1268 550 1310 Nam
571 1268 676 1324 quid
697 1283 780 1325 ego
811 1269 863 1310 de
886 1270 1114 1325 supercilio
1141 1269 1310 1310 dicam?
1342 1269 1458 1324 quod
1481 1278 1573 1310 tum
1593 1269 1735 1311 homi-

289 1325 418 1367 nibus
454 1341 542 1367 non
576 1326 869 1382 supercilium,
910 1327 982 1367 sed
1017 1341 1173 1382 pignus
1207 1327 1455 1382 reipublicae
1496 1327 1733 1369 videbatur.

199 1384 230 1418 P·
245 1380 276 1411 7·
243 1392 412 1451 atanta
428 1392 519 1424 erat
541 1383 730 1438 gravitas
752 1383 795 1423 in
818 1383 958 1432 oculo,
981 1393 1101 1424 tanta
1130 1384 1372 1425 contractio
1401 1383 1570 1448 frontis,
1594 1393 1641 1424 ut
1660 1383 1732 1424 illo

243 1430 516 1496 a'supercilio
536 1440 779 1495 respublica
797 1449 1015 1504 tamquam
1034 1439 1207 1481 Atlante
1223 1440 1392 1491 caelum,
1407 1440 1487 1481 niti
1505 1440 1732 1482 videretur.

225 1492 278 1527 20
289 1496 395 1538 Erat
426 1497 611 1552 <lenique
644 1496 715 1538 hic
748 1498 941 1538 omnium
981 1512 1143 1539 sermo:
1179 1497 1256 1538 Est
1297 1507 1440 1539 tamen
1483 1497 1731 1553 reipublicae

284 1569 490 1610 magnum
515 1554 772 1610 firmumque
794 1555 1056 1596 subsidium.
1091 1554 1229 1596 habeo
1252 1569 1380 1609 quem
1405 1568 1624 1619 opponam
1645 1554 1730 1595 labi

281 1612 344 1653 illi
367 1622 496 1667 atque
517 1626 671 1653 coeno:
706 1611 840 1661 vultu,
863 1612 1027 1652 medius
1061 1611 1203 1663 fidius,
1219 1612 1397 1668 collegae
1420 1612 1483 1653 sui
1508 1611 1729 1652 libidinem

281 1669 588 1724 levitatemque
611 1668 803 1724 franget:
829 1669 1006 1709 habebit
1028 1679 1212 1719 senatus,
1228 1669 1269 1710 in
1293 1669 1408 1710 hune
1427 1682 1586 1710 annum
1602 1681 1730 1723 quem

283 1736 510 1781 sequatur:
544 1741 630 1766 non
652 1725 788 1766 deerit
809 1735 959 1766 auctor
981 1735 1023 1766 et
1044 1726 1132 1766 dux
1156 1726 1296 1777 bonis,
1320 1725 1426 1770 mihi
1449 1725 1633 1780 denique
1652 1725 1729 1767 ho-

284 1783 422 1824 mines
445 1783 713 1847 praecipueo
688 1782 1026 1833 oratulabantur,
1042 1783 1157 1837 quod
1180 1782 1404 1824 habiturus
1425 1796 1561 1824 essem
1579 1791 1729 1826 contra

286 1841 507 1882 tribunum
530 1839 667 1904 plebis
690 1840 898 1881 furiosum
921 1849 964 1881 et
986 1814 1066 1880 aiid
1072 1854 1206 1890 z,1cem
1227 1854 1326 1880 cum
1358 1840 1546 1881 amicum
1567 1848 1611 1880 et
1636 1839 1750 1880 affl·-

287 1912 400 1950 nem,
422 1907 513 1939 tum
536 1897 667 1939 etiam
690 1896 846 1938 fortem
868 1907 909 1938 et
933 1911 1106 1953 gravem
1129 1896 1362 1938 consulem.
1413 1896 1559 1952 Atque
1580 1908 1729 1937 eorum

283 1954 390 1996 alter
413 1955 566 1996 fefellit
586 1954 818 1996 neminem.
880 1954 990 2001 Quis
1012 1954 1125 1995 enim
1145 1954 1312 1995 clavum
1337 1954 1444 1995 tanti
1468 1953 1636 2016 imperii
1664 1961 1747 2011 teg

279 2027 397 2063 nere,
419 2022 463 2053 et
485 2011 776 2067 gubernacula
798 2011 1045 2067 reipublicae
1067 2021 1249 2052 tractare
1269 2011 1364 2051 341ss
1389 2025 1580 2052 maximo
1601 2022 1746 2051 cursu

280 2084 330 2110 ac
354 2069 558 2111 fluetibus
582 2083 705 2124 posse
727 2069 860 2110 arbitr
863 2079 1004 2109 Wiietui
1034 2069 1250 2109 hominem
1273 2082 1484 2109 emersum
1505 2067 1649 2108 subito
1671 2079 1724 2108 ex

279 2126 492 2168 diuturnis
516 2126 703 2167 tenebris
721 2125 949 2167 lustrorum
975 2141 1024 2166 ac
1048 2127 1321 2181 stuprorum?
1354 2125 1648 2181 vino,ganei5,
1668 2123 1725 2165 le-

279 2183 479 2235 nociniis,
508 2183 813 2238 adulteriisque
841 2183 1119 2224 contectum?
1147 2197 1245 2223 cum
1280 2197 1314 2222 is
1346 2190 1501 2246 praeter
1531 2195 1650 2238 spem
1681 2180 1733 2222 in

281 2239 489 2288 altissimo
514 2240 648 2298 gradu
682 2240 830 2281 alienis
863 2241 1021 2297 opibus
1051 2240 1216 2296 positus
1245 2249 1373 2290 esset,
1389 2238 1464 2294 qui
1485 2252 1572 2280 non
1594 2236 1738 2301 modo¹

322 2372 362 2402 31
381 2370 512 2410 puteali
527 2368 596 2409 ets.
607 2380 643 2407 g.
660 2369 812 2410 inflatus]
840 2369 984 2411 Inflatus
1027 2380 1056 2400 v.
1072 2369 1162 2400 Clav.
1180 2370 1213 2399 in
1229 2371 1392 2400 ινιαηιηα.

283 2412 414 2452 quidem
429 2413 584 2442 vitiosum
598 2417 660 2449 est,
677 2422 736 2442 nec
759 2421 890 2442 sensum
907 2412 983 2442 huic
1068 2414 1108 2442 33
1130 2417 1241 2442 nostra
1256 2413 1318 2442 hac
1326 2420 1482 2450 purpura
1492 2412 1539 2451 pl.
1542 2409 1556 2450 ]
1581 2409 1632 2441 De
1653 2405 1735 2440 lato

286 2455 360 2486 loco
383 2458 499 2494 aptum
526 2453 643 2484 habere
666 2459 787 2494 potest.
833 2454 983 2484 Scriben·
1026 2453 1118 2484 clavo
1140 2464 1246 2484 sermo
1268 2460 1329 2484 est.
1352 2455 1414 2483 hac
1434 2457 1558 2490 nosltqa
1577 2462 1640 2491 qua
1661 2458 1735 2482 nos

284 2496 364 2529 dum
379 2505 447 2527 esse
464 2501 716 2537 putostzctaezzs,
734 2496 818 2535 quod
834 2502 868 2526 et
887 2496 932 2526 rei
946 2502 981 2527 et
1024 2496 1140 2543 plebeii
1163 2502 1197 2526 et
1220 2496 1328 2526 minus
1351 2495 1466 2526 dixites
1494 2496 1542 2525 uti
1565 2494 1718 2531 solemus,

284 2539 384 2570 verbo
396 2540 567 2578 perena-vus
581 2539 745 2569 convenit.
1024 2547 1099 2568 cum
1116 2538 1182 2577 ipse
1198 2538 1315 2568 nobilis
1329 2547 1366 2567 ac
1380 2536 1468 2567 dives
1481 2541 1576 2567 esset.

327 2584 368 2612 32
389 2591 429 2611 ne
444 2579 578 2619 Scyllaeo
591 2581 646 2610 illo
661 2589 695 2610 α’.
709 2590 741 2610 a.
758 2579 889 2619 infreto
902 2580 977 2620 ἀρ]
1065 2583 1106 2610 3⁴
1128 2590 1164 2610 zn
1189 2581 1332 2610 maximo
1357 2589 1456 2610 cursu
1483 2589 1523 2610 ac
1541 2574 1730 2620 fluctibus}

283 2621 354 2654 Viri
377 2623 465 2654 docti
490 2628 689 2662 putaverunt
718 2622 817 2652 alludi
847 2622 888 2653 ad
916 2623 979 2653 Co
1027 2620 1132 2652 Cursu
1162 2622 1242 2652 mihi
1270 2626 1457 2662 suspectum
1491 2625 1560 2652 est:
1599 2620 1730 2655 dicitur!

282 2664 433 2695 lumnam
447 2664 645 2703 Rheginam.
682 2664 828 2701 Frustra,
844 2670 882 2694 ut
897 2664 978 2695 bene
1021 2664 1110 2694 enin!
1134 2665 1169 2694 in
1196 2664 1315 2694 bonam
1342 2669 1481 2704 partem.
1526 2652 1729 2700 Leeendums

275 2707 447 2748 judicabat
474 2707 510 2737 Ρ.
532 2706 767 2745 Ἐνοεςεὶίηςὶυε
791 2707 831 2737 ad
860 2706 976 2737 Itiner.
1023 2712 1102 2745 puto
1123 2711 1212 2737 estu.
1231 2706 1317 2746 quod
1340 2706 1422 2736 bene
1444 2687 1727 2750 congruitflucli·;'

280 2758 314 2789 p.
331 2751 384 2783 98.
418 2748 639 2788 Intelligenda
652 2754 700 2778 est
717 2748 880 2780 Columna
896 2748 977 2778 Maz-
1021 2750 1098 2778 bus.-
1120 2757 1195 2780 nam
1219 2754 1253 2781 et
1279 2757 1368 2780 mare
1390 2746 1646 2789 estufluecuare
1665 2743 1726 2798 di-

281 2791 338 2821 nia
351 2792 385 2821 in
399 2791 483 2828 foro,
498 2790 539 2821 ad
553 2790 784 2830 quamjudicia
800 2790 838 2820 de
851 2790 977 2820 debito-
1020 2790 1120 2822 citur

280 2833 369 2864 ribus
393 2832 487 2865 malis
509 2843 530 2864 a
551 2833 734 2865 triumviris
759 2832 976 2864 habebantur.

1729 2473 1735 2519 l

1728 2528 1733 2548 1
