1769 3174
566 119 683 156 PRO
715 119 756 156 P.
785 117 1012 157 SEXTIO.
1427 121 1504 158 999

68 222 195 264 tatis?
226 221 286 263 At
313 236 413 263 vero
446 221 506 262 illi
537 221 618 277 ipsi
650 221 891 278 parricidae,
912 234 1095 284 quorum
1127 219 1357 262 effrenatus
1387 221 1568 271 furorgq

67 280 195 321 alitur
226 280 483 335 impunitate
504 278 720 328 diuturna,
742 279 847 319 adeo
883 292 969 318 vim
1001 277 1203 318 facinoris
1235 278 1296 318 sui
1332 279 1507 333 perhor-

66 346 254 387 ruerant,
278 346 339 387 ut,
369 351 402 377 5ι
436 334 577 391 paullo
608 335 778 391 longior
808 335 978 399 opinio
988 334 1138 374 mortis
1172 335 1311 374 Sextii
1343 335 1508 386 luisset,

69 369 317 435 G1.1cch'u1n
342 393 459 433 illum
491 407 630 442 suum,
654 392 935 433 transferendi
969 391 1014 432 in
1043 405 1122 432 nos
1146 391 1336 432 miminis
1368 406 1512 442 causa,

67 450 264 492 occidere
286 450 534 505 cogitarint.
595 450 737 490 Sensit
758 448 987 490 rusticulus
1009 462 1094 489 non
1127 447 1339 498 incautus,
1365 451 1405 480 30
1417 452 1512 512 (ne-

67 522 150 563 que
172 507 286 548 enim
311 507 504 547 homines
534 520 718 561 nequam
743 516 883 547 tacere
906 514 1152 569 potuerunt,
1155 506 1172 554 )
1193 519 1314 546 suum
1339 505 1513 560 sangui·

67 579 166 605 nem
195 564 330 619 quaeri
361 564 414 605 ad
445 563 793 619 restinguendam
825 563 1030 603 invidiam
1060 562 1262 603 f-acinmis
1286 560 1511 603 Clodiani:

68 621 346 662 mulionicam
371 620 570 677 penulam
590 621 784 677 arripuit,
806 635 903 662 cum
927 635 1011 675 qua
1030 619 1215 683 primum
1239 618 1426 659 Romam
1460 619 1513 659 ad

69 678 248 719 comitia
265 688 461 719 venerat:
494 679 698 718 messoria
719 692 763 718 se
789 678 920 718 corbe
941 677 1152 718 contexit.
1213 675 1326 717 Cum
1349 689 1514 730 quaere-

68 745 164 776 rent
185 735 256 776 alii
286 735 557 785 Numerium,
579 734 650 775 alii
683 735 930 798 Quintium,
962 734 1122 790 gemini
1157 733 1343 774 nominis
1373 746 1515 773 errore

69 802 259 833 servatus
282 801 360 833 est.
419 791 564 846 Atque
583 792 665 833 hoc
687 791 804 832 scitis
827 804 990 842 omnes,
1009 805 1142 846 usque
1165 791 1271 831 adeo
1296 790 1513 830 hominem

69 849 114 890 in
140 849 328 905 periculo
362 848 508 899 fuisse,
529 849 670 904 quoad
710 849 864 889 scitum
899 849 955 889 sit
985 848 1184 889 Sextium
1219 848 1376 888 vivere
1398 847 1513 902 quod

69 907 151 948 nim
185 917 295 947 esset
329 905 593 962 patefactum
626 905 767 970 paullo
797 906 940 957 citius,
965 920 1094 961 quam
1126 904 1302 945 vellem:
1335 918 1420 944 non
1456 904 1515 945 illi

68 963 243 1028 quidem
265 973 403 1004 morte
422 963 672 1005 mercenarii
697 963 760 1004 sui
784 962 1012 1005 transferre
1034 962 1282 1027 Ροῐι1155ῃεηῑ
1307 961 1514 1003 invidiam

70 1021 114 1062 in
143 1035 251 1076 quos
281 1021 505 1076 putabant,
536 1020 610 1061 sed
642 1019 906 1062 acerbissimi
938 1019 1105 1062 sceleris
1136 1019 1358 1060 infamiam
1390 1029 1515 1074 grato

72 1078 259 1133 quodam
281 1077 436 1119 scelere
457 1077 726 1119 minuissent.
767 1076 849 1129 Ac,
868 1078 902 1118 si
925 1088 1029 1119 tunc
1053 1076 1104 1118 P.
1128 1076 1316 1127 Sextius,
1329 1075 1578 1131 judices,33

72 1135 116 1176 in
152 1134 311 1191 templo
344 1134 536 1176 Castoris
567 1135 770 1186 animam,
796 1149 925 1190 quam
958 1135 1032 1176 vix
1062 1134 1254 1185 retinuit,
1288 1132 1517 1175 edidisset·

71 1206 159 1233 non
182 1192 350 1243 dubito,
372 1193 492 1248 quin,
515 1192 548 1233 si
568 1193 697 1234 modo
718 1202 830 1233 esset
851 1193 893 1233 in
916 1191 1137 1248 republica
1166 1200 1352 1242 senatus,
1374 1190 1407 1231 si
1429 1205 1519 1232 ma-

67 1249 204 1304 jestas
238 1249 385 1305 populi
422 1249 607 1290 Romani
639 1250 880 1300 revixisset,
904 1248 1134 1304 aliquando
1162 1257 1303 1289 statua
1323 1247 1440 1299 huic,
1463 1249 1520 1289 ob

76 1307 383 1362 rempublicam
419 1306 693 1358 interfecto,
685 1322 729 1348 m
759 1306 854 1347 foro
888 1314 1160 1348 statueretur.
1221 1305 1315 1347 Nec
1347 1319 1446 1346 vero
1471 1305 1522 1346 il-

72 1362 212 1404 lorum
234 1378 476 1418 quisquam,
498 1379 604 1419 quos
627 1379 652 1405 a
675 1363 910 1419 majoribus
931 1363 1104 1414 nostris,
1126 1372 1265 1404 morte
1286 1362 1421 1414 obita,
1444 1377 1522 1419 po-

75 1421 181 1461 sitos
203 1421 246 1461 in
270 1420 342 1461 illo
364 1421 475 1472 loco,
496 1431 625 1476 atque
646 1421 688 1462 in
711 1420 880 1462 Rostris
901 1420 1134 1462 collocatos
1153 1419 1321 1471 videtis,
1339 1430 1451 1461 esset
1470 1419 1523 1460 P.

76 1477 229 1519 Sextio
262 1488 337 1518 aut
367 1479 602 1519 acerbitate
641 1478 808 1530 mortis,
840 1487 915 1519 aut
943 1477 1088 1519 animo
1124 1478 1167 1519 in
1204 1477 1522 1541 rempublicam

75 1535 415 1590 praeponendus.
454 1536 661 1590 quicum
701 1549 873 1576 causam
914 1535 1022 1576 civis
1061 1534 1316 1586 calamitosi,
1348 1549 1566 1582 causamn„

78 1592 222 1642 amici,
255 1607 427 1633 causam
460 1594 568 1633 bene
602 1593 655 1634 de
688 1592 908 1657 republica
944 1591 1102 1643 meriti,
1135 1606 1307 1633 causam
1340 1601 1526 1642 senatuS,

77 1663 249 1690 causam
274 1648 427 1699 ltaliae,
450 1665 622 1691 causam
644 1649 901 1714 reipublicae
925 1650 1206 1706 suscepisset3
1237 1663 1423 1704 cumque
1452 1663 1528 1690 au-

78 1706 224 1762 spiciis
245 1706 528 1770 religionique
547 1721 699 1763 parens
721 1706 1013 1757 obnuntiaret,
1032 1707 1146 1762 quod
1171 1716 1384 1748 senserat.
1416 1706 1527 1757 luce,

80 1762 234 1819 palam,
249 1778 273 1803 a
293 1762 467 1804 nefariis
490 1764 709 1820 pestibus
700 1779 743 1805 lu
762 1765 941 1805 deorum
957 1764 1269 1828 hominumque
1290 1773 1530 1820 conspectu

76 1831 192 1862 esset
220 1821 406 1884 occisus,
430 1822 701 1862 sanctissimo
735 1822 779 1862 in
803 1821 981 1886 templo,
1001 1821 1272 1863 sanctissima
1304 1821 1348 1861 in
1383 1835 1527 1872 causa,

81 1878 352 1919 sanctissimo
385 1878 428 1918 in
464 1879 734 1935 magistratu.
808 1878 914 1934 Ejus
947 1879 1081 1935 igitur
1123 1878 1257 1918 vitam
1300 1878 1530 1933 quisquam

82 1934 350 1991 spoliandam
381 1936 642 1976 ornamentis
672 1950 764 1976 esse
784 1936 914 1986 dicet,
936 1936 1060 1992 cujus
1083 1944 1266 1977 mortem
1289 1935 1526 1977 ornandam

81 2002 364 2034 monumento
388 1993 650 2048 sempiterno
675 1993 910 2048 putaretis?

141 2048 370 2099 Homines,
392 2049 547 2105 inquit,
578 2049 736 2101 emisti,
763 2050 963 2106 coegisti,
990 2049 1166 2106 parasti.
1227 2048 1346 2096 Quid
1376 2049 1439 2091 uti
1464 2050 1526 2091 fa·
1539 2054 1612 2110 39

81 2109 225 2148 ceret?
275 2116 470 2147 senatum
512 2107 756 2149 obsideret?
796 2108 911 2148 cives
952 2107 1223 2148 indemnatos
1267 2107 1592 2163 expellelet?34

83 2164 199 2205 bona
227 2162 459 2219 diriperet?
491 2163 604 2205 aedes
646 2164 918 2206 incenderet?
951 2174 1065 2205 tecta
1104 2163 1390 2206 disturbaret?
1421 2174 1530 2206 tem-

83 2219 155 2276 pla
172 2221 351 2262 deorum
383 2220 692 2262 immortalium
723 2221 1038 2262 inflammaret?
1068 2221 1264 2262 tribunos
1288 2221 1425 2285 plebis
1448 2222 1533 2263 fer-

84 2291 132 2318 ro
153 2292 176 2318 e
199 2277 369 2318 Rostris
400 2278 660 2333 expelleret?
693 2278 951 2334 provincias,
973 2293 1078 2333 quas
1103 2277 1242 2328 vellet,
1265 2278 1422 2333 quibus
1446 2280 1532 2320 vel-

82 2333 157 2385 let,
180 2335 409 2376 venderet?
441 2349 560 2390 reges
584 2335 843 2399 appellaret?
876 2349 1016 2376 lelum
1047 2334 1298 2390 capitalium
1329 2336 1533 2377 condem-

85 2402 224 2443 natos,
258 2392 302 2432 in
342 2391 497 2432 libeias
530 2392 727 2433 civitates
760 2406 834 2448 per
870 2391 1036 2447 legatos
1077 2402 1246 2433 nostros
1283 2393 1534 2436 reduceret?

85 2448 325 2505 principem
348 2449 536 2489 civitatis
568 2448 680 2490 ferro
711 2450 932 2490 obsessum
956 2458 1142 2490 teneret.
1136 2452 1147 2479 Ρ
1179 2449 1273 2491 haec
1297 2460 1344 2490 ut
1364 2451 1534 2491 efficere

87 2515 245 2561 posset,
267 2520 364 2561 quae
388 2506 494 2557 fieri,
516 2506 597 2546 nisi
630 2507 758 2547 armis
787 2521 992 2562 oppressa
1012 2506 1246 2562 republica,
1269 2506 1385 2547 nullo
1403 2507 1533 2548 modo

88 2571 302 2618 poterant,
325 2563 501 2613 idcirco,
532 2564 676 2614 credo,
705 2578 883 2604 manum
914 2564 995 2604 sibi
1031 2563 1080 2604 P.
1106 2564 1281 2604 Sextius
1312 2572 1356 2604 et
1386 2564 1535 2627 copias

89 2620 370 2674 comparavit.
430 2619 490 2659 At
519 2620 711 2661 nondum
742 2630 833 2661 erat
859 2630 1100 2661 maturum:
1133 2621 1324 2661 nondum
1356 2635 1420 2660 res
1443 2636 1538 2676 ipsa

90 2675 142 2716 ad
179 2676 392 2730 ejusmodi
426 2677 639 2741 praesidia·
659 2677 771 2718 viros
804 2679 940 2718 bonos
971 2676 1281 2732 compellebat:
1317 2677 1426 2732 pulsi
1460 2691 1540 2718 nos

89 2745 271 2784 eramus,
301 2748 388 2774 non
421 2734 598 2774 omnino
629 2734 712 2775 ista
749 2749 879 2775 manu
911 2733 1015 2785 sola,
1047 2734 1120 2775 sed
1156 2743 1300 2774 tamen
1331 2749 1419 2775 non
1451 2734 1543 2776 sine

196 2848 239 2878 :30
270 2856 384 2896 neque*
397 2849 638 2880 enim—tacere
660 2849 856 2891 potuerunt]
881 2849 1018 2882 Rectius
1031 2849 1230 2882 scriberetur
1238 2853 1430 2890 potum-ane.
