1769 3174
569 91 687 130 PRO
714 91 757 129 P.
784 90 1014 129 SEXTIQ
1431 83 1509 130 oor'

372 282 443 329 M.
474 280 744 329 TULLII
778 279 1206 330 CICERONIS
1518 256 1597 327 ¹31³·

279 507 351 574 P.
493 505 1312 581 SEXTIO,

358 657 570 699 ORATIO,
590 657 838 696 SECUNDA
854 658 924 695 ET
939 657 973 694 T
976 656 1241 695 RICESIMA.

654 755 926 775 -—-—-⁶=-———-.

590 829 998 868 ARGUMENTUM.

78 912 121 948 P.
142 911 283 948 Sextius
302 911 462 947 tribunus
479 911 592 959 plebis
600 909 695 959 fuit,
717 910 761 945 P.
783 908 938 944 Lentulo
954 908 1146 956 Spinthere
1163 912 1199 944 et
1222 907 1263 949 Q.
1283 907 1433 944 Metello
1454 908 1517 945 Ce-

128 965 200 1000 lere
233 964 443 1000 consulibus,
517 963 553 999 Is
586 974 665 998 cum
696 965 785 997 esset
818 961 998 996 Ciceronis
1029 965 1065 996 et
1096 961 1326 1008 optimatium
1360 962 1519 997 omnium

129 1018 407 1057 amantissimus,
429 1019 542 1051 totum
563 1015 784 1050 tribunatum
801 1024 904 1048 suum
923 1017 957 1047 et
975 1014 1024 1048 acl
1043 1012 1246 1049 Ciceronem
1260 1014 1520 1048 restituendum

129 1072 165 1104 et
179 1070 227 1104 ad
236 1069 456 1116 perniciosas
477 1068 569 1114 leges
587 1066 831 1114 impediendas
850 1065 1015 1101 contulit.
1063 1065 1150 1105 Quae
1167 1076 1221 1100 res
1234 1077 1368 1113 parum
1386 1064 1520 1113 abfuit,

125 1122 213 1167 quin,
232 1121 264 1156 ei
279 1132 354 1156 sum
362 1132 454 1155 mam
471 1120 665 1167 perniciem
683 1118 839 1166 afferret.
895 1117 992 1152 Nam
1019 1129 1099 1152 cum
1122 1118 1256 1164 primo,
1272 1121 1416 1152 senatus
1435 1129 1522 1153 con·-

128 1173 224 1208 sulio
255 1173 298 1208 de
323 1173 520 1207 revocando
554 1171 720 1206 Cicerone
736 1169 857 1218 facto,
879 1169 1062 1204 Fabricius
1091 1169 1253 1206 tribunus
1277 1169 1330 1216 pl.
1352 1181 1413 1204 ux
1433 1168 1520 1204 Kal.

130 1224 228 1260 Febr.
247 1228 367 1260 rostra
385 1224 652 1262 conscendisset,
672 1227 714 1258 ut
741 1223 789 1257 ad
813 1222 988 1269 populum
1013 1222 1056 1256 de
1073 1222 1196 1256 eadem
1214 1219 1391 1269 referret,
1407 1233 1523 1268 operer

134 1276 317 1312 Clodiana>
334 1278 505 1324 impetum
524 1277 559 1310 in
578 1287 656 1310 eum
665 1273 849 1323 fecerunt,
869 1277 910 1308 ut
933 1284 1013 1308 eum
1040 1273 1084 1308 de
1109 1274 1236 1308 rostris
1264 1271 1469 1319 dejicerent,
1488 1277 1525 1308 et

133 1332 216 1363 orta
232 1329 401 1375 utrinque
416 1340 550 1375 pugna,
568 1339 700 1373 magna
719 1327 827 1361 caedes
835 1324 948 1374 facta
963 1329 1039 1360 est.-
1059 1325 1186 1360 deinde
1203 1337 1281 1360 cum
1298 1325 1339 1366 Q.
1353 1324 1526 1360 Metellus

132 1381 171 1415 in
191 1380 322 1428 templo
344 1380 502 1416 Castoris
521 1392 599 1414 cum
616 1379 750 1426 populo
769 1382 903 1424 ageret,
924 1381 957 1412 et
978 1377 1034 1424 leg
1014 1388 1090 1412 trem
1108 1377 1270 1424 aliquam
1288 1377 1336 1412 ad
1349 1378 1526 1424 populum

124 1431 259 1481 ferret,
288 1432 500 1479 Sextiusque
528 1444 606 1467 eam
631 1431 870 1478 perniciosam
897 1430 1116 1471 evistimans,
1148 1430 1394 1469 descendisset,
1425 1431 1528 1476 eique

134 1485 423 1523 olmuntiavisset‚
447 1486 574 1519 iterum
593 1485 645 1518 vis
661 1495 682 1518 a
704 1483 888 1518 Clodianis
908 1485 990 1516 orta
1007 1485 1071 1522 est,
1092 1493 1164 1529 qua
1181 1482 1255 1529 ipse
1265 1493 1368 1528 poene
1383 1480 1527 1517 Sertius

134 1541 184 1571 est
204 1537 350 1572 deletus.
404 1536 546 1571 Harum
565 1547 683 1570 rerum
703 1535 845 1583 culpam
872 1546 950 1569 cum
978 1535 1016 1568 in
1044 1533 1207 1569 Seztium
1226 1532 1388 1581 conferre
1403 1533 1526 1569 Clodi-

133 1590 197 1623 ani
215 1592 395 1635 cuperent,
415 1600 492 1623 eum
511 1589 675 1635 ρνοτὶυιο
702 1597 796 1622 anno
825 1586 909 1634 lege
928 1585 1085 1621 Lutatia
1110 1597 1208 1620 reum
1238 1586 1281 1620 de.
1297 1597 1333 1620 vi
1341 1582 1525 1632 jecerunt

135 1640 178 1676 In
197 1652 266 1687 quo
281 1640 442 1688 periculo
461 1652 540 1675 cum
557 1644 690 1687 praeter
709 1639 800 1674 alios
827 1638 1042 1673 Hortensius
1069 1642 1103 1672 et
1134 1637 1256 1673 Cicero
1273 1637 1523 1677 subvenissent,

132 1704 280 1740 eumque
315 1693 536 1728 orationibus
567 1691 818 1740 defendissent,
847 1690 1030 1725 absolutus
1061 1693 1113 1725 est
1132 1688 1300 1736 judicum
1326 1691 1525 1726 sententiis.

135 1743 370 1804 Defensionis
388 1749 508 1780 autem
525 1744 766 1783 Ciceronianae
784 1743 857 1778 haec
875 1747 927 1777 est
944 1743 1054 1783 ratio,
1073 1746 1126 1783 ut,
1145 1742 1264 1788 qualis
1283 1740 1426 1776 Sextius
1444 1743 1527 1778 inde

134 1808 158 1832 α
172 1797 342 1856 pueritia,
359 1797 593 1844 inprimisque
611 1797 648 1831 in
669 1793 1011 1844 Tribunatufuerit,
1027 1798 1288 1834 commemoret,
1308 1797 1343 1828 et
1361 1805 1526 1840 quoecun-

137 1860 204 1895 que
220 1850 273 1884 vis
292 1847 422 1897 inforo
440 1853 475 1884 et
489 1850 526 1883 in
545 1849 677 1896 templo
698 1847 857 1883 Castoris
870 1850 1012 1882 versata
1028 1847 1089 1887 sit,
1108 1857 1187 1881 eam
1210 1857 1233 1880 α
1262 1845 1446 1881 Clodianis
1468 1858 1527 1882 or-

138 1905 214 1936 tam
231 1912 302 1936 esse
321 1901 496 1936 ostendat.
551 1900 602 1936 Et
621 1901 792 1948 quoniam
813 1903 1000 1935 accusator
1030 1897 1148 1933 Sextii
1175 1898 1338 1945 quaedam
1363 1900 1474 1933 etiam
1488 1900 1528 1936 in

138 1952 341 1989 Ciceronem
357 1953 512 1994 dixerat,
528 1953 775 2000 inprimisque,
793 1963 955 1999 quaenam
973 1954 1061 1986 esset
1079 1950 1146 1984 illa
1164 1951 1395 1997 optimatium
1409 1952 1526 1993 natio,

130 2017 201 2054 per
222 2005 415 2040 ludibrium
433 2016 474 2040 ex
495 2004 662 2040 Cicerone
679 2005 869 2051 qucesierat
880 2018 892 2043 ;
924 2003 991 2038 hac
1018 2003 1200 2037 occasione
1217 2006 1375 2049 arrepta,
1385 2001 1475 2050 fuse
1491 2007 1528 2038 et

139 2058 314 2104 graviter,
335 2058 396 2104 qui
413 2058 486 2091 sint
504 2057 696 2104 optimates
715 2061 749 2091 et
763 2056 970 2103 populares,
980 2055 1094 2095 docet,
1107 2058 1142 2089 et
1158 2054 1267 2089 simul
1282 2055 1448 2094 ostendit,
1461 2066 1529 2102 po-

134 2109 263 2157 pulum
282 2108 485 2144 Romanum
503 2110 611 2144 etiam
627 2120 720 2144 nunc
740 2109 776 2143 in
804 2108 972 2148 comitiis,
993 2107 1217 2142 concionibus
1235 2106 1399 2154 ludisque
1413 2108 1526 2154 signi-

128 2162 259 2211 ficare,
278 2163 393 2208 magis
410 2161 477 2196 sibi
496 2162 687 2208 optimates
705 2172 812 2208 quani
827 2160 1020 2207 populures
1035 2159 1191 2207 placere.

95 2229 164 2290 SI
188 2248 281 2304 quis
323 2259 462 2300 antea,
488 2249 673 2304 judices,
706 2249 956 2299 mirabatur,
986 2247 1119 2303 qnid,
1125 2257 1249 2298 esset,
1288 2248 1418 2302 quod,
1451 2240 1573 2304 prol

93 2307 222 2347 tantis
244 2307 397 2362 opibus
420 2307 688 2371 1eipublicae,
706 2316 910 2361 tantaque
931 2280 1174 2361 dignitate
1165 2305 1350 2360 lmperii,
1372 2312 1562 2360 nequa-l

93 2377 219 2417 quam
241 2364 341 2404 satis
374 2363 497 2404 multi
520 2364 588 2404 civ
592 2377 634 2404 es
666 2363 766 2404 forti
791 2373 833 2403 et
858 2377 1015 2415 maono
1049 2362 1193 2403 animo
1224 2362 1530 2413 invenirentur,

94 2420 391 2474 quiaude1e11t
415 2435 457 2461 se
492 2432 535 2462 et
568 2421 747 2462 salutem
781 2435 900 2461 suam
934 2421 975 2460 in
1012 2419 1241 2460 discrimen
1271 2418 1423 2459 offerre
1455 2434 1532 2475 pio

94 2484 203 2517 statu
232 2477 434 2528 civitatis,
456 2487 499 2518 et
530 2493 606 2534 pro
637 2478 855 2518 communi
887 2476 1108 2517 libertate:
1140 2490 1193 2516 ex
1227 2476 1310 2516 hoc
1340 2485 1534 2531 tempme

96 2534 275 2576 miretur
304 2535 460 2590 potius,
492 2536 524 2575 si
563 2550 691 2592 quem
725 2536 887 2575 bonum
920 2542 964 2574 et
995 2533 1150 2573 foitem
1184 2533 1322 2574 civem
1364 2533 1533 2583 xiderit,

95 2604 220 2643 quam
244 2592 277 2631 si
300 2606 458 2646 quem
448 2603 522 2632 tut
545 2587 758 2643 timidum,
780 2600 854 2632 aut
886 2591 967 2632 sibi
999 2590 1158 2646 potius,
1180 2605 1308 2645 quam
1330 2589 1534 2644 leipubli-

95 2661 156 2686 cae
177 2649 483 2688 consulentem.
546 2649 674 2700 Nam,
697 2657 744 2689 ut
765 2648 974 2689 omittatis
996 2648 1048 2688 de
1078 2648 1413 2701 uniuscujusque
1433 2661 1535 2687 casu

94 2703 325 2758 cogitando
348 2706 574 2755 1Ueco1ila1i,
597 2721 682 2746 uno
712 2706 918 2760 adspectu
949 2704 1104 2745 intueri
1136 2703 1329 2759 potestiS‚
1352 2717 1438 2753 eos,
1460 2703 1535 2757 qui

98 2773 194 2800 cum
218 2771 380 2813 senatu,
403 2777 502 2802 cum
526 2763 648 2803 bonis
671 2763 886 2813 omnibus,
908 2761 1216 2816 lempublicam
1234 2760 1382 2800 afflict
1372 2774 1439 2799 nn
1459 2774 1536 2800 ex-

96 2816 283 2870 citarint,
304 2827 348 2859 et
379 2818 605 2861 latrocinio
636 2819 874 2860 domestico
907 2818 1142 2870 liberarint,
1175 2825 1371 2869 lnoestOS,
1401 2816 1535 2857 sordi’-
