1785 3185
267 102 367 136 1258
858 98 1105 138 ORATIO

264 202 365 250 rius,
391 201 521 243 homo
544 196 783 245 misericors
812 202 920 244 ferre
943 219 1026 245 non
1057 203 1222 260 potuit:
1255 208 1386 260 caput
1412 204 1604 260 aperuit3
1644 206 1687 248 in

262 258 417 298 collum
457 260 628 300 invasit.
687 260 728 301 Ο
766 261 981 302 hominem
1022 263 1227 315 nequam!
1273 262 1395 316 (quid
1424 262 1538 303 enim
1571 263 1685 305 aliud

261 315 431 356 dicam?
464 317 600 372 magis
632 317 802 373 proprie
834 317 941 358 nihil
962 332 1132 372 possum
1164 318 1338 367 dicere.)
1369 332 1465 373 ego,
1487 329 1534 359 ut
1564 328 1604 359 te
1622 334 1687 360 ca-

260 372 474 423 tamitum,
497 387 574 414 nee
596 374 773 428 opinato
792 389 888 414 cum
919 374 1190 424 ostendisses,
1218 385 1370 429 praeter
1393 389 1511 430 spem
1535 376 1685 416 mulier

259 428 510 484 adspiceret,
536 430 694 471 ideirco
725 431 873 470 urbem
906 440 1063 470 terrore
1086 441 1310 480 nocturno,
1336 431 1502 472 ltaliam
1527 431 1683 473 multo-

197 499 247 538 73
261 499 352 525 rum
387 486 549 527 dierum
588 496 702 527 metu
740 487 1025 542 perturbasti?
1070 485 1124 526 Et
1155 487 1272 527 domi
1304 488 1477 541 quidem
1510 502 1683 529 eausam

258 543 414 583 amoris
433 543 609 594 habuit3
633 542 733 584 foris
750 543 878 583 etiam
899 543 1147 597 turpiorem,
1171 546 1278 582 5211e
1302 543 1350 583 L.
1378 543 1558 584 Plancus
1575 560 1683 600 prae·

257 598 329 639 des
353 608 447 640 tuos
464 599 679 641 venderet.
703 599 934 654 productus
957 608 1099 638 autem
1124 600 1165 639 in
1188 600 1437 640 concionem
1462 616 1486 641 a
1509 602 1681 642 tribuno

256 655 408 710 plebis,
427 671 526 697 cum
548 656 850 711 respondisses,
874 665 913 695 te
934 656 990 695 rei
1016 666 1100 696 tuae
1123 670 1250 696 eausa
1275 656 1452 706 venisse,
1473 658 1680 712 populum

173 714 242 761 32
258 712 385 753 ctiam
407 714 597 754 dicacem
626 714 668 753 in
700 721 741 753 te
773 711 1008 753 reddidisti.
1052 712 1134 753 Sed
1161 713 1286 752 nimis
1311 713 1444 754 multa
1463 716 1515 754 de
1538 714 1679 770 nugis.

209 781 242 812 b.
257 770 308 810 ad
333 770 497 824 majora
518 769 751 810 veniamus.

312 825 474 867 Caesari
496 840 549 866 ex
575 825 790 881 Hispania
811 824 1002 866 redeunti
1029 826 1200 866 obviam
1230 825 1478 881 longissime
1509 841 1679 883 proces·

254 882 361 924 sisti.
392 884 585 924 celeriter
615 885 653 913 53
668 883 752 933 isti,
786 882 947 931 redisti,
982 892 1028 924 ut
1062 893 1342 939 cognosceret
1376 893 1431 932 te,
1469 883 1501 923 si
1536 885 1677 925 minus

249 938 420 991 fortem,
443 949 632 981 attamen
655 948 889 980 strenuum.
923 939 1076 980 Factus
1098 954 1141 980 cs
1164 941 1201 980 ei
1225 954 1380 990 rursus,
1404 940 1546 981 nescio
1569 956 1676 996 quo·

247 997 393 1047 modo,
416 995 651 1037 familiaris.
695 995 900 1037 Habebat
921 995 1003 1036 hoe
1027 997 1202 1036 omnino
1227 995 1396 1038 Caesar:
1429 1011 1555 1051 quem
1587 997 1676 1053 pla-

247 1066 302 1093 ne
335 1053 547 1108 perditum
582 1066 665 1093 aere
698 1052 837 1093 alieno
869 1061 1167 1108 egentemque,
1201 1053 1234 1093 si
1273 1053 1453 1094 eundem
1491 1068 1672 1109 nequam

246 1108 467 1150 hominem
508 1110 798 1164 audacemque
836 1120 1059 1162 cogrnorat‚
1102 1110 1215 1150 hunc
1254 1109 1294 1149 in
1340 1110 1673 1153 familiaritatem

184 1164 528 1216 7'9libentissime
560 1166 809 1222 recipiebat.
871 1143 955 1207 liis
991 1167 1122 1222 igitur
1160 1167 1284 1206 rebus
1322 1167 1521 1222 praeclare
1553 1183 1672 1209 com-

245 1223 485 1274 mendatus,
508 1223 656 1278 jussus
678 1237 721 1264 es
741 1223 974 1264 renuntiari
998 1222 1160 1274 consul,
1183 1232 1226 1264 et
1247 1223 1419 1277 quidem
1441 1238 1537 1264 cum
1562 1225 1672 1280 ipso·

244 1278 370 1321 Nihil
391 1295 545 1336 queror
567 1281 620 1321 de
646 1279 882 1331 Dolabella,
906 1281 980 1335 qui
1005 1289 1093 1320 tum
1120 1291 1184 1320 est
1212 1279 1431 1335 impulsus,
1455 1281 1670 1332 inductus,

242 1336 400 1378 elusus.
456 1338 556 1384 Qua
578 1338 619 1377 in
643 1351 686 1377 re
709 1346 867 1392 quanta
890 1337 1018 1377 fuerit
1044 1337 1263 1391 utriusque
1287 1337 1470 1377 vestrum
1494 1337 1672 1393 perfidia

242 1393 286 1434 in
312 1393 595 1445 Dolabellam,
617 1395 712 1449 quis
736 1395 931 1449 ignorat?
965 1392 1042 1434 Ille
1067 1393 1252 1444 induxit,
1280 1402 1327 1434 ut
1352 1403 1540 1449 peteret:
1573 1409 1672 1450 pro-

240 1451 419 1492 missum
441 1461 482 1492 et
505 1461 723 1507 receptum
749 1451 1002 1500 intervertit,
1025 1451 1076 1491 ad
1098 1465 1224 1506 seque
1247 1450 1486 1492 transtulit:
1510 1460 1551 1491 tu
1578 1452 1671 1506 ejus

241 1508 433 1563 perfidiae
464 1508 726 1550 voluntatem
759 1518 872 1549 tuam
902 1507 1182 1563 adscripsisti.
1241 1507 1432 1548 Veniunt
1463 1507 1670 1551 Kalendae

239 1564 486 1607 sannam-iae:
538 1565 736 1620 cogimur
772 1565 813 1605 in
851 1575 1070 1606 senatum:
1119 1565 1311 1605 invectus
1353 1574 1417 1604 est
1451 1566 1669 1621 copiosius

240 1624 377 1663 multo
399 1623 443 1662 in
466 1623 592 1662 istum
616 1632 659 1662 et
683 1622 869 1678 paratius
902 1621 1138 1671 Dolabella,
1172 1636 1296 1675 quam
1329 1636 1442 1662 nune
1469 1636 1566 1677 ego.
1596 1622 1668 1664 hic

177 1686 229 1719 80
242 1687 383 1719 autem
424 1679 554 1719 iratus
595 1694 691 1734 quae
726 1679 852 1729 dixit,
885 1679 943 1719 dii
979 1678 1110 1718 boni?
1154 1677 1344 1718 Primum
1385 1693 1482 1719 eum
1521 1677 1668 1721 Caesar

238 1735 508 1785 ostendisset,
551 1749 608 1786 sc,
650 1738 690 1765 51⁴
708 1736 954 1791 priusquam
998 1734 1351 1790 proficisceretur,
1396 1735 1664 1778 Dolabellam

234 1792 452 1833 consulem
467 1792 814 1847 essejussurum:
839 1807 963 1846 quem
986 1801 1144 1846 negant
1166 1806 1324 1847 regem,
1347 1793 1418 1847 qui
1442 1802 1484 1832 et
1506 1792 1666 1834 faceret.

231 1849 620 1905 sempcrejusmodi
637 1849 812 1904 aliquid,
828 1859 870 1889 et
889 1850 1068 1889 diceret:
1091 1848 1160 1889 sed
1174 1864 1271 1889 cum
1291 1849 1437 1889 Caesar
1455 1849 1514 1889 ita
1529 1849 1665 1891 dixis-

233 1916 322 1957 set3
351 1916 439 1947 tum
464 1906 536 1947 hic
559 1907 696 1947 bonus
728 1919 878 1961 augur,
904 1920 954 1946 co
975 1920 1017 1946 se
1043 1906 1280 1946 sacerdotio
1314 1906 1539 1961 praeditum
1573 1920 1664 1948 esse

232 1963 359 2014 dixit,
382 1974 430 2004 ut
452 1964 628 2004 comitia
646 1963 846 2018 auspiciis
871 1966 908 1993 55
929 1963 990 2003 vel
1011 1962 1231 2017 impedire,
1249 1962 1311 2002 vel
1332 1963 1480 2003 vitiare
1503 1974 1661 2018 posset,

232 2019 359 2074 idque
394 2036 437 2061 se
472 2020 684 2061 facturum
718 2034 808 2059 csse
838 2019 1109 2059 asseveravit.
1171 2018 1220 2059 [n
1254 2034 1339 2074 quo
1374 2020 1558 2074 primum
1594 2021 1659 2061 in-

168 2087 214 2119 81
231 2077 476 2118 credibilem
510 2077 802 2133 stupiditatem
838 2076 1022 2116 bominis
1053 2076 1316 2131 cognoscite.
1379 2076 1495 2122 Quid
1518 2077 1660 2119 enim?

229 2134 354 2185 istuc,
384 2135 497 2189 quod
524 2143 563 2175 te
593 2134 815 2174 sacerdotii
835 2133 933 2186 jure
957 2132 1094 2173 facere
1118 2147 1240 2187 posse
1262 2132 1426 2183 dixisti,
1458 2133 1490 2173 si
1520 2148 1657 2190 augur

226 2205 310 2232 non
338 2206 464 2243 esses,
492 2201 536 2232 et
557 2191 596 2221 ⁵6
609 2190 757 2231 consul
779 2204 903 2242 esses,
937 2190 1076 2230 minus
1106 2190 1244 2230 facere
1277 2190 1513 2245 potuisses?
1546 2190 1655 2231 Vide

224 2303 339 2334 Paullo
363 2305 473 2335 ‹lux-ius
492 2308 541 2334 est
567 2303 838 2344 ηἶζίειήεεείἰίὶηω
862 2313 920 2343 pro
1007 2304 1044 2332 53
1069 2302 1122 2332 iste?
1144 2306 1173 2332 ee
1199 2302 1325 2341 redisti]
1356 2301 1404 2333 Et
1428 2311 1493 2331 non
1521 2305 1591 2333 erat
1621 2303 1656 2335 in

223 2356 287 2384 quo
300 2346 379 2376 alins
393 2347 511 2377 dicitur
521 2348 700 2383 abstulisse,
715 2345 918 2384 quodlenius
962 2344 1037 2374 Vat.
1063 2344 1268 2383 deletumque
1289 2348 1338 2374 est
1364 2354 1383 2373 a
1410 2344 1534 2374 Fafirno
1556 2349 1590 2373 et
1606 2354 1655 2375 se-

223 2389 435 2428 conjungstur
462 2398 536 2418 cuni
565 2389 665 2418 illinc.
725 2387 917 2426 Intelligen-
961 2387 1126 2425 quat-ibus.
1147 2393 1244 2416 recte.
1266 2387 1311 2416 sic
1326 2396 1356 2415 e.
1380 2388 1431 2416 35.
1456 2396 1530 2416 eum
1553 2387 1652 2425 irent,

222 2431 299 2459 dum
316 2438 425 2460 autem
442 2431 480 2461 dc
493 2431 605 2467 mima,
621 2439 717 2468 quani
733 2439 817 2468 aegre
834 2430 916 2459 sere-
960 2429 1112 2458 redirent.
1158 2428 1240 2458 Item
1258 2438 1332 2458 mox
1348 2433 1515 2466 cognorat.

220 2472 275 2502 bat
292 2482 372 2502 uxor
388 2472 510 2502 Fulvia.
998 2473 1037 2500 5⁴
1055 2471 1180 2509 priusq.
1191 2469 1296 2508 perZ]
1324 2480 1367 2499 sc.
1383 2469 1421 2499 ad
1438 2470 1558 2500 bellum
1572 2470 1650 2500 Par.

262 2517 301 2544 52
325 2523 364 2544 ne
389 2514 431 2545 L.
462 2515 516 2545 Pl.
536 2513 661 2553 praedes
681 2517 750 2542 tuos
774 2513 821 2552 tn]
856 2513 910 2543 111⁴
954 2511 1094 2548 tliicum,
1110 2511 1195 2550 quod
1215 2522 1252 2540 eo
1272 2521 1359 2541 anno
1380 2513 1540 2552 suscipere
1560 2515 1648 2551 cogi-

217 2556 332 2594 *alligo
348 2565 414 2592 eos,
430 2566 509 2595 quos
524 2565 620 2595 supra
633 2554 782 2591 vidimus,
796 2556 908 2584 :erario
952 2554 1055 2584 tabat.
1112 2555 1197 2583 Ante
1226 2553 1307 2584 illud
1340 2554 1402 2583 iter
1438 2553 1647 2584 Dolabellam

217 2600 338 2628 cavisse
358 2608 415 2638 pro
432 2598 588 2628 Antonio.
633 2596 759 2636 Nempe
779 2603 907 2636 teinpus
952 2597 1011 2625 sibi
1028 2595 1201 2634 subrogare
1215 2595 1381 2625 consulem
1401 2596 1542 2626 volebat.

216 2641 376 2671 aCa’sare
391 2645 602 2680 prorogatum
618 2638 753 2675 exierat,
771 2648 830 2669 nec
844 2639 905 2668 sol·
993 2641 1031 2667 55
1068 2640 1118 2667 vel
1146 2638 1300 2676 impedire
1328 2639 1378 2667 vel
1403 2637 1534 2676 risiare]
1575 2637 1644 2668 Im-

216 2687 306 2712 vernt
335 2683 505 2722 pecuniam
534 2681 706 2713 Antonius.
759 2681 904 2711 Grau-ius
944 2681 1068 2719 pedire,
1100 2689 1140 2709 ne
1169 2681 1384 2719 peragantur';
1422 2680 1553 2715 vitiare,
1589 2680 1644 2712 ubi

212 2724 314 2754 «didit
335 2734 419 2760 suna,
437 2724 525 2763 quod
550 2728 600 2754 cst
620 2724 654 2752 iu
673 2722 752 2752 Mss.
775 2723 903 2761 quibus·
949 2727 1079 2760 peracta
1092 2724 1182 2758 sunt,
1199 2731 1238 2751 ne
1254 2721 1373 2758 valeat,
1390 2722 1475 2760 quod
1491 2722 1522 2752 in
1539 2721 1577 2752 iis
1593 2727 1643 2752 est

211 2765 299 2803 dam,
315 2767 429 2796 vitiose
444 2778 481 2796 ac
504 2767 573 2796 siue
589 2774 696 2795 sensu.
743 2764 809 2796 Ms.
834 2765 904 2804 qui·
949 2770 1071 2794 actum.

208 2808 281 2837 dem
313 2808 420 2838 Guels.
444 2810 546 2840 etiam
572 2808 670 2839 habet
697 2811 779 2844 tuos,
806 2813 843 2838 ut
871 2812 904 2838 ct
991 2807 1031 2835 56
1053 2806 1164 2836 consul
1192 2804 1286 2844 esses]
1324 2804 1404 2834 Erat
1427 2808 1538 2834 autem
1562 2809 1637 2838 tum

207 2849 280 2880 edd.
296 2861 345 2891 pr.
947 2848 1061 2879 consul
1078 2848 1254 2886 Antonius,
1271 2847 1396 2886 collega
1412 2847 1548 2878 Coesare.
