1785 3185
471 99 817 140 PHILIPPICA
844 99 1137 138 SECUNDA.
1427 100 1523 136 1283

88 200 158 245 illa
179 215 224 243 re
255 202 471 245 servitutis
501 204 638 244 oblita
667 203 819 245 civitas
851 203 1077 259 ingemuit,
1099 205 1139 234 23
1155 203 1524 258 servientibusque

87 258 256 310 animis,
276 261 463 316 gemitus
486 268 629 301 tamen
660 259 807 316 populi
842 259 1028 300 Romani
1060 259 1167 299 liber
1199 259 1294 300 suit.
1357 259 1524 315 Exspe-

85 315 304 357 ctantibus
331 317 546 367 omnibus,
565 316 763 371 quisnam
785 326 895 357 esset
918 326 1003 356 tani
1029 316 1200 371 impius,
1223 325 1308 356 tam
1332 317 1522 366 demens,

87 380 173 413 tam
197 372 278 414 diis
300 373 634 428 hominibusque
655 373 806 424 hostis,
827 373 902 428 qui
933 373 986 413 ad
1019 372 1120 412 illud
1153 372 1289 412 scelus
1320 373 1522 414 sectionis

84 428 258 470 auderet
296 431 512 482 accedere,
546 431 745 472 inventus
786 440 852 471 est
891 444 1033 480 nemo,
1073 438 1228 485 practer
1265 427 1522 479 Antonium,

83 488 322 541 praesertim
354 502 453 529 cum
491 497 558 528 tot
588 497 730 529 essent
764 488 926 528 circum
966 487 1133 527 hastam
1170 485 1300 536 illam,
1333 487 1405 539 qui
1439 485 1522 526 alia

83 543 229 584 omnia
257 544 476 586 auderent.
509 560 618 585 unus
651 545 850 586 inventus
882 552 961 595 cst,
993 544 1066 599 qui
1101 544 1142 584 id
1180 542 1369 592 auderet,
1404 542 1518 597 quod

81 603 277 642 omnium
298 601 480 657 fugisset
501 611 544 643 et
564 601 882 643 reformidasset
904 601 1097 642 audacia.
1136 599 1300 640 Tantus
1324 598 1456 654 igitur
1479 608 1519 639 te
1533 606 1580 639 65

83 664 233 713 stupor
257 659 484 714 oppressit,
507 659 587 710 vel,
611 668 658 700 ut
676 659 816 700 verius
845 658 1002 709 dicam,
1027 666 1170 698 tantus
1200 656 1332 707 furor,
1356 665 1404 696 ut
1434 656 1521 712 pri-

82 728 217 765 mum,
238 730 337 757 cum
361 725 499 757 sector
521 717 576 756 sis
606 716 689 758 isto
720 715 815 757 loco
845 725 986 764 natuS,
1007 715 1161 755 deinde
1191 727 1289 754 cum
1325 712 1522 768 Pompeii

83 780 237 823 sector,
259 787 345 814 non
370 782 410 813 te
430 773 740 814 exsecrandum
763 772 923 828 populo
947 771 1161 822 Romano,
1179 785 1266 811 non
1288 770 1523 811 detestabi-

84 828 183 881 lem,
214 844 300 871 non
332 844 480 871 omnes
512 830 590 870 tibi
622 830 740 881 deos,
771 844 919 870 omnes
950 828 1161 878 homines,
1182 838 1226 868 et
1256 842 1346 868 esse
1378 827 1522 868 inimi-

83 900 173 936 cos,
194 895 238 927 et
261 886 427 928 futuros
459 887 594 928 scias?
625 885 686 927 At
707 901 834 943 quain
866 886 1098 927 insolenter
1122 885 1265 925 statim
1290 884 1431 925 helluo
1454 884 1520 925 in-

82 942 194 983 vasit
215 944 257 984 in
281 943 373 998 ejus
396 943 475 984 viri
498 942 716 996 fortunasg
749 944 872 998 cujus
896 944 1054 983 virtute
1076 942 1307 984 terribilior
1327 951 1418 982 erat
1439 956 1518 997 po-

80 998 206 1054 pulus
242 1000 462 1042 Romanus
498 1001 657 1042 exteris
689 1001 906 1057 gentibuS‚
937 1000 1112 1055 justitia
1142 1001 1307 1041 carior?
1339 998 1391 1040 In
1423 999 1515 1054 ejus
1531 997 1599 1052 27

81 1056 216 1110 igitur
237 1057 383 1114 copias
405 1072 503 1099 cum
526 1073 569 1098 se
593 1058 736 1099 subito
759 1055 1389 1114 ingurgitavissetpexsultabat
1411 1070 1517 1111 gau·
1530 1074 1561 1104 p.
1581 1067 1649 1099 173.

79 1113 168 1164 dio,
196 1128 378 1170 persona
408 1115 462 1156 de
492 1115 640 1166 mimo,
673 1115 804 1156 modo
835 1128 982 1170 egem,
1014 1122 1190 1169 repente
1221 1113 1355 1154 dives.
1417 1113 1560 1165 Sed,a·

81 1178 130 1210 ut
150 1181 213 1212 est
235 1172 347 1227 apud
371 1172 546 1227 poetam
567 1173 712 1214 nescio
735 1186 878 1228 quem,
899 1170 1004 1212 male
1025 1177 1168 1226 parta,
1199 1169 1304 1212 male
1323 1169 1516 1211 dilabuu-

80 1232 162 1268 tur.
223 1227 496 1281 Incredibile,
516 1245 567 1271 ac
598 1229 734 1271 simile
765 1228 952 1285 portenti
985 1226 1063 1279 es't,
1085 1242 1273 1282 quonam
1294 1227 1423 1269 modo
1445 1227 1517 1269 illa
1529 1233 1579 1266 66

80 1292 171 1324 tam
193 1285 340 1338 multa,
361 1301 490 1341 quam
515 1287 677 1342 paucis,
698 1301 785 1328 non
815 1286 914 1328 dico
944 1285 1179 1335 mensibus,
1209 1286 1249 1316 ‘24
1263 1285 1336 1326 sed
1366 1285 1517 1326 diebus

80 1340 294 1384 effuderit.
355 1343 581 1386 Maximus
603 1344 691 1386 vini
714 1358 915 1385 numerus
937 1341 1035 1394 fuit,
1058 1354 1342 1398 permagnum
1364 1342 1519 1398 optimi

80 1399 250 1453 pondus
290 1401 472 1457 argenti,
510 1402 698 1456 pretiosa
728 1401 872 1451 vestis,
908 1399 1044 1441 multa
1081 1408 1125 1440 et
1161 1399 1278 1440 lauta
1313 1399 1520 1455 supellex,

79 1463 125 1495 et
145 1457 379 1513 magnifica
402 1457 547 1499 multis
578 1458 698 1509 locis,
720 1473 807 1499 non
839 1457 910 1498 illa
931 1457 1105 1512 quidem
1135 1455 1345 1497 luxuriosi
1378 1456 1518 1497 homi-

78 1512 161 1564 nis,
184 1514 255 1555 sed
282 1522 423 1556 tamen
446 1516 720 1556 abundantis.
742 1515 896 1558 horum
922 1515 1068 1570 paucis
1091 1514 1241 1554 diebus
1272 1513 1380 1553 nihil
1411 1522 1515 1555 erat.

79 1569 192 1615 Quae
217 1571 461 1628 Charybdis
483 1582 571 1614 tam
594 1576 754 1614 vorax?
804 1571 1055 1627 Charybdin
1079 1571 1176 1612 dico
1198 1573 1210 1613 ?
1241 1585 1339 1626 quae
1362 1570 1395 1611 si
1419 1569 1516 1622 fuit,
1527 1581 1578 1620 67

78 1624 164 1667 fuit
200 1629 359 1671 animal
395 1644 553 1671 unum:
596 1630 811 1681 Oceanus,
848 1629 1015 1670 medius
1057 1628 1197 1679 fidius,
1236 1629 1311 1669 vix
1348 1627 1518 1669 videtur

78 1691 145 1724 tot
174 1699 255 1736 res,
281 1687 321 1717 25
337 1695 422 1727 tam
453 1686 696 1743 dissipatas,
719 1696 806 1728 tam
836 1686 1097 1727 distantibus
1130 1685 1173 1725 in
1204 1684 1309 1726 locis
1341 1686 1518 1740 positas,

77 1747 165 1782 tarn
188 1742 276 1784 cito
299 1744 528 1785 absorbere
550 1744 755 1800 potuisse.
817 1743 940 1784 Nihil
969 1754 1061 1784 erat
1081 1741 1288 1794 clausum,
1310 1742 1419 1783 nihil
1440 1742 1519 1783 ob-

77 1798 311 1854 signatum,
333 1801 374 1831 26
386 1800 494 1841 nihil
516 1801 738 1857 seriptum.
770 1800 995 1857 apothecae
1019 1807 1122 1841 totae
1147 1799 1417 1854 nequissimis
1439 1799 1519 1840 ho-

77 1855 266 1897 minibus
297 1858 666 1899 condonabantur.
698 1858 780 1898 alia
810 1858 931 1898 mimi
962 1857 1202 1914 rapiebant,
1233 1856 1316 1897 alia
1344 1856 1516 1898 mimae:

76 1911 231 1954 domus
262 1923 354 1955 erat
382 1914 640 1957 aleatoribus
670 1915 841 1965 referta,
865 1914 989 1970 plena
1008 1914 1225 1955 ebriorum
1248 1930 1257 1954 :
1292 1922 1405 1954 totos
1427 1913 1518 1954 dies

79 1971 326 2024 potabatur,
367 1980 495 2027 atque
532 1973 575 2014 id
614 1972 717 2012 locis
751 1972 974 2028 pluribus:
1008 1971 1349 2027 suggerebantur
1386 1970 1518 2011 etiam

79 2040 195 2083 saepe
224 2031 331 2080 (non
361 2030 476 2070 enim
508 2043 675 2084 semper
705 2030 795 2085 ipse
826 2028 950 2079 felix)
981 2028 1138 2069 damna
1166 2027 1384 2069 aleatoria.
1415 2042 1520 2068 con-

79 2083 282 2139 chyliatis
314 2084 396 2126 Cn.
421 2086 618 2143 Pompeii
651 2086 977 2142 peristromatiS,
999 2099 1218 2126 servorum
1241 2084 1284 2125 in
1306 2084 1437 2136 cellis,
1459 2084 1520 2125 le-

81 2150 176 2194 ctos
199 2151 353 2183 stratos
376 2143 556 2185 videres.
605 2143 903 2190 Quamobrem
927 2142 1110 2183 desinite
1131 2142 1292 2193 mirari,
1312 2141 1408 2183 haec
1430 2150 1520 2183 tam

80 2197 274 2240 celeriter
314 2215 403 2241 esse
444 2209 684 2242 consumta.
722 2215 809 2241 non
852 2199 981 2241 modo
1025 2200 1150 2240 unius
1193 2199 1518 2255 patrimonium,

77 2256 274 2309 quamvis
307 2257 512 2314 amplum,
546 2268 594 2299 ut
625 2257 739 2299 illud»
763 2256 862 2309 fuit,
897 2257 970 2298 sed
1008 2257 1134 2298 urbes
1165 2266 1210 2302 et
1242 2270 1375 2313 regna
1409 2256 1520 2298 cele-

117 2429 158 2459 23
190 2431 462 2471 servientibusque
495 2429 629 2470 animis]
668 2430 775 2462 Graev.
817 2433 871 2461 tra
886 2434 1078 2471 perpetuam
1094 2429 1366 2461 consuetudinem
1389 2430 1520 2461 Cicero-

77 2471 214 2509 addidit,
231 2483 306 2503 cum
328 2475 439 2504 omnia
461 2479 550 2504 metu
573 2478 775 2511 tenerentur,
818 2473 869 2504 nis
890 2475 922 2503 in
938 2473 999 2503 hac
1014 2473 1122 2504 forma
1135 2471 1285 2503 additum
1299 2478 1350 2502 est
1365 2482 1384 2502 a
1397 2471 1519 2512 glossa-

75 2513 161 2551 quod
174 2524 192 2544 e
213 2514 278 2545 Ms.
292 2515 368 2546 Vat.
383 2516 554 2547 ediderant
577 2516 729 2546 Muretus
742 2521 778 2546 et
819 2520 902 2546 tore.
943 2515 1044 2546 Abest
1059 2514 1159 2546 etiam
1174 2513 1248 2545 edd.
1264 2523 1314 2554 pr.

75 2554 268 2587 Lambinus.
312 2557 396 2588 Mihi
424 2558 487 2589 hoc
514 2558 643 2588 videtur
666 2567 735 2588 esse
758 2568 778 2588 a
862 2559 902 2589 25
926 2562 995 2588 tam
1012 2557 1198 2597 dissipatas,
1214 2560 1285 2586 tam
1301 2556 1374 2586 dist.
1388 2556 1413 2585 i.
1431 2558 1451 2585 l.
1464 2556 1516 2595 μ]

78 2602 158 2628 nota
192 2598 391 2638 glossatoris.
437 2600 618 2640 Vulgatum
646 2599 776 2629 brevius
819 2599 940 2629 Parum
963 2608 1041 2629 sane
1064 2599 1174 2630 differt
1195 2599 1357 2638 posterius
1373 2608 1392 2627 a
1407 2598 1519 2637 priori.

79 2643 114 2669 et
140 2641 268 2671 acutius
295 2646 356 2673 est.
401 2642 492 2672 Idem
522 2646 596 2683 post
624 2652 641 2672 e
669 2645 777 2681 conje-
820 2646 897 2672 nam
910 2651 960 2671 res
976 2641 1139 2682 ιῆεηὶγαΐφ
1150 2645 1228 2670 sunt
1242 2641 1338 2672 variis
1351 2644 1385 2669 et
1397 2640 1519 2670 distan-

77 2686 173 2712 ctura
197 2682 311 2714 FaErni
340 2683 463 2715 addidit
484 2694 560 2721 nou,
582 2694 646 2714 non
667 2694 775 2714 omnes
816 2684 906 2714 tibus
933 2683 1014 2713 locis
1041 2684 1178 2725 positae:
1214 2682 1240 2710 si
1269 2691 1336 2712 non
1365 2688 1415 2712 est
1442 2687 1523 2712 nota

76 2724 228 2759 homines,
247 2730 280 2755 et
295 2726 380 2756 infra
395 2726 519 2757 Mureti
535 2727 610 2757 viri.
649 2725 692 2756 In
705 2725 777 2767 ejus
819 2726 1022 2765 glossatoriS,
1037 2736 1095 2767 per
1116 2723 1282 2767 ἒξεςγασίαν
1303 2722 1450 2754 additum
1472 2728 1524 2755 est

75 2765 184 2804 igitur
199 2767 274 2798 viri.
819 2778 840 2798 a
855 2768 1026 2798 Cicerone.

119 2810 160 2838 24
181 2809 363 2849 sedpaueis
379 2809 501 2850 diebus]
519 2809 635 2840 Delevi
647 2810 777 2850 paucis,
864 2811 904 2842 26
927 2810 1014 2841 nihil
1025 2808 1198 2850 scriplum]
1217 2818 1247 2839 v.
1267 2807 1358 2839 Clav.

75 2850 161 2889 quod
173 2859 240 2882 non
256 2856 305 2882 est
322 2851 360 2882 in
374 2852 439 2885 Ms.
453 2852 518 2883 Gu.
536 2851 575 2883 L.
593 2852 636 2883 H.
652 2857 684 2882 et
701 2860 780 2880 con-

711 2898 840 2936 404
