1769 3174
605 115 722 154 PRO
748 114 804 152 M
834 116 1044 154 COELlo.
1444 124 1542 160 1053

106 219 204 263 alin.
224 219 359 263 habes
383 221 530 262 hortos
561 219 614 261 ad
635 218 842 270 Tiberim,
866 233 915 259 ac
935 218 1162 274 diligenter
1183 233 1234 261 eo
1256 221 1352 263 loco
1375 237 1543 282 praepa.

103 278 220 328 rasti,
252 293 338 333 quo
360 277 498 319 omnis
523 276 732 332 juventus
763 275 939 317 natandi
975 289 1104 316 causa
1138 277 1268 317 venit.
1302 278 1403 321 hinc
1440 281 1542 324 licet

100 335 372 376 conditiones
394 334 588 390 quotidie
611 333 742 390 legas.
764 347 840 374 cur
863 332 978 383 huic,
1000 332 1073 387 qui
1096 340 1137 372 te
1159 334 1335 388 spernit,
1358 338 1539 380 molesta

100 393 174 433 es?

157 446 307 490 Redeo
328 461 443 489 nunc
473 447 525 488 ad
549 456 604 498 te,
627 445 759 497 Coeli,
781 445 985 497 vicissim,
1015 459 1064 485 ac
1096 445 1201 487 mihi
1231 448 1531 492 auctoritatem
1550 440 1617 495 16

96 505 282 560 patriam
304 505 658 560 severitatemque
680 503 893 558 suscipio:
925 502 998 543 sed
1020 502 1186 555 dubito,
1209 518 1336 559 quem
1367 515 1530 560 patrem
1542 516 1594 556 37

95 562 371 617 potissimum
403 576 583 603 sumam.
644 560 982 602 Caecilianumne
1011 559 1211 614 aliquem,
1236 561 1530 606 vehementem

95 627 225 674 atque
246 619 427 661 durum?
458 622 486 642 “
501 618 624 660 Nunc
645 618 751 659 enim
772 617 928 658 demum
958 616 1059 657 milii
1088 617 1245 658 animus
1274 617 1403 670 ardet,
1426 634 1531 663 nunc

95 689 226 717 meum
255 690 323 717 cor
344 675 576 717 cumulatur
596 675 702 716 ira.”
760 674 850 715 Aut
881 673 999 714 illum
1021 677 1048 696 “
1063 672 1160 715 —O
1182 673 1340 730 irgfelix,
1363 690 1384 716 ο
1413 677 1530 719 scele-

93 735 122 755 “
142 732 275 774 ste—''
299 733 441 775 Feri-ei
461 742 560 774 sunt
578 732 647 773 isti
671 741 826 787 patres.
849 730 1088 787 “—Egone
1109 731 1207 786 quid
1222 731 1385 773 dicam?
1405 747 1528 790 egone

92 791 122 812 ¹‘
144 790 246 845 quid
259 789 413 832 velim?
441 804 529 846 quae
549 796 594 830 tu
615 789 750 830 omnia
771 789 849 830 tuis
864 786 1275 844 foedisfactisfacis,
1292 796 1338 830 ut
1359 791 1526 846 nequid-

91 848 120 869 “
142 861 263 902 quam
293 847 451 889 velim.”
514 846 597 887 Vix
630 845 805 887 ferenda
833 845 995 886 diceret
1026 845 1120 885 talis
1151 854 1294 900 pater:
1334 850 1361 869 “
1384 862 1456 887 cur
1487 856 1525 890 te

91 906 120 925 “
142 904 186 944 iu
222 904 341 945 istam
372 903 624 946 vicinitatem
655 902 922 944 meretriciam
958 901 1165 943 contulisti
1175 901 1197 942 {A
1227 917 1299 943 cur
1328 902 1524 948 illecebris

91 963 120 983 “
142 961 315 1017 cognitis
343 976 424 1002 non
444 959 669 1017 refugisti?
699 975 770 1002 cur
795 958 972 1000 alienam
993 958 1121 1000 ullam
1150 958 1356 1001 mulierem
1385 963 1523 1004 nosti?

88 1019 119 1040 ⁴‘
140 1016 234 1059 dide
261 1033 309 1059 ac
329 1017 480 1068 dissice,
507 1031 581 1072 per
608 1032 670 1058 me
698 1016 849 1058 licebit.
880 1016 913 1057 si
941 1016 1085 1072 egebiS,
1108 1016 1187 1056 tibi
1215 1016 1391 1058 dolebit:
1421 1020 1522 1061 milei

88 1076 118 1097 “
137 1081 202 1116 sat
221 1081 291 1127 est,
312 1075 397 1131 qui,
419 1074 549 1116 aetatis
570 1074 679 1130 quod
697 1073 894 1130 reliquum
917 1081 985 1123 est,
1008 1072 1197 1114 oblectem
1216 1074 1349 1114 meas?
1401 1075 1446 1116 H
1454 1077 1580 1124 uicgs

86 1130 125 1161 ⁶¹
139 1132 250 1173 tristi
271 1147 322 1173 ac
343 1132 508 1173 directo
529 1132 618 1173 seni
641 1131 916 1188 responderet
939 1129 1121 1181 Coelius,
1144 1144 1188 1171 se
1217 1130 1332 1172 nulla
1352 1133 1519 1188 cupidi-
1532 1140 1562 1170 b.

86 1193 175 1230 tate
206 1189 430 1230 inductum
458 1189 510 1230 de
542 1189 610 1230 via
630 1188 873 1230 decessisse.
935 1187 1051 1234 Quid
1083 1188 1224 1244 signi?
1256 1188 1375 1230 Nulli
1406 1205 1520 1231 sum-

87 1252 171 1297 tuS,
201 1245 317 1288 nulla
340 1247 527 1302 jactura,
554 1245 670 1287 nulla
689 1260 874 1287 versura.
934 1244 995 1286 At
1026 1243 1111 1286 fuit
1137 1244 1266 1286 fama.
1328 1245 1521 1292 Quotus-

85 1303 268 1359 quisque
288 1304 416 1345 istam
437 1303 625 1360 effugere
649 1312 792 1359 potest
811 1303 856 1344 in
878 1311 965 1343 tam
986 1301 1196 1343 maledica
1216 1302 1416 1346 civitate?
1445 1305 1520 1346 Vi-

85 1359 233 1402 cinum
253 1361 346 1417 ejus
367 1361 555 1402 mulieris
578 1360 742 1402 miraris
763 1359 873 1401 male
903 1359 1084 1409 audisse,
1106 1359 1229 1414 cujus
1261 1359 1391 1400 frater
1425 1376 1520 1417 ger-

84 1429 237 1458 manus
261 1432 477 1459 sermones
499 1418 745 1472 iniquorum
763 1416 953 1473 effugere
975 1430 1062 1457 non
1087 1417 1256 1472 potuit?
1290 1416 1394 1458 Leni
1418 1433 1518 1460 vero

83 1482 127 1514 et
148 1474 348 1516 clementi
378 1475 504 1532 patri,
528 1474 771 1529 cujusmodi
793 1474 862 1515 ille
883 1482 972 1515 est:
996 1477 1023 1496 “
1039 1472 1217 1514 -Fores
1234 1472 1428 1530 effregit?
1457 1491 1518 1517 re-

84 1532 112 1554 “
134 1531 378 1574 stitueretur.-
427 1531 589 1573 discidit
625 1528 798 1573 vestem?
841 1529 1118 1582 resarcietur,''
1165 1531 1205 1561 6²
1220 1530 1352 1572 Coelii
1390 1547 1519 1575 causa

81 1597 193 1629 esset
212 1589 551 1645 expeditissima.
612 1589 730 1636 Quid
752 1587 866 1630 enim
887 1597 1012 1639 esset,
1036 1588 1079 1628 in
1101 1602 1187 1643 quo
1209 1602 1253 1628 se
1283 1603 1370 1629 non
1391 1589 1517 1632 facile

82 1644 357 1689 defenderet?
390 1646 513 1688 Nihil
537 1645 630 1701 jam
666 1646 710 1687 in
742 1646 866 1686 istam
902 1645 1122 1686 mulierem
1152 1644 1276 1687 dico:
1309 1646 1396 1697 sed,
1426 1648 1465 1678 63
1480 1649 1513 1688 si

79 1712 191 1744 esset
219 1703 362 1759 aliqua
390 1704 607 1745 dissimilis
640 1703 778 1755 istius,
799 1717 896 1758 quae
930 1716 974 1742 se
994 1702 1195 1743 omnibus
1227 1703 1513 1759 pervulgaret,

77 1774 174 1814 quae
197 1759 374 1802 haberet
395 1760 535 1817 palam
557 1760 777 1802 decretum
797 1773 966 1815 semper
985 1758 1186 1815 aliquem,
1203 1760 1326 1815 eujus
1349 1760 1392 1801 in
1414 1760 1512 1802 hor-

77 1824 162 1868 tos,
194 1818 385 1870 domum,
419 1818 562 1868 Baias,
588 1817 687 1872 jure
721 1832 797 1859 suo
835 1816 1034 1858 libidines
1067 1817 1262 1857 omnium
1297 1831 1512 1860 commea-

75 1882 197 1916 rent:
229 1890 325 1930 quae
359 1876 489 1917 etiam
518 1874 649 1916 aleret
680 1875 984 1925 adolescentes,
1015 1882 1058 1914 et
1094 1874 1400 1930 parsimoniam
1438 1891 1513 1931 pa—

76 1939 190 1972 trum
224 1932 310 1973 suis
346 1933 558 1974 sumtibus
591 1940 871 1973 sustentaret:
904 1931 939 1972 si
971 1930 1101 1972 vidua
1131 1931 1278 1982 libere,
1312 1941 1511 1987 proterva

73 1988 332 2045 petulanter,
353 1990 472 2032 dives
494 1989 641 2042 effuse,
663 1989 894 2031 libidinosa
918 1988 1161 2030 meretricio
1182 2003 1301 2030 more
1323 1988 1511 2044 viveret3

113 2115 153 2146 61
170 2115 259 2149 tristi
272 2124 312 2145 ac
325 2114 445 2145 directo
459 2113 542 2153 seni]
558 2112 694 2145 Directo
708 2123 767 2154 pro
810 2117 899 2145 esset.
924 2122 1002 2144 nam
1027 2113 1054 2143 si
1082 2117 1128 2143 est
1151 2122 1266 2144 verum
1291 2118 1389 2152 esset,
1417 2116 1508 2156 sequi

71 2155 232 2197 decrepito
246 2157 348 2187 edidit
369 2156 549 2188 Lambinus
565 2166 582 2186 e
596 2156 660 2186 Ms.
682 2157 769 2186 anti·
811 2156 966 2186 deberet:
991 2155 1070 2195 quid
1085 2156 1170 2186 enim
1186 2161 1245 2193 est,
1259 2156 1295 2185 in
1308 2167 1368 2196 quo
1390 2167 1423 2187 se
1445 2168 1508 2189 non

68 2208 149 2238 quo,
167 2200 350 2240 reperitque
365 2199 468 2229 etiam
490 2199 524 2228 in
546 2197 617 2229 aliis
641 2198 768 2238 scriptis
804 2198 910 2239 facile
924 2196 1087 2237 defendat.
1117 2197 1170 2228 Sic
1185 2202 1219 2228 et
1233 2207 1349 2238 supra:
1374 2198 1507 2230 Huic—

68 2241 241 2272 Gruterus.
288 2242 348 2272 Est
369 2245 482 2272 autem
501 2250 560 2281 pro
574 2251 693 2277 seven-0,
709 2242 764 2280 qui
807 2242 875 2271 seni
889 2240 1094 2280 responderet
1112 2240 1238 2270 Coelius.
1288 2240 1427 2281 Propter
1441 2244 1507 2273 evi-

68 2282 140 2314 sine
155 2284 292 2322 ambage
306 2283 466 2323 loquitur,
481 2288 513 2313 et
529 2292 588 2313 suo
603 2293 764 2323 quamque
807 2283 956 2313 dentiam
972 2282 1017 2312 rei
1031 2291 1098 2312 non
1111 2281 1255 2312 dubitavi
1271 2283 1316 2312 sic
1329 2284 1505 2323 corrigere.

67 2333 153 2363 rem,
177 2325 325 2365 quodque
346 2326 477 2363 vitium,
500 2326 634 2356 nomine
655 2324 766 2365 appel-

66 2365 129 2398 lat.
173 2369 226 2399 Sic
241 2378 317 2398 mox
332 2378 361 2399 e.
381 2370 429 2399 18.
446 2378 495 2408 pr.
515 2373 566 2397 est
580 2378 657 2398 vera
672 2371 703 2396 et
717 2367 766 2397 di-

67 2413 162 2441 recta
175 2411 272 2441 ratio.
288 2420 317 2441 v.
329 2415 364 2441 et
376 2409 464 2440 dicta
477 2410 512 2440 in
529 2410 638 2441 Clave.
676 2410 767 2441 Male

68 2450 172 2491 igitur
187 2453 335 2483 Graevius
358 2453 506 2483 restituit
519 2452 688 2493 decrepito.
705 2461 766 2484 nee

849 2325 889 2356 63
914 2325 942 2354 si
965 2328 1043 2355 esset
1068 2325 1181 2363 aliqua
1205 2325 1370 2355 dissimilis
1394 2327 1503 2366 istius]

807 2365 980 2407 Quomodo
1000 2377 1039 2397 ea
1059 2366 1194 2403 femina,
1217 2376 1317 2406 quam
1338 2367 1504 2404 describit,

810 2409 976 2440 dissimilis
992 2408 1138 2440 Claudiae
1164 2408 1296 2446 dicitur,
1311 2419 1386 2440 cum
1409 2410 1452 2441 sit
1474 2412 1506 2441 ei

809 2451 987 2482 simillima.
1007 2460 1084 2481 nam
1103 2451 1226 2488 omnia,
1241 2460 1314 2490 quae
1337 2450 1376 2481 de
1398 2461 1437 2482 ea
1457 2451 1507 2482 di-

68 2499 121 2524 est
134 2493 196 2525 hoe
211 2495 383 2535 epitheton
405 2494 482 2525 huie
495 2494 568 2525 loco
583 2501 618 2526 et
632 2500 764 2526 senten-

67 2535 126 2566 tiae
139 2542 265 2577 aptum.

109 2578 152 2609 62
179 2579 267 2610 Coelz'i
292 2589 394 2610 causa
420 2583 466 2610 est
494 2578 582 2619 exp]
613 2577 763 2610 Primum

67 2618 215 2651 Grae-vius
229 2631 246 2651 e
261 2621 340 2652 Mss.
363 2622 434 2652 Erf.
451 2621 504 2653 Fr.
527 2625 561 2652 et
573 2620 644 2651 edd.
659 2622 714 2653 W.
729 2627 763 2652 et

71 2663 163 2696 1498.
177 2662 265 2693 dedit
269 2664 348 2702 filii.
363 2663 449 2694 male
462 2673 549 2694 sane.
562 2672 639 2693 nam
654 2668 764 2694 totum

66 2713 206 2743 sequens
228 2710 278 2735 est
300 2705 339 2736 de
361 2706 477 2743 Coelio,
501 2715 568 2736 non
592 2705 626 2734 in
648 2715 765 2745 genere

66 2745 108 2776 de
123 2745 204 2783 filio,
218 2751 257 2777 ut
272 2751 349 2777 ante
363 2747 402 2777 de
424 2752 528 2787 patre.
573 2747 680 2787 Igitur
699 2748 764 2778 Cae-

69 2788 107 2818 lii
128 2788 264 2819 servavi.
308 2790 361 2819 Sic
385 2795 462 2819 ante
482 2790 571 2820 tristi
585 2800 623 2820 ac
638 2790 762 2820 directo

66 2830 136 2860 seni
151 2833 184 2860 et
200 2831 285 2870 patri
308 2831 479 2871 respondet
502 2841 569 2862 non
592 2832 679 2862 filius
703 2831 763 2862 ali-

68 2872 153 2912 quis,
168 2871 223 2902 sed
239 2872 371 2903 Coelius.
415 2873 542 2905 Deinde
554 2874 762 2905 scribendum

129 2926 239 2956 VOL.
265 2929 320 2956 11.
345 2930 386 2957 P.
411 2928 467 2956 11.

808 2499 941 2531 cuntur,
967 2492 1168 2523 conveniunt
1194 2498 1229 2524 et
1254 2493 1290 2523 in
1318 2493 1506 2529 Claudiam,

807 2540 846 2566 ut
861 2547 878 2566 e
892 2535 1111 2576 superioribus
1128 2538 1230 2575 patet.
1274 2535 1389 2574 ltaque
1405 2535 1505 2566 videri

805 2583 915 2618 potest
949 2577 1124 2617 legendum
1151 2586 1220 2607 esse
1245 2577 1371 2607 similis.
1399 2582 1434 2607 et
1458 2578 1504 2607 sic

805 2621 906 2652 habet
926 2629 1039 2659 margo
1053 2618 1241 2650 Cratandri.
1285 2619 1347 2649 Sed
1362 2624 1396 2648 et
1418 2619 1505 2649 inf'ra

807 2673 836 2693 e.
851 2666 902 2694 20.
925 2662 960 2691 in
980 2662 1052 2692 loco
1067 2661 1144 2691 huic
1165 2659 1334 2691 simillimo
1348 2666 1398 2690 est
1413 2661 1504 2691 dissi-

808 2706 896 2735 milis
922 2706 982 2734 tui.
1025 2703 1103 2734 Scil.
1133 2701 1364 2733 dissimilitudo
1393 2708 1444 2732 est
1468 2702 1503 2732 in

806 2757 858 2784 eo,
881 2746 969 2786 quod
992 2745 1064 2776 haec
1089 2748 1253 2785 quaestum
1280 2743 1503 2775 meretricium

805 2789 905 2820 facit:
946 2787 1085 2820 Claudia
1112 2795 1194 2819 non.
1222 2786 1284 2817 nisi
1310 2786 1432 2818 ironice
1455 2785 1502 2817 di-

806 2836 897 2862 ctum
915 2835 977 2861 est.

744 2921 819 2956 Sz
