1785 3185
492 97 843 138 PHILIPPICA
869 96 1102 136 TERTIA.
1422 100 1522 137 1309

83 206 162 257 xit,
185 214 233 247 ut
255 205 420 247 adesset
442 213 613 244 senatus
635 202 697 243 fre
733 215 833 242 uens
854 216 894 242 a.
911 201 952 242 d.
973 216 1066 242 v111
1095 201 1309 243 Kalendas
1335 200 1521 244 Decem-

82 265 202 315 bres;
233 277 284 303 eo
317 262 386 302 die
422 261 514 317 ipse
552 274 637 300 non
671 217 809 299 aguit.
870 256 930 298 At
965 259 1184 312 quomodo
1222 259 1393 300 edixit?
1424 259 1520 300 haec

79 329 192 370 sunt,
228 319 452 374 320pin0r‚
491 317 620 357 verba
661 315 703 355 in
747 325 958 355 extremo.
1020 313 1068 355 Si
1109 315 1180 369 qui
1220 329 1300 355 non
1340 314 1520 370 affuerit,

78 376 184 417 hunc
218 389 350 416 omnes
379 373 607 416 existimare
635 376 856 427 potuerunt
893 378 932 412 et
970 371 1159 412 interitus
1195 372 1273 411 mei
1311 379 1349 412 et
1379 372 1521 426 perdi-

80 432 321 473 tissimorum
357 429 613 473 consiliorwn
644 436 847 470 auctorem
870 426 1018 484 faisse.
1080 428 1192 474 Quae
1224 437 1324 468 sunt
1355 430 1521 482 perdita

76 489 282 530 consilia?
305 504 357 530 an
381 503 554 544 ea,quae
579 487 795 543 pertinent
817 486 867 526 ad
893 486 1133 526 libertatem
1159 485 1304 541 populi
1331 484 1519 527 Romani

76 547 443 602 recuperandam?
473 559 656 601 quorum
688 543 965 584 consiliorum
998 541 1159 584 Caesari
1198 556 1267 582 me
1299 551 1521 583 auctorem

73 613 116 643 et
139 603 402 644 hortatorem
435 611 478 643 et
508 616 598 642 esse
629 611 672 642 et
703 600 834 641 fuisse
865 599 1016 641 fateor.
1039 613 1300 655 quamquam
1333 597 1402 639 ille
1432 614 1520 639 non

73 661 195 716 eguit
225 661 405 702 consilio
435 659 714 714 cujusquam:
747 658 820 698 sed
856 667 1014 708 tamen,
1039 667 1296 706 currentem,
1331 667 1379 696 ut
1410 655 1518 697 dici-

72 727 157 769 tur,
189 718 381 759 incitavi.
444 716 557 757 Nam
595 716 790 757 interitus
825 715 997 769 quidem
1032 714 1094 755 tui
1128 713 1224 769 quis
1259 714 1396 754 bonus
1427 728 1516 754 non

71 784 184 816 esset
213 786 378 827 auctor,
399 788 498 816 cum
528 774 570 813 in
593 788 644 813 eo
667 771 777 812 salus
799 782 843 811 et
867 772 954 812 vita
975 772 1128 827 optimi
1153 771 1378 825 cujusque,
1400 780 1444 811 et
1465 770 1515 811 li-

74 833 215 873 bertas
250 831 397 888 populi
433 830 619 871 Romani
653 829 928 885 dignitasque
956 829 1237 869 consisteret?
1297 827 1381 869 Sed
1415 834 1579 869 cum‘zo

75 898 164 930 tam
197 890 332 931 atroci
364 888 509 930 edicto
544 902 622 928 nos
657 886 976 936 concitavisset‚
1009 900 1085 926 eur
1118 886 1209 941 ipse
1240 899 1327 926 non
1361 884 1513 927 affuit?

71 960 178 987 num
212 946 374 1002 putatis
406 944 550 1000 aliqua
585 959 629 984 re
662 943 773 984 tristi
808 957 858 984 ae
892 945 1069 984 severa?
1102 944 1201 983 vino
1224 951 1353 997 atque
1376 942 1514 998 epulis

66 1006 107 1034 33
125 1012 313 1044 retentus
336 1011 425 1044 est:
459 1002 493 1043 si
524 1001 662 1057 epulae
695 1001 840 1057 potius
868 1015 997 1055 quarn
1030 1000 1201 1056 popinae
1235 1000 1512 1041 nominandae

69 1070 183 1100 sunt.
216 1059 330 1101 diem
363 1059 495 1100 edicti
533 1058 654 1100 obire
685 1057 903 1114 neglexit:
947 1058 990 1098 in
1024 1069 1123 1098 ante
1164 1058 1276 1098 diem
1311 1067 1511 1112 quartum
1525 1066 1559 1097 b.

69 1119 111 1147 34
125 1115 340 1158 Kalendas
365 1116 628 1158 Decembres
651 1115 831 1156 distulit.
863 1115 1010 1155 adesse
1032 1114 1074 1155 in
1108 1114 1328 1170 Capitolio
1352 1115 1511 1170 jussit:

70 1176 111 1204 35
125 1174 240 1229 quod
265 1174 307 1215 in
336 1173 543 1230 templum
568 1174 672 1229 ipse,
695 1173 840 1214 nescio
862 1187 961 1227 qua,
983 1186 1058 1228 per
1089 1171 1312 1213 Gallorum
1336 1172 1516 1213 cunicu-

69 1229 174 1282 lum,
193 1231 429 1273 adscendit.
449 1240 745 1272 convenerunt
765 1229 998 1286 corrogati‚
1017 1239 1060 1270 et
1078 1230 1252 1285 quidem
1274 1229 1403 1285 ampli
1419 1229 1515 1285 qui-

71 1287 171 1330 dam
201 1288 414 1340 homines,
436 1289 508 1329 sed
540 1288 811 1329 immemores
841 1287 1067 1342 dignitatis
1099 1301 1202 1327 suae.
1226 1286 1260 1327 is
1286 1288 1400 1327 enim
1419 1296 1516 1328 ,erat

69 1345 175 1397 dies,
196 1360 247 1387 ea
268 1345 397 1396 fama,
419 1346 460 1376 36
473 1346 522 1396 is,
544 1346 618 1401 qui
642 1353 837 1386 senatum
859 1354 1060 1396 vocarat3
1092 1355 1141 1386 ut
1171 1353 1296 1399 turpe
1326 1344 1514 1385 senatori

70 1412 199 1454 esset,
219 1402 328 1444 nihil
360 1404 524 1443 timere.
583 1402 652 1443 Ad
683 1417 755 1443 eos
788 1412 931 1442 tamen
958 1402 1088 1457 ipsos,
1111 1401 1185 1457 qui
1206 1410 1513 1452 convenerant,

67 1474 122 1500 ne
146 1461 324 1501 verbum
344 1461 519 1515 quidem
547 1475 672 1501 ausus
704 1468 768 1500 est
798 1459 938 1500 facere
969 1460 1022 1500 de
1053 1458 1239 1509 Caesare,
1262 1474 1362 1500 cum
1383 1459 1436 1499 de
1458 1473 1512 1499 eo

67 1518 364 1559 constituisset
386 1518 437 1559 ad
461 1527 656 1559 senatum
679 1517 848 1558 referre.
896 1517 1111 1572 Scriptam
1133 1516 1335 1557 attulerat
1356 1531 1511 1557 consu-

66 1573 165 1615 laris
188 1575 364 1630 quidam
393 1575 666 1616 sententiam.
727 1575 843 1621 Quid
876 1583 941 1614 est
970 1574 1100 1624 aliud,
1123 1574 1310 1630 seipsum
1341 1573 1509 1614 hostem
1522 1585 1571 1619 21

58 1630 272 1686 judicare,
293 1632 377 1673 nisi
398 1633 451 1673 de
472 1646 523 1673 eo
546 1632 702 1673 referre
723 1647 809 1672 non
833 1632 1003 1682 audere,
1022 1632 1095 1686 qui
1118 1641 1270 1672 contra
1292 1646 1334 1672 se
1356 1646 1511 1672 consu-

63 1688 146 1729 lem
168 1689 407 1730 exereitum
430 1689 634 1731 duceret?
668 1704 838 1730 neeesse
868 1697 959 1729 erat
988 1689 1103 1729 enim
1136 1689 1386 1729 alterutrum
1421 1703 1513 1729 esse

64 1745 259 1788 hostem:
292 1761 372 1788 nec
394 1756 563 1802 poterat
586 1747 707 1787 aliter
733 1747 786 1788 de
815 1746 1066 1788 adversariis
1098 1746 1280 1787 ducibus
1305 1745 1510 1801 judicari.

66 1802 112 1844 Si
144 1803 277 1859 igitur
309 1803 361 1845 C.
386 1803 533 1845 Caesar
563 1804 714 1855 hostis,
737 1819 812 1845 cur
843 1805 993 1845 consul
1023 1802 1132 1845 nihil
1162 1803 1293 1844 refert
1314 1803 1367 1844 ad
1391 1817 1512 1844 sena-

66 1863 188 1903 tum?
221 1861 285 1902 sin
307 1859 377 1902 ille
399 1876 424 1902 a
445 1870 594 1902 senatu
617 1862 830 1902 notandus
852 1876 940 1902 non
962 1861 1071 1902 fuit:
1095 1861 1198 1916 quid
1223 1870 1364 1916 potest
1395 1861 1512 1902 diee-

66 1932 127 1968 re,
148 1918 268 1973 quin,
295 1933 394 1959 cum
427 1918 479 1959 de
512 1918 584 1959 illo
619 1919 816 1969 tacuerit,
837 1921 875 1953 37
888 1933 932 1959 se
963 1919 1132 1959 hostem
1166 1917 1388 1959 confessus
1421 1918 1512 1960 sit?

65 1989 195 2030 quem
217 1975 259 2016 in
282 1975 434 2017 edictis
466 1976 722 2032 Spartacum
753 1974 953 2032 appellat,
975 1976 1092 2017 hunc
1113 1976 1157 2016 in
1180 1985 1330 2016 senatu
1352 1989 1405 2016 ne
1427 1975 1509 2016 im-

63 2033 250 2087 probum
266 2032 441 2087 quidem
463 2033 604 2074 dicere
623 2034 766 2074 audet.
799 2034 859 2074 At
882 2034 926 2074 in
950 2034 1074 2074 rebus
1099 2033 1352 2073 tristissimis
1372 2039 1557 2094 quan-9

64 2101 132 2129 tos
170 2090 336 2131 excitat
373 2090 505 2132 risus!
538 2090 814 2131 sententiolas
852 2091 983 2131 edicti
1026 2090 1252 2145 cujusdam
1286 2090 1508 2131 memoriae

63 2147 281 2200 mandavi,
302 2161 408 2202 quas
431 2147 600 2189 videtur
622 2147 691 2190 ille
717 2158 943 2204 peracutas
973 2150 1012 2179 38
1027 2157 1205 2204 putare:
1235 2161 1320 2204 ego
1350 2157 1510 2198 autem,

102 2285 144 2315 32
157 2288 196 2315 ut
210 2283 335 2324 opinor]
351 2284 466 2315 Delevi
480 2289 519 2315 uc
534 2294 609 2315 cum
626 2284 769 2315 Groevso.
810 2288 850 2315 ut
865 2285 899 2315 in
914 2283 986 2316 edd.
1003 2295 1052 2326 pr.
1078 2283 1250 2316 Kalendas
1264 2287 1298 2314 et
1315 2293 1415 2326 supra
1429 2290 1491 2316 est.

68 2325 216 2366 aliisque.
241 2327 335 2357 abest
356 2332 391 2358 et
417 2338 436 2358 a
461 2327 570 2357 Guelf.
594 2331 627 2357 et
653 2327 704 2357 ed.
730 2327 768 2357 P.
855 2330 894 2358 35
909 2328 994 2367 quod
1006 2328 1041 2358 in
1056 2328 1215 2367 templum
1230 2327 1306 2367 δῖα]
1325 2328 1404 2358 Mss.
1418 2327 1511 2363 Leid.

65 2369 224 2417 Manutii.
240 2378 316 2400 mox
332 2374 365 2401 et
381 2379 419 2400 ex
442 2369 557 2400 iisdem
579 2370 670 2400 libris
693 2367 766 2400 dedi
810 2369 957 2409 Huydee.
974 2380 1034 2410 quo
1051 2371 1087 2400 in
1108 2374 1251 2410 tempore
1272 2374 1344 2401 tam
1366 2371 1434 2410 ipse
1456 2379 1512 2400 ne·

67 2421 95 2441 ει
129 2420 176 2442 uz.
808 2422 873 2442 seco
909 2423 992 2443 aasz.

106 2421 147 2484 :33
169 2457 317 2484 retentus
342 2458 373 2484 et
400 2455 476 2484 alea
503 2453 564 2493 est]
594 2453 710 2483 Delevi
735 2456 768 2483 et
851 2424 905 2485 36q
914 2456 954 2491 is,
977 2455 1032 2496 qui
1056 2452 1129 2494 &e.]
1162 2453 1227 2486 Ms.
1253 2454 1297 2485 Η.
1316 2455 1344 2486 is
1368 2454 1509 2494 impetus

65 2496 163 2526 alea.-
186 2495 272 2533 quod
294 2496 329 2526 in
352 2496 444 2526 libris
466 2496 610 2535 antiquis
634 2504 700 2525 non
717 2505 767 2525 re·
810 2494 892 2537 ejus,
908 2499 976 2537 qui.

65 2547 176 2575 perere
192 2537 337 2568 Faernus
350 2544 385 2568 et
399 2538 576 2574 Ferrarius,
595 2548 654 2568 nee
669 2541 719 2567 est
732 2537 767 2567 in
851 2541 889 2573 37
913 2550 945 2569 se
960 2541 1080 2570 hostem
1096 2548 1160 2568 esse
1177 2538 1277 2579 corgfi]
1304 2538 1420 2570 Delevi
1443 2547 1508 2569 esse

64 2577 156 2610 Leid.
172 2584 285 2618 estque
309 2580 349 2610 ab
369 2580 401 2611 h.
417 2580 441 2610 l.
466 2580 623 2611 alienum.
668 2579 766 2609 Addi-
809 2591 884 2611 cum
901 2581 1026 2612 Faerno
1042 2587 1076 2611 et
1091 2581 1238 2619 Graevio3
1255 2581 1331 2612 alibi
1341 2583 1414 2619 ,iam
1429 2579 1509 2616 dixi,

64 2625 137 2652 tum
151 2627 201 2652 est
214 2632 233 2651 a
250 2621 444 2660 glossatore,
461 2624 515 2662 qui
531 2622 596 2653 alio
613 2621 685 2652 loco
701 2622 767 2652 An·
809 2624 944 2653 verbum
967 2634 1031 2654 esse
1053 2623 1087 2653 in
1109 2622 1170 2653 hac
1193 2623 1381 2663 paraphrasi
1405 2621 1511 2652 incul-

65 2663 157 2693 tonio
174 2663 279 2693 aleam
295 2664 457 2702 objectam
477 2669 652 2705 repererat.
810 2666 876 2695 cari
891 2666 1027 2697 solitum
1040 2676 1059 2695 a
1071 2665 1317 2704 glossatoribus.
1342 2664 1422 2695 Mox
1435 2674 1509 2694 eon·

103 2707 143 2736 34
158 2704 301 2736 Kalend.
317 2704 416 2745 Dea]
436 2705 628 2746 Legendum
639 2705 767 2738 Kalen·
800 2706 1033 2747 fessusfuerit
1048 2707 1112 2738 Ms.
1129 2707 1239 2748 Huyd.

67 2746 127 2777 das
149 2747 232 2777 Dee.
258 2756 324 2777 non
350 2747 594 2786 Kalendarum,
613 2754 651 2779 ut
668 2748 766 2788 vulgo
851 2752 892 2782 38
910 2750 1048 2790 putare]
1069 2751 1133 2782 ΜΞ.
1154 2749 1264 2792 Huyd.
1282 2758 1301 2780 a
1317 2758 1360 2780 m.
1376 2758 1426 2790 pr.
1442 2756 1511 2788 spe·

65 2788 201 2819 editum.
226 2789 265 2819 In
280 2789 362 2820 Mss.
377 2796 427 2820 est
437 2791 667 2833 compendium
682 2791 764 2824 Kal.
809 2800 899 2823 rare.
1455 2791 1462 2795 ‘

127 2845 236 2873 vot..
261 2845 315 2874 11.
339 2846 476 2875 P-11a
747 2840 774 2876 4
798 2847 826 2884 ρ
