1769 3174
403 99 477 137 DE
504 97 803 136 PROVINCIIS
830 95 1245 135 CONSULARIBUS.
1446 97 1544 137 1079

113 201 173 244 nii
196 201 358 243 litteras
381 203 538 259 insigni
561 202 745 258 quadam
768 210 872 242 nota
892 209 1020 256 atque
1049 198 1287 255 ignominia
1307 212 1421 239 nova
1442 213 1548 241 con-

114 260 362 310 demnastis,
401 260 452 302 C.
484 259 644 301 Caesari
686 258 1020 314 supplicationes
1058 256 1319 305 decrevistis,
1353 270 1548 306 numero,

116 327 165 356 ut
197 317 355 357 nemini
392 333 476 358 uno
499 331 551 358 ex
590 315 724 357 bello:
758 315 932 365 honore,
956 323 1002 354 ut
1023 313 1198 354 omnino
1224 312 1397 352 nemini.
1459 312 1548 354 Cur

120 372 253 428 igitur
284 385 528 430 exspectem
563 373 780 414 hominem
817 372 1016 426 aliquem,
1054 370 1125 425 qui
1161 383 1228 409 me
1257 382 1354 409 cum
1395 369 1465 409 illo
1504 369 1549 409 in

120 430 302 484 gratiam
337 432 536 472 reducat?
569 430 738 470 reduxit
760 429 863 470 ordo
891 428 1191 484 amplissimus,
1212 435 1255 466 et
1277 425 1381 486 ordo
1405 425 1454 475 is,
1477 426 1549 480 qui

120 497 185 527 est
207 497 249 527 et
275 489 434 542 publici
457 488 639 536 consilii,
662 497 704 528 et
735 500 924 527 meorum
957 485 1148 525 omnium
1171 483 1445 524 consiliorum
1478 497 1552 522 au-

121 552 216 584 ctor
238 554 278 584 et
306 546 514 601 princeps.
578 544 664 584 Vos
688 557 854 599 sequor,
879 553 1016 598 patres
1039 540 1297 595 conscripti:
1333 539 1452 579 vobis
1476 539 1553 579 ob·

123 609 332 656 temperO,
358 602 476 643 vobis
499 602 730 642 assentior:
762 600 850 656 qui,
873 599 1073 654 quamdiu
1099 598 1150 639 C.
1172 595 1354 638 Caesaris
1377 595 1556 636 consilia

124 656 167 697 in
200 659 419 713 republica
441 674 524 699 non
563 658 748 698 maxime
779 656 1038 713 diligebatis,
1061 670 1129 696 me
1159 666 1330 709 quoque
1352 667 1449 694 cum
1483 652 1554 694 illo

124 714 265 754 minus
285 717 564 771 conjunctum
588 715 819 756 videbatis:
845 723 1119 769 posteaquam
1142 712 1266 752 rebus
1288 710 1419 766 gestis
1438 724 1556 751 men-

126 780 189 811 tes
215 782 372 813 vestras
397 773 720 827 voluntatesque
743 771 962 812 mutastis:
997 785 1062 811 me
1085 784 1170 810 non
1194 768 1329 809 solum
1353 767 1555 808 comitem

127 842 217 868 esse
242 831 463 870 sententiae
489 840 654 879 vestrae,
677 829 746 869 scd
770 829 897 869 etiam
923 828 1184 868 laudatorem
1208 824 1388 866 vidistis.
1565 868 1572 872 ,

187 885 269 927 Sed
293 887 394 942 quid
415 897 492 938 est,
515 887 627 941 quod
652 887 694 926 in
727 886 806 926 hac
828 900 954 926 causa
980 885 1165 925 maxime
1196 882 1390 923 homines
1421 881 1556 924 admi-
1575 879 1635 926 11

128 952 274 983 rentur
306 955 349 984 et
390 943 701 999 reprehendant
737 957 877 983 meum
915 942 1157 992 consilium,
1189 955 1287 981 curn
1326 953 1408 994 ego
1444 939 1621 982 idem26

129 1009 255 1040 antea
287 1000 419 1041 multa
439 1001 660 1051 decrerim,
692 1015 787 1055 quae
820 999 956 1055 magis
988 1000 1039 1040 ad
1070 997 1256 1039 hominis
1287 996 1559 1052 dignitatem,

131 1070 259 1110 quam
284 1057 334 1097 ad
361 1057 604 1112 reipublicae
628 1057 921 1097 necessitatem
948 1057 1233 1112 pertinerent?
1273 1053 1563 1109 Supplicatio-

133 1126 229 1154 nem
253 1115 494 1169 quindecim
520 1115 683 1155 dierum
703 1115 870 1154 decrevi
893 1114 1105 1154 sententia
1124 1128 1228 1153 inea.
1293 1111 1562 1167 Reipublicae

137 1171 238 1211 satis
270 1181 359 1211 erat
391 1181 454 1212 tot
486 1172 665 1220 dierum,
689 1182 793 1226 quot
826 1170 877 1212 C.
903 1170 1060 1211 Mario.
1123 1170 1218 1210 Diis
1252 1168 1566 1210 immortalibus

135 1242 221 1268 non
245 1238 332 1268 erat
357 1229 515 1284 exigua
539 1229 682 1269 eadem
718 1228 962 1284 gratulatio,
985 1243 1081 1283 quae
1113 1242 1165 1268 ex
1200 1225 1399 1267 maximis
1433 1225 1565 1266 bellis.

139 1283 256 1340 Ergo
289 1285 356 1325 ille
387 1286 580 1326 cumulus
611 1287 774 1326 dicrum
812 1285 994 1325 hominis
1033 1295 1096 1326 est
1130 1284 1332 1339 dignitati
1367 1284 1567 1324 tributus.

139 1340 190 1381 In
213 1357 297 1396 quo
321 1357 416 1398 ego,
439 1358 523 1398 quo
550 1343 723 1384 consule
756 1342 978 1392 referente,
1011 1342 1193 1398 primum
1227 1341 1373 1381 decem
1404 1340 1567 1381 dierum
1581 1351 1633 1391 27

141 1400 398 1454 supplicatio
434 1405 603 1442 decreta
643 1400 723 1441 Cn.
762 1399 985 1455 Pompeio,
1030 1398 1285 1439 Mithridate
1326 1398 1567 1447 interfecto,

140 1457 426 1512 confectoque
470 1457 771 1499 Mithridatico
810 1457 934 1507 bello,
971 1457 1093 1511 cujus
1136 1455 1347 1496 sententia
1384 1456 1570 1511 primum

141 1513 359 1568 duplicata
381 1525 444 1554 cst
467 1515 722 1570 supplicatio
744 1513 1001 1555 consularis:
1033 1513 1138 1554 mihi
1164 1513 1275 1553 enim
1299 1513 1399 1552 estis
1428 1526 1569 1553 assen-
1584 1519 1616 1551 b.

145 1570 194 1620 si,
217 1585 331 1619 cum,
354 1571 543 1626 ejusdcm
570 1571 766 1627 Pompeii
800 1571 950 1611 litteris
983 1571 1185 1620 recitatis,
1208 1569 1417 1610 confectis
1439 1570 1578 1610 omni-

147 1627 226 1667 bus
259 1629 483 1668 maritimis
518 1630 869 1684 terrestribusque
901 1627 1034 1678 bellis,
1058 1628 1412 1683 supplicationem
1436 1627 1578 1668 45die-

134 1685 240 1725 'rum
277 1685 500 1726 duodecin]
532 1686 803 1727 decrevistis:
838 1699 928 1725 sum
963 1684 1044 1726 Cn.
1073 1685 1268 1740 Pompeii
1306 1684 1505 1725 virtutem
1537 1695 1580 1725 et

148 1741 279 1782 animi
304 1743 642 1798 magnitudinem
667 1743 913 1792 admiratus,
933 1743 1062 1797 quod,
1083 1757 1179 1783 cum
1204 1743 1294 1798 ipse
1315 1742 1466 1782 ceteris
1489 1757 1580 1782 om-

147 1798 275 1839 nibus
297 1811 407 1840 esset
429 1800 543 1840 omni
570 1800 730 1840 honore
757 1799 980 1849 antelatus,
1004 1800 1251 1855 ampliorem
1287 1799 1489 1839 honorem
1522 1798 1582 1840 al-

150 1855 227 1896 teri
270 1857 499 1907 tribuebat,
538 1872 663 1912 quam
705 1858 794 1912 ipse
826 1868 914 1897 crat
949 1866 1218 1897 consecutus.
1282 1855 1396 1911 Ergo
1430 1856 1473 1896 in
1513 1856 1584 1897 illa

149 1913 478 1968 supplicatione,
509 1929 635 1968 quam
665 1929 746 1970 ego
781 1913 964 1963 decrevi,
996 1928 1058 1953 res
1093 1914 1184 1969 ipsa
1216 1913 1377 1953 tributa
1408 1924 1472 1954 est
1501 1913 1581 1953 diis

151 1968 481 2021 immortalibus,
503 1983 545 2012 et
568 1972 776 2026 majorum
800 1972 1023 2021 institutis,
1041 1980 1084 2011 et
1110 1971 1284 2010 utilitati
1308 1970 1580 2025 reipublicae:

151 2026 225 2066 sed
247 2027 434 2079 dignitas
459 2029 699 2077 verborum,
730 2028 881 2077 honos,
909 2038 952 2067 et
984 2028 1166 2078 novitas,
1188 2038 1231 2068 et
1265 2042 1464 2068 numerus
1495 2028 1583 2068 die-

151 2097 260 2133 rum,
286 2084 468 2124 Caesaris
500 2085 632 2140 ipsius
668 2086 776 2126 laudi
813 2085 1047 2140 gloriaeque
1069 2099 1295 2125 concessus
1317 2093 1394 2125 est.
1457 2084 1645 2138 Belin-23

152 2139 243 2181 tum
266 2151 330 2181 est
361 2142 412 2182 ad
436 2156 512 2182 nos
548 2157 680 2198 nuper
711 2143 762 2183 de
795 2142 1009 2197 stipendio
1031 2142 1274 2183 exercitus:
1306 2157 1391 2182 non
1414 2142 1582 2183 decrevi

152 2198 305 2247 solum,
337 2199 408 2239 sed
430 2200 575 2249 etiam,
600 2211 643 2239 ut
669 2215 742 2239 vos
769 2199 1066 2249 decerneretis,
1097 2199 1311 2240 laboravi:
1345 2198 1478 2239 multa
1500 2200 1584 2239 dis-

149 2255 455 2305 sentientibus,
474 2257 696 2310 respondi:
730 2256 954 2297 scribendo
975 2255 1091 2296 affui.
1117 2267 1204 2296 tum
1228 2271 1399 2311 quoque
1423 2257 1585 2297 homini

155 2311 251 2369 plus
275 2312 419 2363 tribui,
441 2328 568 2368 qnam
593 2314 736 2354 nescio
758 2314 826 2354 cui
851 2314 1107 2353 necessitati.
1134 2313 1249 2354 illum
1272 2315 1386 2354 enim
1409 2314 1588 2354 arbitra-

163 2371 250 2419 bar,
281 2371 409 2410 etiam
442 2372 531 2410 sine
563 2370 644 2411 hoc
666 2371 866 2413 subsidio
900 2372 1109 2425 pecuniae,
1143 2371 1324 2411 retinere
1349 2371 1588 2411 exercitum

160 2427 306 2482 praeda
328 2438 426 2467 ante
450 2438 582 2482 parta,
605 2439 645 2467 et
680 2427 833 2468 bellum
858 2428 1068 2468 conticere
1103 2443 1248 2483 posse:
1282 2428 1354 2468 sed
1383 2429 1512 2468 decus
1543 2428 1592 2468 il-

161 2483 230 2524 lud
253 2494 297 2524 et
320 2495 616 2524 ornamentum
643 2485 844 2539 triumphi
872 2485 1146 2525 minuendum
1169 2495 1312 2525 nostra
1335 2485 1596 2540 parsimonia

160 2555 246 2582 non
272 2541 435 2597 putavi.
495 2541 654 2582 Actum
677 2552 741 2582 est
762 2545 798 2575 45
816 2542 868 2582 de
898 2542 1046 2582 decem
1078 2543 1244 2597 legatis,
1274 2557 1380 2597 quos
1412 2542 1481 2582 alii
1505 2555 1597 2582 om-

203 2679 244 2709 46
264 2680 390 2710 dierum
413 2681 591 2721 duodecim]
618 2682 723 2712 decem
747 2682 857 2721 legen-
899 2686 949 2711 set
973 2681 1115 2721 quinque
1142 2681 1280 2717 dierum,
1305 2687 1338 2710 et
1367 2685 1444 2710 ante
1471 2690 1600 2719 quoque

159 2720 244 2751 'dum
263 2731 331 2752 esse
354 2723 496 2752 defendit
522 2731 595 2763 post
618 2724 651 2753 P.
667 2724 856 2754 Man-atium
900 2723 1010 2753 decem
1026 2723 1092 2754 dics
1107 2727 1420 2752 commemorantur.

165 2762 332 2793 Graevius:
361 2765 446 2803 quod
471 2775 569 2805 supra
591 2766 785 2806 suppli-:atio
812 2766 859 2795 di·
943 2768 981 2798 47
1006 2766 1044 2794 de
1067 2767 1172 2795 (levem
1197 2764 1327 2802 legatis]
1356 2764 1445 2800 Non,
1469 2764 1601 2803 quibus-

168 2805 256 2834 citur
269 2806 446 2846 duplicata,
463 2818 536 2837 cum
562 2818 715 2837 numerus
737 2808 861 2838 dierum
906 2817 980 2837 cuni
1005 2807 1147 2836 formula
1173 2806 1347 2846 provinciae,
1373 2807 1600 2843 conficeretur,

167 2847 309 2878 usitatus
341 2849 587 2889 supplicationis
612 2849 791 2880 consularis
817 2860 866 2880 es·
907 2849 963 2880 sed
985 2849 1040 2888 qui
1061 2850 1095 2879 in
1120 2848 1264 2879 exercitu
1288 2849 1356 2888 ejus
1381 2853 1502 2886 asserit,
1523 2857 1602 2888 quo—
