1785 3185
250 118 348 153 1332
835 119 1088 157 ORATIO

259 220 332 274 gio
356 217 518 260 Martia
546 220 696 262 ducem
726 224 1123 277 praestantissimum
1148 222 1268 273 vidit,
1295 222 1401 263 nihil
1422 222 1512 279 egit
1542 221 1671 271 aliud,

258 276 356 325 nisi,
380 275 672 332 utaliquando
693 278 811 320 liberi
836 294 1046 332 essemus;
1077 295 1202 335 quam
1234 289 1297 320 est
1327 281 1492 320 imitata
1521 289 1673 334 quarta

213 329 388 387 OlegiO.
449 332 548 379 Quo
571 335 638 375 ille
660 336 810 376 nuntio
832 337 994 387 audito,
1017 352 1113 377 cum
1147 346 1339 377 senatum
1365 347 1569 386 vocasset,
1598 335 1672 376 ad-

263 389 553 445 hibuissetque
569 393 847 442 consularem,
869 393 939 446 qui
964 408 1038 432 sua
1059 395 1267 434 sententia
1290 393 1341 434 C.
1362 393 1575 434 Caesarem
1596 392 1672 432 ho-

196 451 246 484 ‘24
262 455 365 486 stem
383 447 612 501 judicaret,
635 460 806 503 repente
826 450 1029 489 concidit.
1092 450 1195 489 Post
1224 459 1363 490 autem
1388 463 1524 504 neque
1546 448 1673 489 sacri-

260 503 367 544 ficiis
390 504 662 545 sollemnibus
687 505 824 554 factis,
846 520 982 559 neque
1013 506 1122 545 votis
1155 507 1424 561 nuncupatis,
1458 521 1541 547 non
1577 519 1673 561 pro-

258 561 396 600 fectus
414 570 491 610 est,
514 563 583 601 sed
609 562 799 616 profugit
823 561 1057 616 paludatus.
1123 561 1177 602 At
1199 566 1310 617 quo?
1343 564 1382 602 in
1408 563 1670 618 provinciam

258 617 597 658 firmissimorum
621 628 662 657 et
682 618 1005 658 fortissimorum
1030 618 1213 660 civium:
1237 620 1308 673 qui
1334 619 1464 669 illum,
1484 634 1535 660 ne
1558 620 1589 659 si
1613 619 1673 659 ita

259 674 429 728 quidem
466 675 662 725 venisset,
686 683 732 714 ut
764 674 925 715 nullum
959 674 1114 715 bellum
1150 675 1336 725 inferret,
1371 676 1477 716 ferre
1511 675 1673 730 potuis-

260 740 378 772 sent:
421 732 715 786 impotentem,
748 731 1012 781 iracundum,
1035 732 1405 782 contumeliosum,
1428 733 1673 787 superbum,

259 802 424 842 semper
447 797 707 842 poscentem,
731 802 895 843 semper
918 789 1167 844 rapientem,
1191 804 1355 845 semper
1376 789 1555 829 ebrium.
1614 788 1675 828 At

258 844 342 893 ille,
373 844 495 898 cujus
529 859 582 884 ne
617 854 809 900 pacatam
838 845 1009 899 quidem
1047 846 1278 900 nequitiam
1309 846 1531 900 quisquam
1566 844 1675 885 ferre

252 911 417 956 posset,
443 901 597 941 bellum
620 902 763 942 intulit
782 902 1015 957 provinciae
1040 902 1217 944 Gallim:
1241 903 1514 943 circumsedit
1536 902 1674 942 Muti-

259 972 373 1007 nam,
397 959 679 998 firmissimam
702 969 745 998 et
767 959 1147 1013 splendidissimam
1181 960 1325 1015 populi
1351 959 1535 1000 Romani
1558 959 1675 1000 eolo-

259 1015 399 1056 niam:
434 1025 656 1070 oppugnat
692 1014 747 1054 D.
785 1015 980 1065 Brutum,
1013 1015 1324 1071 imperatorem,
1355 1016 1570 1057 consulem
1602 1016 1675 1055 de-

262 1071 493 1125 signatum,
515 1073 652 1112 civem
683 1087 767 1112 non
802 1073 898 1123 sibi,
921 1073 992 1113 sed
1025 1074 1147 1113 nobis
1178 1084 1219 1113 et
1242 1073 1487 1128 reipublicae.
1510 1083 1674 1113 natum.

199 1132 247 1165 ⁴25
265 1127 378 1183 Ergo
402 1128 618 1169 Hannibal
641 1129 790 1178 hostis,
811 1130 916 1170 civis
935 1129 1176 1170 Antonius?
1207 1131 1306 1184 quid
1332 1130 1398 1170 ille
1422 1130 1523 1171 fecit
1541 1129 1675 1169 hosti-

259 1185 368 1234 liter,
390 1186 502 1239 quod
529 1186 596 1226 liic
619 1201 704 1227 non
736 1196 810 1226 aut
843 1186 1004 1237 fecerit,
1037 1197 1111 1227 aut
1143 1186 1285 1236 faciat,
1315 1195 1388 1226 aut
1415 1187 1612 1227 moliatur
1632 1195 1675 1226 et

257 1243 447 1296 cogitet?
478 1241 634 1283 Totum
659 1243 791 1283 5⁶·'iter
813 1242 1098 1284 Antoniorum
1132 1244 1232 1298 quid
1258 1243 1422 1294 habuit,
1446 1244 1524 1284 nisi
1544 1244 1675 1298 depo—

256 1299 510 1353 pulationes,
532 1300 805 1350 vastationes,
839 1301 991 1351 caedes,
1016 1301 1209 1356 rapinas?
1239 1316 1342 1355 quas
1373 1315 1458 1341 non
1490 1300 1676 1340 faciebat

257 1355 492 1406 Hannibal,
513 1358 613 1411 quia
635 1357 768 1398 multa
786 1357 835 1397 ad
857 1373 978 1398 usum
1004 1359 1243 1398 reservabat
1259 1375 1267 1398 :
1283 1355 1335 1398 'at
1357 1356 1414 1408 hi,
1437 1358 1508 1411 qui
1535 1357 1575 1396 in
1598 1356 1676 1397 ho-

251 1427 342 1453 ram
367 1413 571 1463 viverent,
594 1429 678 1455 non
702 1414 828 1455 inodo
843 1415 894 1455 de
917 1414 1099 1455 fortunis
1122 1424 1163 1455 et
1185 1414 1237 1454 de
1263 1414 1382 1455 bonis
1405 1414 1578 1466 civium,
1602 1413 1675 1454 scd

253 1483 308 1510 ne
330 1471 382 1510 de
407 1470 589 1511 utilitate
611 1471 786 1526 quidem
807 1487 882 1511 sua
900 1472 1213 1527 cogitaverunt.

310 1527 377 1567 Ad
419 1528 530 1568 hunc
565 1528 643 1579 (dii
685 1528 829 1577 bonil)
862 1528 1024 1584 legatos
1059 1529 1168 1569 mitti
1211 1528 1377 1584 placet?
1408 1537 1565 1568 norunt
1605 1527 1675 1569 isti

252 1583 447 1625 homines
479 1584 658 1625 formam
688 1585 948 1640 reipublicae,
964 1586 1064 1640 jura
1089 1585 1198 1635 belli,
1221 1585 1417 1641 exempla
1434 1585 1677 1639 majorum?

253 1641 462 1696 cogitant,
485 1642 584 1696 quid
613 1642 758 1697 populi
792 1642 974 1683 Romani
1008 1643 1221 1697 majestas,
1243 1642 1345 1697 quid
1368 1652 1536 1682 senatus
1559 1656 1676 1682 seve-

209 1701 240 1731 b·
257 1698 355 1737 ritas
388 1699 601 1754 postulet?
661 1703 699 1729 ῦὸ
720 1700 899 1755 Legatos
937 1700 1190 1740 decernitis?
1222 1700 1270 1749 si,
1306 1709 1351 1739 ut
1383 1700 1677 1754 deprecentur,

252 1764 523 1797 contemnet:
557 1756 606 1806 si,
630 1767 676 1796 ut
707 1756 936 1811 impei·eti5‚
958 1772 1044 1797 non
1075 1758 1247 1797 audiet:
1279 1756 1462 1810 denique
1483 1758 1677 1811 quamvis

253 1826 397 1857 severa
418 1813 567 1868 legatis
591 1813 789 1853 mandata
809 1814 1063 1864 dederimus,
1084 1828 1236 1853 nomen
1264 1813 1399 1868 ipsum
1424 1813 1677 1868 legatorum,

250 1869 380 1917 hune,
403 1884 527 1924 quem
559 1870 764 1920 videmus,
787 1870 931 1925 populi
972 1871 1152 1911 Romani
1187 1871 1424 1925 restinguet
1457 1870 1676 1911 ardorem:

250 1927 583 1981 municipiorum
617 1937 744 1981 atquc
783 1927 914 1967 ltaliae
948 1928 1115 1982 franget
1147 1927 1326 1967 animos.
1388 1926 1448 1967 Ut
1479 1926 1677 1968 omittam

250 1982 360 2033 haec,
382 1998 477 2037 qnae
500 1999 657 2039 inagna
681 1994 808 2025 sunt:
840 1994 954 2025 certe
983 1985 1062 2025 ista
1092 1985 1250 2039 legatio
1279 1998 1441 2024 moram
1472 1992 1516 2023 et
1546 1984 1677 2024 tardi-

187 2048 237 2081 ‘26
254 2049 383 2081 tatem
406 2041 555 2081 afferet
586 2041 706 2081 bello.
769 2041 976 2087 Quamvis
1005 2042 1164 2091 dicant,
1186 2042 1299 2095 quod
1322 2041 1528 2095 quosdam
1550 2041 1677 2081 audio

249 2097 466 2139 dicturos:
502 2098 651 2152 Legati
685 2097 1032 2153 proficiscantur:
1067 2097 1221 2138 bellum
1252 2097 1528 2138 nihilominus
1559 2111 1678 2152 pare-

253 2163 344 2196 tur:
386 2164 526 2195 tamen
561 2155 798 2209 legatorum
832 2169 986 2196 nomen
1025 2155 1163 2211 ipsum
1203 2158 1294 2195 54et
1334 2155 1498 2195 animos
1540 2153 1680 2195 homi-

172 2206 239 2254 10
255 2224 355 2251 num
377 2211 554 2262 molliet,
576 2222 618 2252 et
642 2211 736 2252 belli
761 2211 1019 2253 celeritatem
1036 2211 1300 2252 -morabittm
1362 2210 1558 2252 Minimis
1587 2225 1678 2251 mo-

252 2268 420 2319 mentis,
444 2278 583 2324 patres
604 2269 852 2323 conscripti,
875 2270 1076 2310 maximae
1109 2268 1406 2309 inclinationes
1437 2277 1679 2322 temporum

249 2325 374 2375 fiunt,
396 2340 493 2365 enm
525 2326 564 2365 in
597 2327 714 2365 omni
743 2340 842 2365 casu
878 2326 1137 2381 reipublicae,
1160 2336 1249 2365 tum
1286 2326 1326 2365 in
1360 2325 1482 2374 bello,
1514 2334 1556 2364 et
1586 2339 1677 2365 ma-
1725 2362 1729 2366 t

247 2380 364 2422 xime
390 2381 531 2423 civili:
564 2383 679 2437 quod
709 2383 912 2438 opinione
935 2383 1181 2438 plerumque
1200 2393 1242 2422 et
1266 2382 1378 2422 fama
1399 2382 1676 2436 gubernatur.

246 2437 387 2479 Remo
410 2449 586 2492 quaeret‚
609 2439 863 2493 quibuscum
887 2440 1097 2480 mandatis
1120 2440 1281 2493 legatos
1305 2438 1568 2479 miserimus:
1599 2453 1676 2479 no-

242 2509 341 2535 men
371 2495 512 2551 ipsum
543 2495 768 2551 legationis
800 2496 911 2537 ultro
942 2497 1097 2547 missae,
1121 2496 1283 2536 timoris
1308 2509 1396 2536 esse
1418 2495 1588 2551 signum
1612 2495 1675 2536 vi-

284 2610 324 2639 5⁶3
346 2609 410 2638 iter
428 2607 656 2648 Antoniorum]
683 2610 735 2639 Sic
758 2609 931 2647 legendum
976 2611 1101 2639 ‹lemnet
1117 2622 1126 2638 .·
1161 2611 1188 2639 si
1216 2614 1253 2639 ut
1283 2611 1431 2647 imperes,
1458 2618 1522 2638 non
1550 2609 1672 2638 audiet.

241 2660 300 2690 pro
314 2651 449 2681 Antonii
471 2662 488 2681 e
503 2651 578 2681 Vat.
604 2661 680 2681 nam
706 2652 876 2691 respondet
900 2654 932 2682 in
978 2662 1042 2681 non
1066 2652 1161 2681 male.
1190 2652 1311 2692 recepit
1335 2656 1455 2690 praetcr
1480 2650 1559 2681 alios
1583 2650 1674 2680 Grae-

239 2693 450 2732 sequentibus
488 2694 531 2723 Ῑιὶ.
582 2693 661 2723 Mo<
699 2693 801 2723 delevi
837 2704 933 2723 suum
978 2695 1057 2723 vius.

238 2739 312 2773 post
326 2744 422 2764 usum
430 2749 441 2768 ,·
466 2735 551 2775 quod
566 2736 657 2766 abest
671 2740 704 2765 et
721 2735 798 2765 Mss.
813 2736 876 2766 Gn.
894 2736 931 2766 L.
1019 2738 1058 2765 54
1080 2739 1109 2765 et
1124 2737 1249 2765 animos
1269 2735 1433 2764 hominum
1452 2734 1585 2773 molliet]
1605 2733 1671 2764 Ad·-

240 2776 283 2806 H.
301 2781 333 2806 et
351 2777 420 2807 edd.
437 2787 486 2817 pr.
977 2777 1040 2807 didi
1063 2778 1231 2807 homiuum
1254 2787 1329 2806 cum
1352 2776 1480 2806 Graevio
1494 2787 1512 2807 e
1527 2777 1604 2808 Vat.
1622 2777 1670 2808 ita

279 2821 318 2848 513
342 2818 484 2857 Legatos
507 2819 677 2849 decer-nim
700 2820 772 2858 ὡκ]
791 2819 866 2849 Vnt.
892 2821 935 2849 le·
978 2823 1085 2859 aequat
1101 2819 1242 2851 alterum
1261 2819 1333 2849 hetti
1347 2819 1555 2850 celeritatem.

234 2864 329 2898 gatos
350 2861 493 2893 decernis
506 2862 522 2892 .-’
545 2863 572 2892 si
594 2867 630 2892 uc
653 2863 841 2902 ‘apra-eris,
864 2872 934 2892 con-
