1769 3174
279 108 376 142 1014
868 103 1112 142 ORATIO

276 221 359 257 me,
383 221 466 247 non
500 206 643 262 patriS‚
675 206 758 257 avi,
781 209 944 263 proavi,
965 207 1179 272 majorum
1202 207 1386 272 denique
1417 222 1589 250 suorum
1610 223 1703 250 om-

278 264 412 314 niurn,
455 264 525 304 sed
561 264 855 305 Graeculorum
899 265 1113 316 instituto,
1148 265 1400 306 concionem
1439 265 1703 322 interrogare

278 319 456 371 solebat,
479 320 673 362 Velletne
694 335 761 362 me
787 321 947 363 redire:
980 330 1036 372 et,
1059 337 1156 362 cum
1179 331 1269 363 erat
1290 321 1566 363 reclamatum
1587 326 1703 364 7⁵se-

277 377 447 418 mivivis
487 378 845 419 mercenariorum
877 354 1070 429 vocibu's,
1107 379 1313 434 populum
1348 377 1594 420 Romanum
1626 394 1701 420 ne-

278 448 380 489 gare
401 434 595 476 dicebat:
630 436 679 486 is,
701 450 796 476 cum
822 435 1015 490 quotidie
1044 435 1301 490 gladiatores
1333 444 1559 490 spectaret,
1580 450 1705 476 num-

278 505 408 545 quam
438 500 502 531 est
533 500 803 546 conspectus.
863 491 903 524 76
918 491 1028 532 Cum
1061 492 1239 542 veniret,
1269 493 1516 546 emergebat
1546 493 1704 544 subito,

280 562 379 589 cum
411 549 489 588 sub
525 547 691 588 tabulas
714 549 997 602 subrepserat,
1019 556 1068 589 ut
1097 547 1284 589 “Blater
1304 555 1342 589 te
1362 548 1589 603 appello,--
1591 549 1613 565 ’'
1635 550 1700 590 di-

282 614 426 645 cturus
460 605 684 645 videretur.
747 603 898 658 Itaque
929 604 1000 644 illa
1025 606 1094 645 via
1114 605 1340 657 latebrosa,
1362 620 1447 660 qua
1467 615 1706 662 spectatum

284 661 352 702 ille
383 662 594 712 veniebat,
617 661 762 717 Appia
783 661 877 715 jam
908 663 1156 703 vocabatur.
1187 662 1313 718 17qu1
1346 671 1503 713 tamen,
1533 678 1706 727 quoquo

283 728 475 783 tempore
505 728 759 773 conspectus
789 729 894 768 erat,
924 733 1010 759 non
1043 719 1172 760 modo
1205 719 1476 774 gladiatores,
1507 720 1578 761 sed
1608 721 1703 775 equi

198 776 413 831 127ipsi0
389 775 671 815 ‹rladiatorum
693 775 924 831 repentinis
942 775 1076 816 sibilis
1098 775 1452 817 extimescebam.
1485 776 1706 818 Videtisne

283 832 429 888 igitur,
451 841 659 887 quantum
682 832 791 872 inter
813 832 1016 887 populum
1039 832 1284 873 Romanum
1306 842 1349 873 et
1366 833 1618 874 concionem
1642 834 1707 874 in-

282 865 430 931 tersit}
460 889 656 930 dominos
687 889 945 930 concionum
972 890 1090 930 omni
1113 890 1212 931 odio
1234 889 1381 946 populi
1413 891 1581 931 notari?
1611 891 1706 945 qui-

282 947 361 987 bus
383 955 527 986 autem
547 947 778 987 consistere
809 945 853 986 in
882 960 1107 1002 operarum
1130 947 1411 988 concionibus
1446 961 1531 988 non
1566 947 1705 998 liceat,

280 1017 352 1044 eos
376 1004 492 1043 omni
516 1003 663 1059 populi
689 1002 874 1043 Romani
897 1004 1212 1059 significatione
1233 1003 1453 1044 decorari?

168 1083 201 1113 p
218 1073 269 1104 26.
338 1059 402 1100 Tu
439 1059 543 1100 mihi
576 1060 705 1101 etiam
740 1059 807 1100 Μ.
830 1038 1012 1101 Atilium
1046 1060 1261 1117 Regulum
1288 1075 1610 1111 commemoras,
1632 1061 1706 1115 qui

237 1117 415 1158 a·redire
457 1117 547 1181 ipse
599 1116 911 1173 Karthaginem
962 1133 1038 1159 sua
1076 1118 1297 1159 voluntate
1339 1118 1391 1159 ad
1432 1118 1705 1173 supplicium,

279 1176 319 1207 18
333 1188 461 1228 quam
483 1174 573 1214 sine
605 1175 655 1214 iis
675 1175 872 1229 captivis,
894 1189 919 1215 a
938 1175 1094 1230 quibus
1125 1175 1178 1216 ad
1201 1184 1394 1216 senatum
1425 1175 1577 1215 missus
1599 1185 1704 1226 erat,

280 1228 434 1271 Romae
456 1245 626 1272 manere
650 1231 875 1273 maluerit?
905 1235 1002 1272 79et
1033 1232 1136 1273 mihi
1172 1246 1302 1288 negas
1324 1232 1562 1287 optandum
1593 1231 1704 1272 redi-

279 1297 371 1327 tum
404 1286 534 1329 fuisse
572 1303 646 1344 per
681 1288 862 1328 familias
895 1299 1163 1345 comparatas
1196 1299 1239 1329 et
1275 1289 1469 1329 homines
1503 1298 1703 1329 armatos.

195 1342 380 1396 60Vim
411 1345 574 1386 scilieet
605 1360 687 1402 ego
718 1345 970 1398 desideravi,
1001 1361 1089 1401 qui,
1120 1346 1223 1387 dum
1254 1347 1316 1386 vis
1353 1345 1450 1396 fuit,
1484 1345 1591 1386 nihil
1621 1346 1706 1402 egi,

279 1410 322 1442 et
343 1415 484 1456 quern,
507 1402 541 1443 si
566 1403 627 1443 vis
631 1379 744 1443 Unon
766 1401 930 1453 fuisset,
960 1403 1075 1443 nulla
1097 1417 1160 1444 res
1190 1402 1448 1444 labefactare
1482 1402 1706 1458 potuisset.

195 1474 267 1507 ηε
282 1457 413 1500 Hunc
435 1473 516 1515 ego
539 1459 723 1500 reditum
757 1460 1038 1514 repudiarem,
1061 1460 1135 1515 qui
1168 1461 1229 1501 ita
1258 1461 1412 1500 florens
1446 1459 1543 1511 fuit,
1565 1469 1613 1500 ut
1638 1474 1707 1500 ve-

279 1529 385 1567 rear,
407 1531 461 1556 ne
482 1517 578 1572 quis
611 1531 679 1558 me
712 1516 853 1557 studio
877 1516 1026 1573 gloriae
1056 1525 1180 1573 putet
1210 1516 1370 1558 idcireo
1393 1517 1546 1581 exisse,
1568 1525 1617 1557 ut
1647 1516 1708 1558 ita

277 1573 486 1614 redirem?
519 1574 660 1620 Quem
682 1574 797 1614 enim
818 1588 1022 1629 umquam
1055 1584 1225 1616 senatus
1246 1575 1400 1624 eiv,e1n
1423 1574 1503 1614 nisi
1528 1588 1610 1624 me,
1632 1588 1707 1614 na-

277 1629 467 1671 tionibus
489 1631 648 1672 exteris
671 1631 1021 1672 commendavit?
1052 1631 1174 1686 cujus
1200 1645 1402 1695 umquam
1439 1641 1611 1686 propter
1642 1646 1704 1671 ει-

273 1685 423 1738 lutern,
453 1688 536 1728 nisi
568 1702 723 1738 meam,
762 1697 932 1728 senatus
967 1688 1137 1744 publice
1174 1689 1299 1729 soci1s
1333 1687 1481 1743 populi
1522 1688 1704 1729 Romani

275 1744 436 1799 gratias
458 1744 576 1809 egit?
616 1744 685 1786 De
705 1759 773 1785 me
798 1760 884 1785 uno
907 1756 1045 1800 patres
1069 1746 1301 1800 conscripti
1325 1746 1618 1796 deerevciQunt
1642 1754 1704 1795 ut,

273 1801 347 1856 qui
382 1801 626 1856 provincias
656 1817 756 1843 cum
787 1802 968 1857 imperio
992 1803 1250 1853 obtinerent
1275 1802 1347 1857 qni
1371 1812 1620 1856 quaestores,
1646 1801 1705 1842 le-

273 1858 450 1913 gatique
487 1867 642 1910 essent,
675 1859 855 1900 salutern
888 1868 930 1899 et
967 1859 1097 1900 vitain
1140 1874 1279 1900 meam
1312 1859 1591 1900 custodirent
1653 1858 1704 1900 In

271 1928 358 1956 una
380 1930 476 1956 mea
495 1931 625 1957 causa
646 1924 745 1972 post
779 1916 963 1956 Romam
986 1916 1204 1957 conditam
1229 1916 1388 1956 factum
1413 1925 1490 1965 est,
1513 1927 1561 1956 nt
1591 1916 1704 1956 litte-

271 1972 328 2012 ris
362 1972 657 2014 consularibus
689 1987 743 2014 ex
779 1973 1164 2024 senatusconsulto,
1187 1983 1343 2013 cuncta
1364 1987 1416 2013 ex
1454 1972 1591 2023 Italia,
1615 1988 1706 2013 om-

271 2043 361 2080 nes,
382 2030 456 2085 qui
478 2029 788 2086 rempublicam
811 2030 970 2070 salvam
994 2030 1166 2080 vellent,
1189 2039 1541 2070 convocarentur.
1575 2031 1704 2076 Quod

271 2100 506 2140 numquam
539 2097 710 2128 senatus
741 2088 784 2128 in
817 2087 1025 2128 universae
1058 2087 1307 2166 reipublicae
1340 2086 1529 2142 periculo
1560 2087 1706 2128 decre-

272 2143 349 2192 vit‚
372 2144 445 2184 id
438 2159 480 2184 m
504 2145 629 2184 unius
652 2158 747 2185 mea
769 2144 903 2184 salute
933 2144 1225 2185 conservanda
1246 2144 1559 2184 decernendum
1582 2154 1705 2199 puta-

271 2199 349 2239 vit.
412 2201 553 2246 Quem
594 2201 713 2242 curia
754 2201 890 2256 magis
930 2201 1180 2256 requisivit?
1218 2215 1344 2255 quem
1384 2200 1524 2241 forum
1566 2201 1704 2243 luxit?

270 2271 398 2311 quem
422 2272 544 2312 aeque
566 2258 659 2314 ips-1
680 2258 910 2299 tribunalia
931 2259 1305 2298 desideraverunt?
1339 2257 1499 2298 Omnia
1514 2258 1700 2299 discessu

309 2383 351 2415 75
373 2382 534 2411 semivivis
549 2380 689 2420 vocibus]
707 2382 728 2412 i.
745 2392 772 2412 e.
788 2382 963 2419 languidis,
1049 2386 1088 2416 77
1124 2383 1179 2421 qui
1215 2387 1324 2412 tamen
1360 2392 1482 2421 quoquo
1510 2382 1549 2421 Α]
1588 2382 1703 2413 Malim

266 2428 306 2453 ut
328 2428 511 2463 appareret,
534 2433 600 2453 non
615 2434 654 2453 ex
675 2425 776 2454 animi
803 2434 897 2454 sensu
914 2434 965 2453 or-
1007 2435 1100 2464 quem
1115 2429 1238 2459 tamen,
1252 2436 1280 2463 q.
1296 2426 1621 2455 t.—-e.1·timescebmzt.

268 2470 338 2495 tam
361 2474 429 2495 esse
452 2475 576 2496 vocem.
619 2465 672 2495 Sic
696 2465 737 2495 ad
758 2467 828 2497 Att.
852 2467 897 2502 11,
918 2469 963 2499 19.
1050 2469 1088 2500 79.
1112 2476 1209 2505 quom
1230 2467 1297 2495 sine
1319 2467 1358 2495 iis
1372 2467 1520 2506 captivis]
1549 2466 1625 2496 Non
1641 2476 1704 2505 quo

261 2509 402 2546 plausus
417 2512 575 2537 mortuus.
1007 2514 1039 2538 et
1064 2509 1121 2538 hos
1144 2508 1246 2537 redire
1269 2508 1419 2543 voluerit,
1443 2509 1527 2546 quod
1553 2518 1618 2538 non
1641 2514 1701 2544 est,

310 2549 351 2582 76
384 2548 465 2579 Cum
498 2550 633 2583 veniret,
663 2550 963 2585 emergebat—cum
1008 2550 1061 2579 scd
1077 2550 1162 2588 qnod
1177 2550 1284 2585 aliter,
1300 2550 1388 2580 salva
1402 2550 1476 2586 fide,
1490 2560 1621 2581 manere
1636 2560 1702 2580 non

266 2592 325 2621 sub
341 2595 364 2621 t.
379 2591 597 2630 subrepserat]
623 2591 703 2620 Haec
727 2600 793 2620 non
817 2592 898 2622 bene
913 2602 966 2622 co.
1009 2597 1149 2632 poterat.

268 2633 406 2664 haerent.
450 2634 513 2663 Pro
536 2634 659 2662 veniret
684 2632 889 2663 scribendum
917 2640 966 2664 est
1051 2638 1090 2667 79
1119 2639 1148 2664 ee
1185 2635 1264 2665 mihi
1292 2643 1392 2672 negas
1417 2635 1594 2673 oplandum
1622 2633 1698 2673 &e.]

268 2680 421 2705 venerat:
458 2675 505 2705 ita
531 2685 652 2713 emet-g.
685 2676 788 2704 subito
821 2675 964 2706 inedium
1011 2676 1091 2706 Ilaec
1115 2685 1180 2705 non
1203 2676 1366 2713 intelligo,
1391 2686 1448 2706 nec
1465 2677 1634 2715 quisquam
1655 2676 1703 2705 in-

267 2722 318 2746 est
347 2718 435 2747 inter
459 2717 522 2746 duo
546 2717 639 2746 haec:
674 2727 749 2747 cum
772 2722 905 2747 venerat
930 2724 965 2748 et
1007 2723 1189 2757 terpretnm
1204 2719 1386 2758 explicavit.
1431 2718 1516 2748 Nam
1540 2718 1620 2748 illud
1633 2717 1702 2756 qui-

266 2759 326 2788 ,πώ
354 2760 420 2789 tab.
446 2761 668 2798 subrepserat:
699 2769 796 2797 quam
824 2759 964 2790 formam
1008 2760 1080 2789 dein
1112 2765 1253 2799 poterat,
1280 2760 1506 2791 consentiente
1534 2761 1702 2795 Cicerone,

266 2804 334 2840 jam
351 2801 427 2831 alibi
443 2801 613 2840 aliquoties
629 2801 825 2830 notavimus.
871 2800 966 2832 Veni·
1009 2811 1139 2841 negare.

269 2847 317 2874 rec
332 2849 381 2874 est
397 2843 437 2874 ab
452 2842 583 2874 librario
598 2843 855 2882 germanizante.
