1769 3174
238 119 316 154 900
833 118 1077 158 ORATIO

240 219 483 275 insignibus
519 219 629 262 illius
652 221 834 278 imperii,
861 224 914 265 ad
946 238 1084 264 meam
1114 221 1292 263 salutem
1321 234 1406 261 non
1440 219 1575 262 solum
1597 234 1671 262 au-

241 277 456 328 ctoritate,
479 278 550 318 sed
572 278 703 319 etiam
733 281 930 335 precibus
954 280 1103 321 vestris
1134 287 1414 319 vocarentur:
1448 277 1586 332 primo
1609 292 1673 319 re-

239 331 471 388 liquerunt,
508 336 662 376 deinde
700 337 995 391 prodiderunt,
1037 346 1254 392 postremo
1298 342 1673 390 oppugnaverunt,

239 391 513 447 praemiisque
544 392 718 434 nefariae
750 394 963 448 pactionis
995 393 1186 434 funditus
1219 407 1304 433 una
1333 406 1430 433 cum
1457 390 1675 447 republica

238 461 490 502 oppressum
521 450 870 504 exstinctumque
901 450 1150 491 voluerunt:
1183 450 1341 504 quique
1369 463 1445 489 suo
1467 448 1598 488 ductu
1631 457 1675 488 et

239 503 436 560 imperio,
458 516 636 546 cruento
660 506 730 546 illo
750 518 878 561 atque
895 506 1080 557 funesto,
1100 506 1310 561 supplicia
1333 520 1468 560 neque
1492 520 1515 544 a
1536 504 1674 546 socio-

240 575 335 601 rum
359 563 576 603 moenibus
601 563 840 618 prohibere,
860 578 997 617 neque
1016 563 1206 604 hostium
1229 562 1406 603 urbibus
1426 560 1580 602 inferre
1600 575 1677 617 po-

242 627 441 660 tuerunt:
465 619 744 670 excisionem,
760 620 1160 670 inflammationem,
1182 619 1462 668 eversionem,
1485 618 1677 674 depopu-

243 674 463 725 lationem,
489 678 777 717 ¹0vastitate1n
812 691 920 727 eam,
943 692 1017 717 sua
1039 692 1135 717 cum
1164 677 1320 731 praeda,
1351 675 1455 716 meis
1478 675 1676 715 omnibus

209 733 370 779 4tectis
393 741 521 787 atque
544 734 656 787 agris
681 734 927 774 intulerunt.
961 733 1073 774 Cum
1095 733 1160 774 his
1177 733 1298 773 furiis
1321 742 1364 772 et
1380 732 1560 782 facibus,
1579 746 1680 773 cum

246 789 326 839 his,
349 789 539 844 inquam,
561 790 756 830 exitiosis
791 791 1014 846 prodigiis,
1037 806 1086 831 ac
1109 804 1232 846 paene
1253 789 1381 844 hujus
1415 789 1581 845 imperii
1606 802 1680 844 pe-

245 847 397 896 stibus,
416 846 565 887 bellun]
584 847 687 887 mihi
704 848 965 903 inexpiabile
978 847 1075 888 dico
1089 861 1178 887 esse
1193 856 1459 901 susceptum:
1485 860 1622 900 neque
1637 845 1680 887 id

247 910 387 942 tamen
410 903 547 959 ipsum
569 913 970 959 tantum,quantum
990 919 1107 944 meus
1121 919 1170 944 ac
1184 918 1390 951 nieorum,
1409 903 1483 944 sed
1498 912 1681 954 tantum,

199 972 232 1019 3
248 969 454 1013 quantum
479 971 613 1001 vester
631 969 758 1015 atque
773 965 964 1001 omnium
987 962 1196 1002 bonorum
1215 961 1340 1001 dolor
1358 960 1604 1016 postulavit.
1628 959 1680 1000 In

249 1016 448 1057 Clodium
473 1016 573 1057 ‘vcro
599 1033 679 1057 non
715 1027 779 1058 est.
803 1018 928 1058 hodic
951 1032 1092 1058 meum
1113 1018 1251 1072 majus
1274 1018 1435 1067 odium,
1458 1032 1585 1072 quam
1609 1016 1681 1057 illo

245 1073 315 1113 die
346 1074 442 1123 suit,
465 1088 560 1114 eum
587 1074 701 1114 illuni
731 1077 760 1104 ¹1
780 1076 1024 1115 ambustum
1050 1074 1378 1129 religiosissimis
1401 1074 1588 1130 ignibuS,
1610 1088 1683 1114 co-

245 1131 377 1185 gnovi
412 1131 607 1171 muliebri
643 1140 811 1182 ornatu,
845 1147 897 1172 ex
935 1133 1097 1172 incesto
1132 1141 1278 1188 stupro
1315 1142 1442 1186 atque
1464 1146 1516 1172 ex
1551 1132 1681 1171 domo

246 1188 464 1242 pontilicis
481 1189 656 1228 maximi
680 1190 898 1230 emissum.
922 1198 1027 1239 tum,
1051 1189 1240 1244 inquam,
1265 1199 1355 1229 tum
1379 1188 1480 1239 vidi,
1502 1203 1552 1228 ae
1574 1187 1683 1228 mul-

246 1254 290 1284 to
314 1254 411 1284 anile
440 1246 657 1300 prospexi,
680 1255 841 1300 quant-‘t
869 1255 1097 1302 tempestas
1124 1247 1400 1296 excitaretur,
1422 1255 1582 1300 quanta
1603 1244 1684 1286 im-

200 1310 232 1340 b.
247 1301 450 1356 penderet
473 1302 658 1357 procella
680 1303 942 1358 reipublieae.
970 1303 1193 1354 Videbam,
1216 1303 1317 1344 illud
1341 1303 1474 1343 scelus
1498 1313 1584 1343 tam
1605 1301 1684 1343 im-

247 1367 494 1412 portunum,
524 1359 746 1400 audaciam
784 1369 872 1401 tam
906 1361 1137 1400 immanem
1174 1360 1455 1401 adolescentis
1488 1359 1684 1410 furentis,

244 1415 417 1464 nobilis,
435 1416 656 1466 vulnerati,
672 1431 755 1457 non
775 1432 898 1473 posse
921 1418 1053 1458 arceri
1069 1418 1145 1457 otii
1162 1418 1342 1458 linibus:
1363 1426 1612 1472 erupturum
1635 1416 1683 1456 i]-

245 1470 317 1512 ]ud
352 1472 511 1513 malum
545 1473 790 1528 aliquando,
816 1475 848 1515 si
873 1475 1133 1529 impunitum
1169 1474 1332 1525 fuisset,
1362 1475 1415 1514 ad
1452 1473 1685 1530 perniciem

211 1529 451 1570 5civitatis.
513 1530 614 1571 Non
648 1531 829 1572 multum
852 1532 959 1572 mihi
984 1545 1082 1571 sane
1117 1541 1215 1586 post
1236 1532 1286 1572 ad
1311 1532 1454 1572 odium
1491 1532 1684 1572 accessit.

247 1585 355 1626 nihil
377 1587 493 1628 enim
523 1597 674 1628 contra
706 1603 775 1628 me
808 1588 913 1629 fecit
945 1588 1045 1629 odio
1069 1589 1168 1640 mei,
1199 1589 1270 1629 sed
1304 1588 1404 1628 odio
1432 1588 1685 1638 severitatis,

246 1643 347 1683 odio
384 1644 625 1699 dignitatis,
663 1645 763 1686 odio
797 1645 1061 1700 reipublieae.
1098 1660 1183 1686 non
1218 1660 1284 1686 me
1318 1646 1455 1701 magis
1494 1644 1686 1695 violavit,

247 1714 375 1754 quam
399 1710 609 1752 senatum,
631 1717 760 1756 quam
779 1704 944 1758 equites
967 1702 1203 1753 Romano&
1221 1717 1349 1758 quam
1369 1717 1516 1743 omnes
1536 1703 1687 1751 bonos,

245 1772 375 1812 qnam
400 1757 569 1799 Italiam
602 1768 819 1800 cunctam.
845 1774 930 1800 non
953 1760 1138 1815 (lenique
1163 1760 1203 1800 iu
1228 1774 1294 1800 mc
1326 1759 1568 1801 sceleratior
1590 1758 1687 1810 fuit,

247 1828 372 1868 quam
414 1815 455 1855 in
490 1815 606 1871 ipsos
640 1816 741 1856 deos
776 1817 1053 1857 innuortales.
1116 1816 1287 1857 Etenim
1322 1817 1415 1857 illos
1446 1831 1496 1856 eo
1533 1816 1688 1856 scelere

247 1871 441 1922 violavit,
464 1887 549 1927 quo
572 1887 699 1913 nemo
721 1883 870 1915 antea:
909 1874 951 1915 in
974 1889 1041 1914 me
1064 1873 1145 1914 fuit
1168 1874 1317 1915 eodem
1338 1874 1496 1925 animo,
1518 1888 1603 1928 quo
1625 1883 1688 1913 et-

248 1927 333 1968 iam
355 1928 446 1983 ejus
471 1930 690 1970 familiaris
713 1930 915 1981 Catilina,
933 1931 964 1971 si
983 1931 1168 1981 vicisset,
1192 1931 1355 1972 suisset.
1417 1931 1568 1985 Itaque
1590 1945 1687 1970 cum

247 1999 483 2040 numquam
513 2002 537 2027 a
566 2002 634 2027 me
665 2001 755 2028 esse
784 1988 1074 2029 accusandum
1107 1989 1272 2043 putavi,
1299 2003 1384 2029 non
1422 1988 1527 2043 plus,
1560 2001 1688 2041 quam

249 2042 443 2097 stipitem
468 2043 600 2094 iilum,
624 2044 712 2098 qui,
736 2059 918 2099 quorum
941 2044 1163 2086 hominum
1188 2055 1311 2093 esset,
1331 2045 1602 2095 nesciremus,
1625 2045 1689 2084 ni-

251 2100 284 2140 si
317 2113 361 2140 se
395 2099 596 2156 Ligurem
630 2102 721 2156 ipse
751 2116 841 2142 csse
871 2102 1046 2142 diceret.
1108 2103 1225 2148 Quid
1257 2102 1371 2142 enini
1404 2101 1516 2142 hunc
1550 2116 1690 2157 perse-

250 2171 372 2211 quar,
394 2157 602 2212 pecudem
634 2173 683 2198 ac
718 2158 916 2209 belluam,
940 2158 1098 2214 pabulo
1129 2159 1400 2199 inimicorum
1434 2172 1624 2199 incorum
1648 2169 1692 2199 ct

253 2213 408 2269 glande
431 2217 708 2270 corruptum?
728 2216 848 2270 quisi
872 2216 1018 2266 sensit,
1040 2231 1125 2271 quo
1141 2230 1229 2256 sese
1243 2216 1396 2256 scelere
1418 2216 1660 2256 devinxerit
1680 2233 1689 2257 z

254 2285 341 2312 uon
374 2270 542 2321 dubito,
576 2272 679 2326 quin
703 2272 758 2312 sit
790 2273 1066 2313 miserrimus.
1098 2274 1160 2313 sin
1189 2282 1332 2314 autem
1363 2273 1403 2314 id
1427 2287 1514 2313 non
1547 2273 1689 2314 videt:

218 2325 492 2384 6periculum
514 2338 592 2378 est,
616 2343 668 2369 ne
699 2342 742 2369 se
764 2330 948 2385 stuporis
972 2331 1250 2370 excusatione
1279 2328 1496 2370 defendat.
1555 2329 1692 2371 Acce-

255 2385 319 2426 dit
340 2384 485 2435 etiam,
540 2385 623 2426 uod
658 2387 982 2441 exspectatione
1004 2388 1197 2427 omnium
1228 2386 1462 2427 fortissimo
1485 2397 1528 2427 et
1549 2386 1693 2428 elaris-

254 2442 363 2486 simo
399 2442 504 2492 viro,
569 2474 577 2483 .
612 2441 771 2492 Annio,
795 2443 952 2484 devota
972 2453 1015 2483 et
1047 2445 1283 2484 constituta
1319 2444 1400 2484 ista
1426 2444 1566 2484 hostia
1601 2458 1691 2485 esse

252 2499 454 2552 videtur:
487 2499 556 2539 eui
591 2513 659 2539 me
693 2500 921 2556 praeripere
954 2500 1207 2555 desponsam
1236 2499 1329 2555 jam
1361 2510 1404 2541 et
1436 2501 1691 2542 destinatam

294 2631 332 2659 10
353 2629 542 2658 vastitatem
564 2628 650 2667 eam]
676 2628 697 2658 i.
720 2639 749 2660 e.
774 2639 870 2668 quam
894 2630 950 2660 bo-
994 2634 1062 2667 tur,
1079 2632 1154 2669 qnia
1169 2640 1234 2661 non
1250 2630 1466 2671 deprehensns
1480 2635 1513 2661 et
1525 2634 1693 2670 correptus

249 2670 349 2701 stium
373 2671 506 2700 urbibus
530 2671 650 2700 inferre
674 2680 739 2701 non
763 2678 950 2711 potuerant.
995 2680 1057 2708 est,
1081 2674 1135 2703 sed
1164 2674 1311 2710 emissus,
1340 2678 1436 2712 atque
1459 2673 1538 2704 adeo
1567 2681 1692 2703 certum

249 2713 362 2744 malim
379 2718 491 2743 tamen
505 2722 578 2742 eam
592 2713 712 2743 abesse.
995 2715 1174 2754 pei-iculum
1202 2717 1316 2751 evasit,
1343 2721 1380 2745 ut
1408 2716 1548 2745 ambusti
1567 2713 1694 2755 judicio

297 2758 328 2785 ll
368 2755 559 2785 ambustum
598 2756 656 2784 rcl.
696 2755 838 2794 ignibus]
881 2756 956 2786 Hel.
996 2757 1163 2793 dicuntur,
1175 2758 1229 2797 qui
1243 2760 1313 2797 ejus
1325 2757 1505 2798 perieulum
1520 2758 1572 2787 vix
1586 2766 1695 2787 evase-

248 2798 341 2832 ioenaes
367 2797 535 2836 pertinent
563 2796 603 2827 ad
628 2797 824 2828 sacrificium
850 2799 953 2828 Bonae
996 2809 1040 2828 re.
1087 2799 1211 2830 Eodem
1234 2809 1326 2830 sensu
1351 2810 1426 2830 mox
1449 2800 1569 2831 dicitur
1581 2800 1692 2830 vulne-

252 2839 345 2876 Deae,
360 2839 413 2869 cui
437 2839 609 2870 interfuit:
634 2840 802 2871 ambustus
816 2839 854 2870 iis
875 2840 954 2871 dici·
998 2846 1101 2872 ratus.
