1785 3185
407 89 752 131 PHILIPPICA
785 88 1285 131 QUARTADECIMA.
1438 85 1538 135 1437

111 190 276 236 lerunt:
322 193 457 237 libido
493 193 723 252 flagitiosa,
745 208 830 249 qua
860 193 1147 235 Antoniorum
1169 193 1304 235 oblita
1331 199 1396 234 est
1430 192 1666 237 vitam-26⁰:

113 249 192 290 Est
213 252 345 307 igitur
365 252 606 307 quisquam,
628 251 701 306 qui
723 250 866 291 hostes
889 249 1100 306 appellare
1120 265 1202 291 non
1230 249 1398 301 audeat,
1428 264 1535 306 quo·
1547 246 1577 268 ἃ·

111 321 205 348 rum
216 308 372 349 scelere
392 311 426 340 ¹3
439 307 733 350 crudelitatem
749 306 1174 362 Karthaginiensium
1190 306 1345 347 victam
1363 321 1453 347 esse
1471 307 1534 348 fa-

112 367 279 407 teatur?
309 379 395 420 qua
415 366 532 407 enim
565 365 608 405 in
646 364 752 405 urbe
784 375 871 404 tam
911 363 1107 404 immanis
1145 361 1367 404 Hannibal
1391 359 1582 420 capta,4

108 435 234 475 quam
261 422 350 462 ¹⁴in
376 421 751 477 Parma·sm·1·epta
768 420 1012 462 Antonius?
1045 420 1124 460 nisi
1158 419 1268 460 forte
1301 418 1429 475 hujus
1459 435 1533 461 co-

109 476 253 527 loniae,
285 488 329 520 et
350 488 603 530 ceterarum,
626 479 668 519 in
691 492 796 533 quas
815 477 962 518 eodem
986 485 1050 517 est
1071 476 1232 527 animo,
1258 490 1345 517 non
1367 485 1432 517 est
1453 476 1532 518 ho-

104 534 186 574 stis
219 534 435 577 Antonius
469 535 699 592 putandus,
760 534 804 575 Si
841 548 940 575 vero
974 533 1239 574 coloniarum
1272 541 1316 573 et
1349 534 1531 574 munici-
1547 535 1594 568 10

108 590 281 646 vpiorum
305 592 396 633 sine
419 593 504 634 ulla
521 592 797 634 dubitatione
816 590 952 632 bostis
973 599 1062 631 est:
1094 589 1197 645 quid
1214 589 1386 630 tandem
1404 589 1531 645 hujus

108 649 292 690 censetis
319 650 449 701 urbis,
480 664 609 705 quam
643 649 713 689 ille
738 651 774 680 15
790 648 841 688 ad
865 647 1101 703 expiandas
1122 654 1333 702 egestates
1363 647 1535 688 latroci-

109 704 170 745 nii
194 706 257 746 sui
280 707 559 763 concupivit?
580 720 710 761 quam
736 705 869 760 ¹6jam
894 705 1054 760 peritus
1076 712 1260 744 metator
1282 712 1327 743 et
1342 703 1534 756 callidus,

109 761 370 818 decempeda
399 778 475 805 sua
497 764 614 805 Saxa
635 762 862 803 diviserat?
895 760 1215 813 Recordamini,
1237 774 1312 816 per
1333 760 1434 801 deos
1454 762 1534 801 im-

105 819 329 862 mortales!
365 830 504 876 patres
533 817 784 875 conscripti,
806 818 908 872 quid
938 818 1022 859 hoc
1054 817 1185 858 biduo
1219 818 1484 858 timuerimus
1508 834 1533 860 a

106 876 352 918 domesticis
393 877 605 928 hostibus,
647 875 888 917 rumoribus
927 874 1255 930 improbissimis
1297 874 1528 930 dissipatiS.

104 932 215 977 Quis
248 932 418 986 liberos,
451 934 546 990 quis
567 932 798 988 conjugem
833 932 1052 987 adspicere
1086 938 1253 987 poterat
1284 931 1374 972 sine
1396 933 1528 973 fietu?

103 989 199 1043 quis
232 990 438 1032 domum?
468 991 563 1046 quis
598 992 738 1030 tecta?
767 988 864 1043 quis
898 988 1028 1029 larem
1063 987 1344 1029 familiarem?
1378 989 1526 1031 ¹7Jam

99 1055 173 1086 aut
205 1045 488 1088 foedissimam
526 1057 707 1088 mortem
741 1059 904 1096 omnes,
937 1054 1012 1086 aut
1047 1044 1331 1086 miserabilem
1375 1045 1523 1101 fugam

99 1102 367 1158 cogitabant.
430 1104 542 1146 Haec
577 1119 602 1145 a
620 1104 799 1158 quibus*
812 1103 1088 1152 timebantur,
1118 1116 1189 1143 eos
1211 1102 1355 1142 hostes
1377 1103 1522 1158 appel-

99 1158 184 1199 lare
219 1160 491 1203 dubitamus?
523 1163 694 1217 gravius
727 1160 881 1213 siquis
913 1159 1105 1200 attulerit
1136 1172 1308 1209 nomen,
1339 1158 1523 1200 libenter

98 1219 330 1259 assentiar.-
377 1219 459 1259 hoc
502 1217 666 1276 vulgari
706 1225 934 1258 contentus
975 1216 1046 1257 vix
1090 1229 1198 1267 sum,
1239 1216 1397 1256 leviore
1433 1231 1521 1257 non

91 1282 202 1314 utar.

156 1329 309 1386 Itaque
330 1347 426 1372 cum
453 1331 787 1389 supplicationes
803 1330 1065 1386 justissimas
1087 1343 1140 1370 ex
1165 1328 1216 1369 iis
1237 1328 1404 1380 litteris,
1422 1344 1517 1385 quae
1535 1340 1577 1374 11

95 1386 286 1429 recitata:
321 1400 433 1439 sunt,
465 1390 690 1429 decernere
721 1387 966 1438 debeamus,
997 1385 1286 1441 Serviliusque
1321 1386 1518 1428 decreve-

91 1443 172 1485 rit:
203 1446 372 1501 augebo
394 1447 570 1486 omnino
590 1459 811 1486 numerum
835 1445 1016 1495 dierum,
1049 1443 1286 1500 praesertim
1309 1457 1404 1483 cum
1431 1458 1516 1485 non

91 1500 181 1551 uni,
206 1504 242 1533 ¹8
257 1502 329 1543 sed
358 1503 494 1543 tribus
526 1502 708 1543 ducibus
740 1502 827 1542 sint
859 1501 1153 1542 decernendae.
1214 1499 1297 1541 Sed
1320 1500 1402 1541 hoc
1429 1502 1518 1557 pri-

91 1571 209 1598 mum
251 1558 421 1610 faciam,
456 1569 503 1600 ut
532 1560 809 1615 imperatores
846 1558 1054 1614 appellem
1089 1571 1177 1607 eos,
1207 1571 1389 1611 quorum
1431 1558 1516 1598 vir-

90 1623 196 1666 tute,
217 1615 412 1669 consilio,
442 1617 662 1667 felicitate,
685 1615 885 1656 maximis
917 1614 1115 1670 periculis
1143 1613 1359 1654 servitutis
1388 1624 1517 1669 atque

89 1670 287 1713 interitus
306 1673 472 1714 liberati
497 1688 655 1714 sumus.
711 1672 882 1713 Etenim
905 1672 973 1713 cui
999 1671 1153 1726 viginti
1176 1670 1242 1711 bis
1272 1670 1394 1711 annis
1416 1686 1517 1727 sup-

83 1728 265 1784 plicatio
287 1730 458 1772 decreta
476 1740 554 1782 est,
574 1739 622 1771 ut
656 1744 740 1770 non
763 1729 999 1785 imperator
1020 1727 1318 1784 appellaretur,
1342 1739 1416 1769 aut
1435 1727 1517 1769 mi-

132 1860 170 1890 13
205 1858 299 1890 erud.
333 1859 457 1891 Karth.
497 1858 574 1899 δια]
614 1859 696 1890 Edd.
734 1868 782 1899 pr.

90 1900 172 1932 Cod.
189 1901 336 1942 Huydee.
354 1903 580 1932 crudelitatem
595 1905 720 1932 constat
739 1900 784 1931 K.

84 1943 208 1974 victam
222 1953 296 1974 esse.
334 1943 478 1974 Deberet
492 1944 608 1974 saltem
623 1953 691 1974 esse
707 1953 779 1973 con-

85 1989 158 2016 stet.
203 1985 266 2017 Sed
290 1985 377 2026 quod
401 1996 490 2017 nunc
515 1986 637 2024 editur,
664 1985 780 2016 melius

81 2032 144 2058 est.

131 2071 168 2100 14
189 2069 224 2099 in
240 2069 375 2101 Parma
389 2069 555 2110 eurr-epla]
581 2080 611 2100 v.
627 2069 720 2101 Clav.
741 2069 775 2100 in

79 2116 262 2151 surreptus.
285 2122 362 2143 mox
384 2113 418 2142 in
440 2122 504 2143 non
526 2116 571 2142 est
586 2113 683 2142 hostis
696 2112 775 2142 Ant.

74 2153 248 2194 putandus
267 2154 350 2185 Cod.
365 2153 475 2194 Huyd.
498 2159 535 2185 et
559 2153 630 2184 edd.
654 2163 702 2194 pr.
719 2153 773 2184 de-

82 2194 155 2226 lent
169 2196 342 2233 Antonium,
353 2196 446 2227 bene.
463 2197 524 2227 nisi
541 2196 670 2226 numeri
682 2205 776 2226 caus-

77 2245 118 2268 sa
128 2238 307 2279 repetitum
322 2242 372 2269 est
387 2237 452 2268 hoe
467 2248 602 2268 nomen.

124 2281 162 2311 15
183 2280 232 2310 ad
242 2280 422 2320 expiandas
436 2284 593 2319 egestates
607 2280 772 2310 latrocinii

78 2321 146 2361 eui]
171 2322 225 2353 Sic
246 2323 321 2353 libri
341 2331 466 2353 omnes,
516 2323 693 2354 Correxere
715 2332 770 2352 ex-

74 2364 236 2403 plendas.-
257 2365 343 2404 quod
358 2369 393 2394 et
407 2365 474 2404 ipse
488 2374 601 2394 verum
617 2368 708 2404 puto.
731 2363 772 2394 In

79 2406 136 2437 Or.
151 2405 191 2437 de
205 2406 301 2437 Prov.
318 2406 454 2437 Consul.
482 2409 508 2437 l.
530 2406 663 2446 expiare
680 2407 771 2445 cup-i·

78 2447 199 2478 dilates
213 2448 346 2479 tulerim
360 2459 370 2479 ε
393 2458 425 2478 ν.
443 2447 535 2478 Clav.
558 2447 613 2477 sed
637 2447 675 2477 de
698 2457 772 2486 ege-

78 2494 167 2520 state
181 2490 275 2520 nullo
289 2490 387 2521 modo
399 2490 461 2520 dici
477 2494 597 2530 potest.
642 2489 703 2519 Pro
720 2491 769 2519 la-

78 2533 208 2563 trocinii
221 2533 272 2562 sui
287 2532 433 2562 Groevius
447 2531 577 2562 volebat
592 2532 771 2562 latrociniis

77 2575 146 2604 cuis
159 2586 168 2603 :
191 2574 246 2604 sed
260 2574 333 2604 urbi
349 2580 454 2614 captae
475 2583 540 2604 non
557 2574 637 2603 bene
651 2583 769 2603 conve-

80 2616 179 2647 niunt
194 2616 379 2646 latrocinia.
422 2615 597 2655 Ege-states
607 2616 771 2646 latrocinii

74 2662 166 2695 flunt,
178 2658 212 2687 in
221 2658 349 2697 quibus,
361 2659 506 2696 quamvis
518 2663 709 2697 perpetuum
722 2657 769 2688 la-

77 2699 256 2731 trocinium
271 2700 407 2735 faciens,
431 2705 545 2729 tamen
568 2699 768 2738 permansit:

78 2742 113 2774 in
138 2751 202 2781 quo
218 2742 318 2773 etiam
334 2742 493 2772 acuminis
509 2741 631 2780 aliquid
652 2746 713 2778 est,
730 2745 769 2771 ut

75 2793 206 2817 opinor.

99 2819 110 2826 ⁶
123 2826 162 2857 16
166 2824 246 2865 jam
253 2825 382 2865 peritus
395 2833 439 2855 m.
456 2829 487 2856 et
498 2824 651 2867 callidus]
669 2824 768 2856 Lam-

137 2880 247 2911 VOL.
274 2881 329 2909 11.
354 2881 395 2908 P.
420 2881 475 2909 11.

827 1858 941 1888 binum
958 1857 1044 1888 male
1059 1856 1193 1888 edidisse
1207 1855 1285 1897 jam
1304 1858 1434 1897 pridem
1450 1868 1514 1890 me—

826 1904 927 1937 tator,
953 1901 1113 1930 Gruterus
1128 1900 1186 1929 ait.
1232 1899 1378 1930 Graevius
1402 1905 1516 1938 negat,

822 1942 856 1972 in
882 1942 1110 1972 Lambinianis
1130 1951 1216 1971 esse:
1241 1941 1296 1971 sed
1317 1951 1382 1971 non
1400 1941 1516 1972 babuit

820 1984 1002 2014 editionem
1015 1983 1202 2019 secundam,
1216 1982 1322 2020 Lugd.
1341 1986 1428 2017 1578.
1442 1993 1515 2023 qnae

819 2030 894 2066 post
919 2030 1061 2056 mortem
1086 2026 1156 2064 ejus
1183 2024 1314 2066 prodiit.
1331 2026 1370 2055 ab
1386 2026 1454 2064 ipso
1472 2025 1510 2057 L.

819 2077 862 2098 an
873 2068 914 2098 ab
925 2067 991 2097 alio
1003 2066 1074 2097 ha‘c
1088 2067 1186 2097 lectio
1201 2067 1256 2103 sit,
1273 2076 1338 2096 non
1353 2066 1489 2097 dixerim
1502 2080 1510 2098 ι

818 2109 852 2139 in
877 2109 965 2140 notis
981 2109 1109 2147 quidem
1138 2108 1218 2138 nibil
1247 2107 1286 2139 de
1307 2108 1368 2139 hac
1386 2118 1513 2139 correc-

817 2152 922 2182 tione.
946 2151 1071 2181 Saltem
1087 2155 1118 2180 εἰ
1131 2150 1270 2180 debebat
1284 2150 1383 2180 deleri
1400 2151 1433 2181 in
1449 2151 1511 2182 hae

817 2193 972 2230 lectione,
985 2201 1057 2232 quoe
1071 2192 1151 2222 alias
1167 2202 1232 2222 non
1247 2192 1407 2232 displicet.
1428 2192 1510 2224 vnl-

815 2245 858 2274 go
874 2244 989 2275 parum
1014 2235 1157 2265 accurati
1179 2238 1259 2264 sunt
1274 2234 1334 2265 viri
1361 2234 1449 2265 docti
1474 2235 1510 2266 in

815 2277 866 2307 ed.
882 2276 1107 2307 Lambinianae
1118 2275 1286 2316 exemplis.
1296 2286 1325 2307 v.
1341 2276 1433 2316 praef.
1450 2286 1510 2306 no·-

814 2323 918 2349 stram
933 2318 974 2349 ad
996 2318 1141 2350 ‘romum
1167 2318 1194 2348 1.
1222 2318 1261 2348 de
1281 2317 1354 2350 edd.
1369 2320 1509 2359 operum

815 2361 885 2391 Cic.

861 2405 895 2437 17
917 2401 1001 2433 Jam
1028 2400 1102 2441 aut]
1134 2400 1216 2432 Jam
1246 2400 1411 2432 Ferrarius
1437 2412 1507 2436 non

814 2445 935 2484 reperit
951 2444 985 2474 in
1001 2443 1090 2473 libris
1106 2453 1166 2473 scr.
1182 2453 1240 2473 nec
1257 2443 1363 2474 Graev.
1380 2445 1413 2474 in
1431 2445 1504 2475 Col.

813 2487 899 2517 unde
919 2485 1050 2516 delevit.
1073 2485 1157 2523 quod
1181 2495 1241 2524 ego
1264 2494 1331 2515 non
1354 2486 1504 2518 imitatus

813 2537 897 2565 sum,
943 2527 1053 2558 Habet
1082 2527 1161 2559 Cod.
1194 2527 1338 2568 Huydec.
1369 2532 1404 2558 et
1431 2538 1506 2560 sen-

812 2571 920 2601 tentia
935 2569 1050 2599 melior
1065 2575 1128 2600 est.

859 2615 895 2643 18
917 2613 972 2642 sed
986 2612 1089 2641 tribus
1103 2610 1249 2650 ducibus]
1268 2610 1414 2642 Groevins
1429 2620 1506 2641 cum

814 2654 952 2689 Effer-no,
975 2653 1108 2683 Mureto
1131 2654 1188 2683 ἃς.
1210 2662 1228 2682 c
1244 2652 1308 2683 Ms.
1329 2661 1398 2682 uno
1413 2652 1503 2684 addit

812 2696 1037 2726 communiter.
1054 2695 1132 2734 quia
1153 2699 1229 2724 ante
1244 2702 1294 2725 est
1309 2694 1503 2734 simpliciter

811 2748 876 2768 mm
891 2737 960 2768 τινά.
977 2736 1076 2767 etiam
1097 2736 1152 2767 hic
1173 2736 1228 2767 red
1247 2736 1351 2767 tribus
1370 2735 1506 2770 duc-ihm

811 2780 920 2821 aptius
935 2778 1074 2810 videtur.

737 2872 820 2925 ⁵⁴
