1785 3185
292 111 392 146 1359Ι
883 107 1130 147 ORATIO

291 209 490 253 cissimo:
521 209 637 253 hunc
659 211 814 268 ipsum,
835 211 942 252 mihi
968 211 1187 254 hominem
1216 211 1608 267 familiarissimum,
1634 215 1716 258 nisi

291 267 388 308 talis
422 268 571 310 consul
603 277 728 319 esset,
750 277 797 309 ut
818 283 966 310 omnes
988 270 1172 326 vigilias,
1203 284 1340 321 curas,
1367 271 1651 327 cogitationes
1673 274 1718 315 in

290 325 539 382 reipublicae
589 326 723 367 salute
773 327 809 356 12
830 325 1050 381 defigeret,
1101 327 1317 367 consulem
1368 342 1454 369 non
1507 339 1715 384 putarem.

253 383 566 439 6Quamquam
591 397 668 424 nos
700 382 753 423 ab
787 382 960 422 ineunte
985 382 1096 423 illius
1126 392 1253 424 aetate
1286 399 1400 436 usus,
1435 387 1716 437 consuetud0‚

243 439 276 470 b.
291 440 528 482 studiorum
562 440 692 481 etiam
733 439 1129 480 honestissimorum
1163 440 1357 491 societas,
1396 441 1717 498 similitudoque

288 497 507 539 devinxit:
538 497 815 552 ejusdemque
847 509 949 536 cura
978 495 1239 537 incredibilis
1275 497 1317 537 in
1351 499 1592 553 asperrimis
1615 499 1715 540 belli

287 554 426 596 civilis
469 553 666 610 periculis
705 559 943 607 perspecta,
983 552 1132 593 docuit
1170 567 1255 593 non
1289 555 1417 595 modo
1448 555 1609 606 salutis,
1642 555 1713 598 sed

286 612 417 653 etiam
440 610 663 667 dignitatis
702 623 809 649 meae
843 608 974 650 fuisse
1008 609 1242 651 fautorem:
1277 619 1418 651 tamen
1450 613 1646 664 eundem,
1666 621 1716 653 ut

286 668 395 720 dixi,
418 669 499 709 nisi
532 667 627 708 talis
653 664 948 716 commosset,
976 668 1009 696 13
1023 680 1179 722 negare
1215 680 1305 708 esse
1336 668 1555 709 consulem
1584 670 1714 710 aude-

286 739 390 766 rem.
414 725 526 765 idem
557 738 642 765 non
670 722 800 763 modo
821 721 1040 763 consulem
1061 737 1153 763 esse
1173 723 1285 774 dico,
1306 724 1377 765 sed
1400 724 1529 765 etiam
1551 740 1714 767 memo-

286 783 350 823 ria
371 796 465 822 mea
487 779 889 837 praestantissimum
913 788 1040 834 atque
1066 780 1279 836 optimum
1302 781 1535 833 consulem,
1560 784 1597 813 14
1611 797 1713 833 non,

285 839 387 894 quia
410 840 502 894 pari
527 839 685 878 virtute
708 844 750 876 et
769 836 990 877 voluntate
1012 837 1082 878 alii
1112 836 1286 887 fuerint,
1320 839 1391 879 scd
1422 847 1584 879 tantam
1608 854 1711 880 cau-

284 910 374 936 sam
396 910 483 936 non
508 895 762 943 habuerunt,
785 893 828 933 in
849 908 934 948 qua
955 902 998 934 et
1020 894 1220 935 virtutem
1240 905 1282 935 et
1301 895 1563 936 voluntatem
1592 910 1713 937 suam

246 949 561 996 &declararem
623 950 768 1005 Hujus
801 950 1090 1006 magnitudini
1124 952 1271 1002 animi,
1304 952 1521 1008 gravitati,
1544 954 1712 1008 sapien-

284 1011 372 1060 tiae,
399 1017 629 1065 tempestas
651 1018 716 1049 est
736 1007 882 1048 oblata
913 1003 1299 1049 formidolosissimi
1330 1010 1549 1064 temporiS.
1599 1008 1710 1050 Tum

280 1077 423 1108 autem
481 1065 715 1107 illustratur
757 1063 1018 1118 consulatus,
1076 1079 1175 1106 cum
1224 1066 1436 1121 gubernat
1478 1067 1707 1123 rempubli-

279 1139 390 1174 cam,
421 1122 455 1163 si
486 1137 573 1164 non
603 1121 801 1179 optabili,
832 1131 876 1162 at
902 1123 1139 1163 necessario
1163 1130 1368 1178 tempore.
1397 1124 1535 1181 magis
1563 1133 1705 1165 autem

278 1180 582 1232 necessarium,
623 1188 763 1236 patres
805 1179 1054 1236 conscripti,
1095 1178 1258 1220 nullum
1296 1190 1464 1237 tempus
1503 1195 1706 1237 umquam

280 1238 378 1280 fuit.

233 1294 268 1343 3
340 1294 493 1350 Itaque
509 1309 591 1351 ego
614 1293 697 1344 ille,
723 1293 797 1348 qui
821 1307 987 1349 semper
1017 1293 1134 1349 pacis
1156 1300 1306 1335 auctor
1327 1293 1403 1346 fui,
1426 1294 1580 1350 cuique
1603 1309 1705 1351 pax,

281 1353 519 1407 praesertim
554 1351 707 1401 civilis,
736 1364 995 1406 quamquam
1027 1351 1228 1391 omnibus
1265 1351 1403 1402 bonis,
1437 1354 1471 1382 15
1487 1361 1628 1392 tamen
1661 1353 1705 1393 in

275 1410 428 1465 primis
447 1409 530 1450 fuit
550 1407 768 1465 optabilis.
799 1422 926 1448 omne
952 1407 1066 1448 enim
1088 1407 1345 1448 curriculum
1379 1408 1599 1450 industriae
1628 1423 1707 1450 no-

279 1474 393 1518 strae,
416 1467 460 1507 in
483 1466 592 1518 foro,
612 1467 654 1506 in
679 1465 810 1515 curia,
834 1465 877 1505 in
901 1465 1138 1506 amicorum
1170 1465 1368 1521 periculis
1406 1465 1703 1522 propulsandis

276 1523 544 1566 elaboratum
573 1532 658 1565 est:
688 1522 791 1563 hinc
821 1521 1004 1564 honores
1024 1521 1322 1577 amplissimos,
1345 1522 1445 1564 hinc
1466 1523 1704 1565 mediocres

279 1595 399 1636 opes,
422 1581 523 1622 hinc
546 1580 818 1636 dignitatem,
842 1580 875 1619 si
897 1593 1025 1635 quam
1049 1578 1270 1629 habemus,
1289 1580 1509 1621 consecuti
1540 1595 1701 1623 sumus.

241 1642 267 1676 8
283 1636 377 1694 Ego
401 1639 544 1693 itaque
565 1637 697 1694 pacis,
720 1646 768 1677 ut
790 1637 851 1677 ita
871 1636 1026 1687 dicam,
1050 1636 1259 1688 alumnus,
1289 1637 1377 1691 qui,
1397 1649 1703 1692 quantuscum-

276 1710 361 1750 que
382 1710 475 1736 sum
497 1695 623 1746 (nihil
641 1694 755 1735 enim
778 1693 882 1734 mihi
904 1695 1076 1749 arrogo)
1099 1694 1189 1734 sine
1211 1708 1315 1749 pace
1336 1694 1451 1735 civili
1479 1703 1593 1735 certe
1613 1711 1702 1737 non

274 1752 450 1793 fuissem
473 1751 730 1809 (periculose
750 1751 872 1792 dico:
906 1750 1268 1806 quemadmodum
1303 1752 1535 1807 accepturi,
1558 1763 1699 1808 patres

273 1810 522 1866 conscripti,
556 1809 663 1859 sitis,
697 1808 875 1849 horreo:
907 1808 979 1848 sed
1013 1822 1089 1863 pro
1111 1822 1206 1848 mea
1235 1817 1440 1864 perpetua
1461 1809 1700 1864 cupiditate

270 1875 424 1908 vestrae
463 1867 688 1923 dignitatis
721 1864 969 1916 retinendae,
1001 1874 1045 1905 et
1079 1865 1303 1921 augendae,
1338 1880 1500 1920 quaeso,
1536 1881 1698 1923 oroque

270 1937 363 1975 vos,
389 1925 426 1954 16
439 1926 599 1980 [patres
622 1922 890 1978 conscripti,]
924 1932 970 1962 ut
993 1922 1146 1977 primo,
1183 1925 1216 1956 17
1233 1923 1266 1962 si
1295 1923 1376 1962 erit
1398 1922 1462 1963 vel
1495 1924 1698 1966 acerbum

271 1981 436 2033 auditu,
459 1981 523 2022 vel
546 1979 808 2031 incredibile,
827 1994 852 2019 a
871 1979 938 2020 M.
963 1978 1171 2020 Cicerone
1200 1993 1290 2020 esse
1311 1979 1489 2032 dictum,
1511 1981 1698 2038 accipia-

271 2038 327 2078 tis
350 2039 440 2080 sine
461 2038 712 2088 offensione,
734 2036 848 2091 quod
871 2036 1043 2077 dixero:
1075 2051 1181 2076 neve
1204 2036 1246 2076 id
1269 2036 1399 2092 prius,
1415 2052 1558 2092 quam,
1573 2039 1697 2093 quale

272 2095 341 2147 sit,
363 2096 650 2152 explicavero,
687 2093 952 2150 repudietis,)
983 2108 1064 2149 ego
1096 2093 1178 2144 ille,
1201 2093 1339 2134 dicam
1374 2094 1545 2149 saepiuS‚
1577 2096 1695 2151 pacis

271 2166 438 2209 semper
459 2153 668 2203 laudator,
699 2165 866 2206 semper
899 2159 1062 2200 auctor,
1096 2165 1244 2206 pacem
1275 2165 1373 2191 cum
1411 2150 1479 2191 M.
1501 2151 1694 2194 Antonio

137 2222 360 2261 p.211.esse
395 2210 510 2251 nolo.
571 2209 740 2265 Magna
774 2222 848 2263 spe
881 2208 1098 2264 ingredior
1125 2223 1168 2248 m
1205 2200 1409 2263 reliquam
1441 2209 1694 2262 orationem,

223 2273 410 2323 ³·patres
429 2267 677 2323 conscripti,
699 2265 903 2322 quoniam
926 2264 1331 2321 periculosissimum
1352 2264 1494 2306 locum
1523 2266 1693 2309 silentio

311 2384 348 2412 12
377 2380 564 2422 configeret]
595 2380 696 2410 Recte
718 2378 843 2409 editum
867 2382 916 2409 est
939 2389 957 2409 e
1000 2377 1139 2408 Interim
1154 2377 1230 2408 vat.
1246 2378 1349 2408 secuti
1365 2387 1489 2409 sumus.

264 2423 341 2455 Vat.
364 2424 531 2464 defigeret,
554 2422 639 2461 quod
661 2426 710 2451 est
724 2421 859 2452 verbum
882 2430 957 2461 pro·
1045 2424 1081 2451 15
1109 2421 1189 2450 mihi
1216 2420 1341 2459 lamen]
1371 2420 1484 2452 Dclcvi
1511 2421 1591 2451 mihi
1613 2432 1688 2453 cum

264 2468 372 2507 prium
385 2465 489 2496 inhac
503 2475 547 2495 re.
561 2464 735 2505 configeret
747 2463 897 2503 nuspiam
910 2464 956 2493 sic
999 2462 1127 2493 Graevio
1143 2473 1160 2492 e
1172 2462 1249 2493 Vat.
1266 2464 1405 2493 refertur
1415 2462 1455 2492 ad
1467 2463 1591 2503 cuique.
1607 2465 1689 2495 mila·

263 2510 394 2539 dicitur.
998 2510 1047 2535 est
1064 2515 1082 2535 a
1098 2505 1288 2544 glossatore.

311 2554 346 2582 13
369 2559 492 2589 negare
513 2559 577 2579 esse
590 2558 673 2578 cons.
690 2547 858 2586 auderem]
885 2546 956 2577 Ma·
1046 2548 1082 2577 16
1098 2551 1212 2586 patres
1234 2547 1370 2586 conscr.]
1417 2546 1604 2578 Delendum
1626 2546 1689 2578 hoe

262 2594 322 2625 lim
337 2603 401 2623 esse
416 2593 555 2623 abesset:
580 2591 654 2621 facit
670 2591 757 2620 enim
772 2590 954 2619 orationem
999 2593 1093 2628 puto,
1109 2590 1184 2627 quia
1200 2588 1309 2628 paullo
1325 2594 1401 2619 ante
1413 2591 1484 2628 jam
1501 2594 1561 2620 est.

262 2636 437 2667 duriorem.
481 2635 534 2664 Sic
563 2643 676 2672 supra:
706 2633 866 2662 consulem
892 2642 956 2661 non.
1044 2634 1080 2664 17
1102 2633 1129 2660 si
1143 2632 1204 2661 eriz:
1228 2631 1300 2670 ἂρ]
1333 2632 1480 2661 Grau-ius
1500 2631 1600 2662 edidit
1616 2633 1687 2668 etsi,

254 2684 425 2720 putarem.
469 2677 574 2717 Saepe,
596 2679 633 2705 ut
653 2679 730 2705 ante
754 2674 954 2711 monuimus,
997 2683 1015 2703 c
1042 2674 1117 2703 Vnt.
1162 2673 1241 2703 Mox
1269 2678 1342 2713 post
1371 2674 1568 2710 incredibile,
1593 2684 1616 2703 a
1637 2673 1688 2705 M.

260 2722 455 2759 glossatores
468 2717 614 2749 addendo
628 2717 689 2749 hoc
701 2716 798 2747 verbo
808 2717 953 2756 interpo-
1000 2715 1063 2745 Cic.
1078 2725 1142 2745 esse·
1154 2716 1289 2753 dictum,
1305 2716 1416 2746 durius
1430 2720 1492 2752 est,
1507 2715 1650 2755 mihique
1667 2726 1688 2746 a.

259 2758 373 2795 l'arunt
390 2762 500 2792 libros.
995 2758 1173 2799 glossatore
1198 2767 1266 2789 esse
1291 2757 1431 2790 videtur.
1460 2762 1494 2789 et
1517 2757 1688 2789 commode

304 2808 342 2836 14
356 2813 419 2834 non
435 2804 511 2843 quia
527 2801 604 2842 non]
621 2801 699 2832 Vat.
714 2810 777 2830 non
789 2801 887 2840 quin:
904 2810 953 2830 re·
996 2800 1092 2832 absit.

258 2852 322 2881 etc.
340 2847 401 2879 nisi
412 2847 496 2878 forte
507 2846 622 2878 Cicero
634 2844 723 2876 dedit
734 2853 797 2874 non
810 2852 870 2884 quo
880 2852 952 2875 non.
