1785 3185
260 118 360 157 1378
848 111 1102 150 ORATIO

226 224 250 258 3
323 219 432 264 Quae
466 224 530 257 est
563 215 674 257 enim
709 216 789 257 ista
825 224 898 257 tua
929 217 1053 268 ratio,
1088 215 1275 258 Calene?
1307 231 1402 271 quae
1440 219 1595 259 mens?
1624 217 1698 272 qui

264 287 499 329 numquam
533 283 630 329 post
664 273 876 314 Kalendas
912 273 1011 314 Jan,
1043 274 1152 314 idem
1187 275 1379 324 senseris,
1401 275 1518 328 quod
1554 275 1603 325 is,
1625 275 1698 329 qui

265 343 308 372 te
347 332 600 371 sententiam
634 332 852 386 3primum
889 333 1045 384 rogat?
1079 334 1186 370 4cur
1223 345 1454 385 numquam
1497 341 1582 372 tam
1616 331 1700 371 fre-

266 403 402 443 quens
425 396 593 428 senatus
617 388 712 437 fuit,
735 397 781 427 ut
806 401 913 426 unus
936 386 1086 441 aliquis
1111 396 1227 426 tuam
1253 389 1509 429 sententiam
1530 397 1700 428 secutus

267 446 347 486 sit?
377 459 452 486 cur
474 459 638 500 semper
662 445 722 484 tui
746 442 972 483 dissimiles
993 443 1216 484 defendis?
1248 457 1337 495 cur,
1359 459 1459 485 cum
1485 454 1524 484 te
1545 454 1588 484 ct
1612 444 1700 484 vita

268 512 311 542 et
335 500 506 543 fortuna
528 511 601 543 tua
625 501 676 541 ad
700 501 836 540 otium
859 509 902 539 et
924 499 976 540 ad
994 500 1251 553 dignitatem
1274 500 1441 551 invitet,
1459 515 1509 541 ea
1531 500 1700 556 probas,

271 573 322 599 ea
352 559 557 608 decernis,
581 572 630 598 ca
652 557 796 606 sentis,
819 570 915 610 quae
949 566 1047 595 sunt
1081 556 1254 596 inimica
1285 566 1329 597 et
1360 558 1450 597 otio
1484 557 1702 598 communi

227 619 316 666 ‘Zet
337 616 539 671 dignitati
572 617 688 654 tuae?
751 613 879 661 Nam,
901 621 948 652 ut
979 612 1196 667 superiora
1226 613 1439 664 omittam,
1462 613 1545 654 hoc
1575 624 1704 664 certe,

140 695 174 724 p.
192 673 388 728 2¹25‚quotl
414 671 549 712 5milii
588 671 822 710 maximam
861 669 1186 709 admirationem
1220 679 1379 720 movet,
1414 684 1499 710 non
1537 671 1705 711 tacebo.

231 729 406 776 a-Quod
441 736 505 768 est
541 727 618 767 tibi
651 741 748 766 cum
784 726 928 766 Brutis
963 725 1151 767 bellum?
1182 739 1257 766 cur
1289 740 1376 777 eos,
1398 741 1504 781 quos
1527 726 1707 768 6omnes

236 780 399 843 4paene
423 784 613 825 venerari
646 783 865 833 debemus,
887 782 1000 823 solus
1032 784 1282 838 oppugnas?
1314 783 1493 823 alterum
1525 783 1706 823 circum-

275 842 409 884 sederi
444 857 529 882 non
564 840 743 881 moleste
776 838 874 889 fers,
906 839 1083 880 alterum
1119 849 1192 879 tua
1229 841 1437 880 sententia
1470 839 1625 895 spolias
1657 840 1709 880 iis

272 899 425 955 copiiS,
447 913 551 953 quas
583 899 674 953 ipse
706 911 780 936 suo
813 896 958 938 labore
987 905 1030 936 et
1053 895 1240 951 periculo
1263 896 1313 936 ad
1339 897 1600 952 reipublieae‚
1622 911 1708 937 non

274 957 326 997 ad
365 970 488 996 suum
528 953 790 1011 praesidium,
829 967 904 1007 per
946 967 1004 1003 se,
1043 951 1157 993 nullo
1199 953 1444 1007 adjuvante,
1486 951 1706 995 confecit?

276 1014 386 1060 Quis
407 1021 471 1052 est
495 1011 574 1051 iste
598 1019 694 1050 tuus
724 1023 885 1060 sensus,
907 1024 1004 1064 quae
1036 1009 1273 1064 cogitatio?
1325 1010 1515 1050 ⁷Brutos
1548 1019 1592 1050 tu
1624 1024 1710 1051 non

276 1069 446 1126 probes,
471 1066 685 1108 Antonios
721 1067 908 1121 probes?
939 1081 1046 1121 quos
1080 1080 1226 1106 omnes
1263 1067 1503 1108 carissimos
1536 1066 1710 1118 habent,

276 1136 322 1166 tu
346 1124 518 1166 oderis?
549 1139 656 1179 quos
679 1123 951 1164 acerbissime
981 1136 1128 1163 omnes
1159 1122 1354 1173 oderunt,
1378 1133 1422 1163 tu
1453 1124 1710 1164 constantis·

278 1182 384 1223 sime
414 1181 595 1236 diligas?
646 1178 937 1235 Amplissimae
971 1179 1048 1220 tibi
1080 1178 1264 1220 sortunae
1288 1189 1401 1230 sunt,
1423 1195 1611 1221 summus
1634 1180 1712 1221 ho-

278 1238 394 1279 noris
417 1239 588 1294 gradus,
612 1237 738 1287 filius,
760 1246 808 1278 ut
829 1247 872 1277 et
894 1236 1020 1277 audio
1048 1245 1091 1277 et
1122 1250 1259 1291 spero,
1282 1245 1406 1277 natus
1436 1237 1487 1277 ad
1519 1236 1711 1279 laudem:

244 1295 349 1345 5cui
381 1309 478 1336 cum
510 1293 758 1350 reipublicae
790 1308 918 1335 eausa
948 1291 1086 1343 faveo,
1119 1303 1209 1334 tum
1240 1293 1369 1333 etiam
1402 1302 1487 1334 tua.
1549 1293 1711 1341 Quaero

279 1353 428 1408 igitur,
457 1365 555 1392 eum
588 1351 767 1391 Brutine
798 1349 979 1390 similem
1010 1350 1145 1400 malis,
1168 1364 1220 1390 an
1251 1349 1462 1392 Antonii?
1522 1349 1587 1391 Ae
1620 1365 1713 1408 per-

279 1409 423 1459 mitto,
454 1417 502 1448 ut
531 1408 584 1449 de
617 1408 752 1448 tribus
773 1407 976 1448 Antoniis
1006 1406 1153 1462 eligas,
1184 1421 1310 1461 quem
1343 1407 1460 1448 velis.
1521 1406 1595 1448 Dii
1627 1421 1715 1448 me-

280 1465 401 1516 liora,
424 1464 605 1519 inquies,
660 1464 749 1504 Cur
770 1464 903 1520 igitur
924 1479 1008 1504 non
1031 1465 1092 1504 eis
1115 1463 1245 1513 faves,
1270 1466 1407 1518 3quos
1429 1463 1589 1514 laudas,
1609 1478 1716 1519 quo-

281 1537 373 1563 rum
406 1522 587 1562 similem
621 1521 754 1561 filium
789 1531 910 1561 tuum
940 1535 1030 1561 esse
1064 1521 1153 1563 vis?
1183 1520 1309 1561 simul
1331 1521 1444 1561 enim
1467 1521 1714 1577 reipublieae

278 1578 489 1630 consules,
524 1588 566 1619 et
601 1592 814 1633 propones
850 1577 907 1619 illi
943 1577 1141 1634 exempla
1173 1577 1225 1618 ad
1259 1577 1530 1619 imitandum.
1580 1577 1715 1619 9Hoc

325 1722 343 1749 3
360 1720 511 1759 primum
527 1717 640 1756 rogat]
667 1718 718 1748 Sic
733 1718 811 1748 vat.
827 1719 879 1747 cui
904 1727 981 1747 con—

282 1762 385 1792 sentit
403 1761 470 1790 Gu.
484 1769 586 1798 eaque
609 1766 659 1789 est
673 1769 749 1789 vera
764 1759 874 1789 lectio.
891 1769 982 1789 neni-

284 1814 324 1844 pe
351 1809 390 1832 ut
413 1803 485 1841 jam
515 1802 665 1831 oratione
688 1802 845 1841 superiori
871 1801 983 1831 didici-

284 1854 371 1881 mus,
384 1844 490 1874 Pansa
503 1843 617 1873 consul
633 1842 809 1879 Calenum,
822 1852 983 1879 socerum,

286 1887 431 1927 primum
458 1895 586 1924 semper
615 1885 815 1915 sententiani
845 1885 968 1923 rogavit

285 1929 419 1959 honoris
443 1936 552 1963 eausa,
568 1936 641 1956 eum
657 1926 806 1956 eonsules
823 1926 968 1965 designat

286 1980 355 2000 non
383 1969 542 2000 adessent.
587 1968 677 1998 Male
696 1969 842 1998 Graevius
864 1969 986 2008 recepit

283 2013 417 2053 primus
443 2021 460 2040 e
488 2010 568 2040 Mss.
594 2010 799 2049 quibusdam,
825 2011 912 2049 quod
940 2012 986 2040 l'a-

289 2059 382 2084 ctum
405 2064 443 2083 ex
466 2052 607 2082 lectione
631 2051 702 2082 edd.
726 2062 773 2092 pr.
791 2054 900 2092 prius,
915 2061 986 2092 quae

289 2101 324 2126 et
339 2096 373 2125 in
389 2094 490 2125 Codd.
507 2103 568 2124 scr.
587 2093 777 2133 quibusdam
794 2098 856 2124 est.

332 2141 353 2167 4
379 2142 614 2167 cur—senatus
629 2135 718 2175 suit,
747 2140 784 2165 ut
812 2145 899 2166 unus
926 2137 988 2166 ali-

290 2179 375 2218 quis]
396 2178 459 2208 Hic
480 2177 582 2214 locus,
598 2185 637 2209 ut
657 2184 708 2208 est
726 2178 758 2208 in
776 2178 929 2216 vulgatis,
948 2178 989 2206 si-

290 2230 332 2251 ne
361 2221 458 2251 dubio
484 2220 618 2250 vitiosus
641 2224 700 2250 est.
722 2229 798 2249 nam
825 2220 990 2250 sententia

291 2263 406 2302 inepta
428 2269 478 2292 est
501 2262 684 2292 manifeste.
730 2262 878 2292 Graevius
893 2272 910 2291 e
926 2261 989 2293 ΜΞ.

292 2314 351 2334 suo
365 2303 466 2340 dedit,
484 2313 558 2334 cum
572 2308 915 2343 nunquam—senatus
925 2303 991 2342 jic-

292 2348 368 2382 erit,
382 2354 457 2375 cum
475 2355 562 2375 unus
578 2347 636 2376 ἃς.
652 2350 685 2376 et
707 2345 751 2374 sic
773 2346 869 2385 plane
892 2345 991 2376 habet

293 2387 403 2418 Guelf.
416 2387 471 2417 sed
487 2397 527 2416 ne
539 2387 584 2416 sic
597 2388 726 2426 quidem
743 2396 854 2417 sensus
869 2392 902 2417 et
915 2397 987 2418 ora-

292 2430 341 2459 tio
356 2432 496 2459 constat.
541 2428 611 2468 Ego
634 2434 715 2469 puto
737 2429 845 2460 locum
860 2430 905 2459 sie
919 2439 987 2460 esse

292 2469 581 2502 constituendum:
605 2481 680 2501 cum
703 2480 884 2510 nunquam,
912 2482 987 2502 cum

293 2518 362 2544 tam
370 2512 532 2553 frequens
545 2517 678 2543 senatus
686 2512 811 2551 suerit,
826 2523 912 2543 unus
925 2515 987 2543 ali-

292 2557 365 2594 quis
381 2560 406 2586 ι.
421 2565 448 2585 s.
463 2558 590 2584 secutus
603 2556 656 2584 sit.
702 2554 830 2584 Excidit
845 2555 986 2585 alterum

292 2607 368 2627 eum
380 2601 514 2638 propter
528 2596 730 2626 vicinitatem
746 2597 855 2636 primi,
869 2598 986 2637 migra-

292 2639 403 2679 vitque
418 2639 452 2668 iu
467 2638 577 2668 locum
593 2638 749 2668 alienum.

327 2684 345 2711 5
363 2682 442 2712 mihi
457 2681 640 2710 numimam
655 2680 906 2710 admirationem
920 2690 987 2710 mo-

287 2723 355 2762 vet]
383 2723 494 2753 Etiam
518 2722 626 2752 Guelf.
649 2727 684 2752 et
708 2722 751 2752 H.
767 2722 903 2758 babent,
919 2732 984 2761 quo

288 2765 449 2796 Gruterus
465 2763 658 2795 inclinabat:
675 2765 759 2803 quod
772 2775 822 2794 me
836 2766 984 2795 maxima

286 2807 504 2837 admiratione
519 2811 631 2836 movet.
669 2805 754 2836 Mihi
772 2816 840 2838 non
854 2807 980 2848 placet:

285 2848 402 2880 saltem
417 2849 548 2880 deberet
563 2858 630 2880 esse
647 2849 801 2880 manime.

974 1907 982 1921 s

975 1928 982 1956 i

1067 1717 1087 1748 6
1110 1727 1217 1748 omnes
1229 1726 1318 1756 pane
1333 1719 1482 1747 venerari
1494 1716 1540 1757 al]
1561 1717 1720 1748 Venerari

1026 1758 1047 1788 i.
1064 1770 1092 1790 e.
1109 1759 1242 1789 deorum
1257 1759 1354 1789 inodo
1371 1759 1489 1790 colere.
1505 1770 1534 1791 v.
1549 1759 1640 1792 Clav.
1656 1760 1722 1790 Ms.

1028 1800 1073 1831 H.
1091 1802 1207 1832 habet:
1232 1811 1309 1840 quos
1324 1811 1379 1832 ⁷1⁰5
1401 1812 1428 1832 o.
1445 1802 1531 1840 quod
1552 1811 1629 1832 sane
1652 1801 1720 1842 pla-

1027 1848 1128 1880 cer-ct,
1145 1845 1170 1873 si
1185 1850 1220 1874 et
1242 1844 1276 1873 in
1298 1849 1453 1882 sequente
1475 1849 1572 1880 esset,
1588 1848 1623 1874 tu
1637 1845 1723 1874 solus

1026 1894 1204 1924 oppuguas.
1248 1885 1311 1915 Sed
1333 1886 1373 1916 ab
1395 1886 1507 1916 eodem
1533 1886 1615 1916 libro
1632 1885 1725 1916 abest

1022 1936 1124 1966 queue.

1070 1973 1087 2002 7
1113 1968 1238 2000 Brutos
1252 1973 1365 1999 utnon
1381 1969 1508 2008 probes]
1534 1969 1611 2000 Non
1633 1979 1722 2000 com-

1030 2010 1163 2041 modum
1179 2019 1309 2041 sensum
1325 2011 1403 2041 facit
1417 2016 1464 2042 ut.
1510 2011 1586 2041 Non
1608 2011 1722 2042 dubito

1031 2053 1221 2082 Ciceronem
1246 2053 1430 2093 scripsisse:
1455 2053 1580 2084 Brutos
1601 2058 1638 2084 tu
1660 2063 1723 2084 non

1025 2095 1161 2134 probes?
1185 2095 1361 2133 Sequentia
1376 2096 1423 2125 ita
1437 2095 1673 2135 scriffljubent,
1687 2096 1722 2126 in

1031 2136 1146 2175 quibus
1162 2146 1289 2177 semper
1303 2142 1353 2167 est
1367 2137 1479 2167 eadem
1494 2137 1611 2168 forma.
1656 2138 1724 2168 lta-

1032 2188 1093 2216 que
1108 2179 1152 2208 sic
1167 2187 1262 2209 ausus
1277 2189 1348 2209 sum
1367 2179 1551 2210 rescribere.
1574 2179 1653 2210 Mox
1663 2189 1723 2220 pro

1032 2230 1140 2250 omnes
1149 2221 1298 2257 oderunt,
1311 2221 1384 2251 libri
1395 2220 1538 2260 quidam,
1548 2221 1647 2252 etiam
1657 2222 1722 2252 Gu.

1032 2263 1141 2299 ceteri,
1164 2262 1249 2301 quod
1273 2268 1308 2293 et
1331 2263 1475 2293 Graevius
1497 2264 1630 2304 recepit.
1656 2273 1724 2295 nou

1033 2314 1106 2336 sum
1121 2305 1280 2335 imitatus,

1077 2350 1094 2376 8
1117 2357 1176 2376 cur
1189 2356 1253 2376 non
1268 2356 1316 2376 eos
1331 2346 1461 2387 laudas]
1487 2347 1566 2378 Mss.
1581 2347 1723 2386 quidam,

1030 2388 1063 2418 in
1090 2387 1139 2417 his
1166 2389 1228 2418 Gu.
1253 2388 1338 2418 nude
1361 2398 1411 2417 eos
1434 2390 1563 2425 laudas,
1582 2399 1640 2429 pro
1657 2399 1722 2429 qno

1031 2429 1149 2460 malint
1165 2431 1224 2460 viri
1240 2430 1326 2460 docti
1341 2439 1417 2469 quos
1434 2432 1561 2462 laudas.
1578 2432 1672 2463 bene.
1688 2438 1723 2463 et

1030 2472 1075 2502 sic
1089 2472 1184 2502 edidi.

1070 2518 1090 2547 9
1107 2513 1179 2544 Hoc
1193 2524 1266 2544 vero
1278 2514 1321 2554 Q.
1337 2514 1374 2545 F.
1390 2514 1628 2555 cupio-queri]
1647 2515 1724 2546 Edi-

1029 2554 1060 2585 di
1076 2556 1164 2586 hune
1186 2556 1294 2586 locum
1311 2566 1384 2586 cuin
1402 2556 1543 2594 Graevio,
1560 2562 1598 2587 ut
1612 2568 1629 2588 e
1644 2557 1720 2589 Vat.

1028 2597 1134 2627 editus
1149 2604 1209 2628 est.
1234 2597 1375 2637 Vulgata
1389 2598 1487 2628 lectio
1501 2608 1631 2629 sensum
1649 2600 1722 2630 nul-

1030 2638 1097 2668 lum
1121 2640 1328 2669 commodum
1353 2640 1472 2670 habet:
1496 2640 1569 2671 Hoc
1585 2651 1660 2671 vero
1674 2642 1721 2682 Q.

1029 2680 1066 2711 F.
1092 2682 1569 2721 copiosius—tecum—quoero,
1618 2682 1725 2723 Copio-

1026 2723 1093 2752 sius
1118 2728 1223 2754 tecum
1248 2733 1366 2763 quoero,
1390 2724 1461 2763 quis
1486 2723 1566 2756 dicit
1588 2730 1622 2755 et
1644 2726 1722 2764 quid

1026 2765 1099 2795 est?
1145 2766 1319 2804 Sequentia
1348 2770 1425 2796 sunt
1454 2766 1488 2795 in
1521 2767 1719 2807 parenthesi,

1026 2817 1123 2845 quam
1148 2807 1284 2846 signavi.
1329 2808 1414 2838 Nam
1433 2808 1506 2839 Hoc
1527 2808 1666 2840 refertur
1681 2809 1721 2842 ad

1027 2848 1084 2881 illa
1101 2861 1107 2880 :
1133 2850 1244 2881 literas
1259 2849 1364 2881 Bruti
1378 2851 1435 2881 διε.
