1785 3185
231 98 335 135 1432
795 90 1045 134 ORATIO

224 198 301 255 jus
323 198 421 241 belli
453 198 559 241 feret
578 199 884 256 principatum.
946 201 1217 256 Quamquam
1247 201 1359 242 enim
1394 201 1530 258 prima
1552 217 1662 260 prae·

233 256 356 307 sidia,
376 256 549 299 utiliora
569 257 815 314 reipublicae
837 266 948 308 sunt,
969 267 1111 299 tamen
1131 267 1324 299 extrema
1339 269 1438 300 sunt
1457 261 1658 316 gratiora.

149 314 223 363 20
235 313 318 355 Sed
332 313 425 369 jam
461 328 504 355 se
535 314 715 370 colligit,
737 323 779 355 et
805 314 858 355 ad
885 323 1126 357 extremum
1159 315 1313 371 incipit
1344 315 1660 372 philosophari.

169 386 221 421 45
236 370 282 412 Si
302 385 363 411 me
379 371 496 412 rectis
524 372 698 413 sensibus
719 378 875 412 euntem
896 370 957 411 dii
990 371 1246 423 immortales,
1267 378 1312 412 ut
1345 387 1470 436 spero,
1492 373 1658 430 adjuve-

231 427 341 468 rint.-
381 428 517 470 vivam
548 427 733 469 libenter.
805 427 882 469 Sin
914 434 1047 469 autem
1089 428 1206 471 aliud
1243 443 1304 469 me
1321 431 1467 485 satum
1498 437 1658 472 manet:

220 484 418 539 praecipz'o
453 485 610 542 gaudia
645 483 930 539 suppliciorum
965 492 1197 526 vestrorum.
1259 484 1460 541 Namque,
1492 487 1527 528 si
1559 486 1661 528 victi

229 540 480 597 Pompeiani
500 549 584 583 tam
602 541 815 582 insolentes
834 548 927 583 sunt
940 557 952 581 :
981 541 1149 583 victores
1168 540 1305 597 quales
1309 540 1457 597 futuri
1475 544 1570 594 sint,
1592 557 1659 585 vos

220 598 362 653 potius
391 598 661 654 experiemini.
724 598 957 654 Praecipias
979 599 1079 640 licet
1109 599 1293 655 gaudia:
1331 614 1417 640 non
1441 601 1553 640 enim
1579 599 1657 640 tibi

228 670 328 697 cum
360 655 651 712 Pompeiani5‚
675 656 747 696 sed
781 669 877 696 cum
913 656 1109 696 universa
1141 656 1359 711 republica
1391 656 1547 698 bellurn
1580 665 1659 697 est.

98 716 378 758 ‘ww-omnes
410 722 451 754 te
481 713 556 763 dii,
585 712 795 763 homines,
829 713 998 763 summi,
1019 713 1164 762 medii,
1186 712 1347 764 infimi3
1390 714 1519 764 cives,
1542 727 1660 768 pere-

188 769 372 826 ⁸·grini3
417 771 510 821 viri,
533 769 756 821 mulieres;
797 769 935 819 liberi,
958 771 1064 810 servi
1100 770 1295 810 oderunt..
1337 770 1543 811 sensimus
1575 769 1660 810 hoc

230 841 367 883 nuper
395 826 502 868 falso
528 827 705 868 nuntio:
748 840 849 866 vero
877 826 1123 882 propediem
1147 826 1391 868 sentiemus.
1423 841 1519 882 quae
1541 826 1574 866 si
1600 836 1661 867 te.-

231 898 329 924 cum
358 884 450 940 ipse
480 884 653 925 recolis:
697 883 885 938 aequiore
919 883 1062 924 animo
1097 892 1140 924 et
1175 884 1336 939 majore
1368 883 1660 925 consolatione

166 940 220 975 46
232 941 427 982 moriere.
487 940 678 997 Denique
697 954 848 981 summa
856 939 1014 996 judicii
1033 940 1110 981 mei
1137 947 1287 994 spectat
1309 941 1399 992 huc,
1421 947 1465 982 ut
1486 954 1663 981 meorum

230 997 529 1055 irgjuriasferre
543 998 705 1054 possim,
727 997 761 1037 si
782 1003 854 1038 aut
887 996 1069 1039 oblivisci
1089 996 1214 1038 velint
1242 998 1486 1055 ipsijecissq
1508 1003 1581 1038 aut
1599 995 1663 1038 ul-

230 1055 478 1109 cisciparaz'i
494 1055 580 1096 sint
599 1069 681 1096 una
703 1054 906 1095 nobiscum
932 1052 1101 1096 Caesaris
1120 1061 1300 1095 mortem.
1362 1054 1458 1096 Hac
1479 1053 1661 1095 Antonii

231 1112 444 1154 sententia
473 1111 663 1168 cognita,
694 1111 1019 1152 dubitaturosne
1049 1111 1102 1152 A.
1136 1111 1345 1162 Hirtium,
1377 1111 1429 1152 C.
1462 1111 1663 1161 Pansam,

231 1169 441 1220 consules,
457 1169 633 1225 putatis,
650 1169 752 1224 quin
775 1168 827 1209 ad
844 1167 1083 1209 Antonium
1106 1171 1349 1210 transeant?
1381 1169 1563 1210 Brutum
1585 1169 1664 1209 ob-

232 1226 426 1269 sideant?
476 1226 696 1267 Mutinam
718 1240 967 1282 expugnare
988 1226 1194 1282 cupiant?
1253 1229 1291 1257 88
1310 1225 1425 1272 Quid
1449 1225 1501 1267 de
1524 1224 1665 1266 Pansa

232 1292 276 1324 et
298 1282 447 1325 Hirtio
468 1283 647 1338 loquor?
708 1282 868 1333 Caesar,
891 1282 1093 1338 singulari
1124 1284 1284 1339 pietate
1305 1282 1563 1332 adolescens,
1588 1296 1664 1338 po·-

232 1340 333 1382 terit
354 1351 397 1381 se
420 1350 577 1392 tenere,
593 1339 696 1396 quin
722 1339 778 1381 D.
794 1340 918 1380 Bruti
941 1340 1147 1396 sanguine
1171 1354 1323 1396 poenas
1346 1340 1502 1396 patrias
1521 1353 1664 1395 perse-

230 1401 414 1453 quatur?
475 1397 627 1453 ltaque
650 1396 857 1448 fecerunt,
882 1398 958 1447 uti,
980 1397 1046 1438 his
1078 1397 1229 1438 litteris
1260 1396 1395 1448 lectis,
1413 1397 1466 1438 ad
1487 1395 1666 1438 muniti-

177 1470 179 1473 ·
231 1469 334 1496 ones
364 1455 540 1511 propius
573 1454 837 1496 accederent.
908 1455 1008 1501 Quo
1044 1454 1181 1509 major
1217 1453 1460 1495 adolescens
1503 1453 1665 1503 Caesar,

231 1511 480 1568 majoreque
502 1512 676 1553 deorum
701 1511 1005 1553 immortalium
1027 1511 1251 1562 beneficio,
1271 1511 1518 1568 reipublieae
1540 1520 1665 1551 natus

231 1579 310 1621 est,
332 1572 372 1606 89
387 1570 460 1625 qui
495 1570 609 1610 nulla
631 1569 772 1625 specie
802 1568 967 1625 paterni
990 1569 1190 1619 nominis,
1219 1583 1297 1609 nec
1332 1569 1507 1625 pietate,
1529 1567 1665 1609 abdu-

231 1636 327 1667 ctus
350 1641 552 1681 umquam
575 1636 652 1667 est.
715 1625 939 1681 Intelligit,
962 1626 1194 1666 maximam
1218 1626 1417 1681 pietatem
1439 1639 1665 1667 conserva-

169 1687 222 1726 47
236 1683 350 1725 tione
384 1684 534 1740 patriae
563 1683 790 1725 contineri.
865 1683 1030 1730 Quodsi
1065 1683 1250 1739 partium
1288 1691 1502 1724 certamen
1540 1691 1665 1732 esset,

231 1755 411 1796 quarum
445 1741 621 1782 omnino
644 1754 798 1782 nomen
822 1741 1085 1782 exstinctum
1118 1749 1196 1790 est,
1218 1737 1489 1781 Antoniusne
1523 1740 1666 1795 potius

228 1806 274 1839 et
314 1798 540 1840 Ventidius
583 1807 722 1854 partes
765 1797 948 1838 Caesaris
985 1797 1276 1848 defenderent,
1314 1812 1442 1852 quam
1479 1798 1664 1852 primum

230 1855 392 1907 Caesar,
414 1856 658 1897 adolescens
683 1869 848 1896 summa
872 1855 1029 1911 pietate
1057 1864 1100 1895 et
1124 1854 1328 1895 memoria
1360 1855 1546 1910 parentis
1570 1854 1631 1894 sui
1653 1854 1666 1895 ?

230 1914 386 1954 deinde
420 1912 562 1954 Pansa
594 1922 637 1953 et
671 1911 857 1963 Hirtius,
878 1913 950 1966 qui
985 1911 1105 1967 quasi
1139 1925 1300 1953 cornua
1329 1912 1414 1953 duo
1437 1921 1667 1954 tenuerunt

182 1983 186 1987 ’
233 1970 433 2022 Caesaris,
453 1979 559 2020 tum,
581 1984 678 2011 cum
707 1968 790 2010 illae
814 1983 909 2009 vere
935 1978 1074 2024 partes
1104 1969 1396 2011 vocabantur?
1457 1968 1540 2010 Hae
1567 1983 1668 2012 vero

232 2043 331 2083 quae
355 2037 455 2069 sunt
476 2037 631 2084 partes,
654 2040 751 2067 cum
782 2026 923 2067 alteris
945 2036 1114 2067 senatus
1136 2027 1382 2077 auctoritas,
1407 2026 1550 2082 populi
1576 2026 1667 2068 Ro-

233 2085 349 2126 mani
372 2085 560 2134 libertas,
587 2083 835 2139 reipublicae
877 2082 987 2124 salus
1010 2083 1231 2139 proposita
1252 2084 1333 2125 sit:
1363 2084 1505 2124 alteris
1527 2085 1666 2126 eaedes

150 2130 462 2192 sslbonorum,
495 2140 627 2192 urbis,
652 2139 875 2196 Italiaeque
909 2141 1113 2196 partitio?
1171 2140 1404 2184 Veniamus
1437 2141 1667 2197 aliquando

189 2197 219 2228 b.
233 2199 287 2241 ad
319 2198 567 2241 clausulam.
629 2196 807 2254 Legatos
833 2198 969 2238 venire
989 2212 1069 2238 uon
1098 2196 1227 2238 credo.
1290 2198 1407 2239 Bene
1429 2212 1496 2239 me
1528 2200 1665 2240 novit.

231 2255 379 2298 bellum
401 2270 478 2311 quo
500 2255 660 2297 veniat.-
684 2255 906 2311 proposito
930 2255 1165 2310 praesertim
1188 2255 1388 2311 exemplo
1413 2254 1664 2297 Dolabellae.

227 2314 496 2355 90sancti0re
527 2322 666 2362 erunt,
699 2312 842 2362 credo,
868 2312 966 2367 jure
1000 2312 1145 2368 legati,
1178 2326 1305 2366 quam
1339 2313 1423 2353 duo
1457 2314 1666 2365 consules,

227 2379 380 2413 contra
400 2385 507 2426 quos
539 2384 657 2410 arma
689 2367 795 2411 fert:
837 2383 964 2424 quam
998 2368 1158 2419 Caesar,
1191 2369 1314 2425 cujus
1344 2369 1476 2426 patris
1509 2369 1666 2412 flamen

269 2502 309 2532 88
332 2499 426 2541 Quid
433 2499 472 2529 de
488 2497 532 2529 P.
548 2502 579 2529 et
597 2498 642 2529 H.
658 2497 786 2538 loquar]
803 2498 929 2537 Legen-
970 2503 1047 2529 tate.

226 2542 305 2573 dum
321 2543 433 2582 putavi
449 2543 568 2580 loquor.
593 2541 624 2570 id
639 2546 673 2571 et
685 2541 828 2571 Faernus
841 2541 873 2570 in
890 2541 928 2570 li·
1013 2544 1053 2573 90
1085 2542 1260 2571 sanctiores
1282 2545 1390 2576 erunt,
1415 2550 1461 2571 rr.
1477 2540 1561 2581 jure
1585 2541 1667 2581 lega]

225 2584 286 2622 bro
301 2584 451 2615 sei-,Ant-
464 2583 637 2622 Augustini
653 2584 805 2623 reperisse
815 2593 847 2612 sc
859 2588 927 2613 tra·
971 2582 1053 2613 Edd.
1077 2593 1126 2623 pr.
1149 2584 1441 2613 sanctiores*er1mt
1465 2593 1509 2614 cr.
1530 2583 1672 2625 majore-

228 2627 277 2657 dit
292 2632 326 2657 et
348 2627 475 2667 probat.
519 2626 572 2655 Sic
587 2625 683 2655 edidi.
707 2626 760 2656 Sic
781 2630 816 2654 et
831 2624 928 2655 Lam-
971 2624 1118 2666 quejure
1133 2626 1247 2663 legati,
1263 2625 1348 2664 quod
1364 2625 1478 2656 melius
1493 2631 1542 2656 est
1556 2626 1671 2664 vulga-

227 2669 335 2698 binus.
383 2670 460 2699 Mox
471 2669 591 2708 poterit
607 2677 681 2697 cum
705 2668 776 2697 aliis
798 2666 928 2707 praetuli
971 2672 1016 2696 to.
1061 2667 1124 2698 Sed
1139 2667 1297 2697 edidimus
1312 2677 1385 2697 eum
1406 2668 1534 2698 Graevio
1549 2669 1671 2698 sancti-

228 2710 364 2749 vulgato
380 2711 564 2752 poteritne:
592 2719 789 2749 quamquam
807 2709 854 2740 nil
880 2710 930 2740 in·
972 2719 1025 2739 ore
1039 2715 1135 2739 erunt
1157 2719 1204 2740 cr.
1221 2707 1318 2749 jure,
1340 2720 1358 2739 e
1381 2711 1446 2741 MS.
1473 2710 1590 2741 Colon.
1635 2709 1668 2740 Si

228 2757 343 2783 tex-est.
972 2751 1043 2790 quis
1079 2751 1174 2782 malit
1197 2750 1282 2792 jure
1321 2751 1435 2791 deleri,
1471 2761 1539 2783 non
1578 2760 1674 2794 repu-

272 2799 313 2829 89
328 2796 383 2834 qui
398 2796 492 2824 nulla
506 2795 607 2834 specie
617 2803 654 2833 p.
667 2793 718 2833 n.]
735 2794 831 2824 Forte
846 2794 928 2823 exei-
972 2802 1083 2833 gnem.

230 2836 278 2867 dit
295 2847 352 2867 nec
363 2850 371 2866 :
387 2838 482 2867 nulla
497 2846 554 2866 nec
568 2837 669 2877 specie
677 2846 716 2876 p.
732 2846 767 2866 n.
791 2845 850 2866 nec
859 2837 930 2875 pie-
