1785 3185
269 135 370 169 1300
863 130 1112 170 ORATIO

268 247 359 274 esse
395 231 548 274 Romae
581 247 724 289 regem
755 233 927 276 licebat.
989 236 1026 266 16
1040 235 1114 292 Sp.
1138 232 1310 276 Cassius
1343 241 1387 274 et
1420 230 1594 283 Melius,
1629 230 1700 275 M.

270 289 465 331 Manlius
496 300 670 346 propter
699 291 986 347 suspicionem
1017 292 1137 349 regni
1168 290 1397 347 appetendi
1424 300 1524 330 sunt
1544 289 1702 330 necati.

271 345 336 388 Hi
370 347 495 402 primi
525 362 623 389 cum
653 347 821 404 gladiis,
842 363 928 389 non
960 349 1003 389 in
1034 363 1213 405 regnum
1243 356 1531 404 appetentem,
1554 345 1625 386 sed
1657 346 1703 385 in

271 413 524 459 regnantem
556 405 764 460 impetum
786 405 992 448 fecerunt,
1029 409 1064 439 17
1078 406 1193 460 quod
1229 419 1326 446 cum
1363 404 1502 460 ipsum
1542 402 1706 443 factum

272 474 350 517 per
368 474 411 502 se
434 461 684 516 praeclarum
706 471 833 517 atque
853 462 1046 503 divinum
1064 472 1142 514 est,
1159 471 1249 503 tum
1273 461 1518 517 expositum
1537 459 1588 500 ad
1609 458 1707 498 imi-

273 517 480 570 tandum3
511 519 751 574 praescrtim
789 533 886 559 cum
926 518 985 558 illi
1019 532 1111 559 eam
1144 518 1322 574 gloriam
1356 516 1573 558 consecuti
1607 515 1708 565 sint,

276 589 374 629 quae
399 575 471 616 vix
493 575 607 616 coelo
629 575 724 630 capi
748 589 870 630 posse
893 574 1100 617 videatur.
1164 574 1254 616 Etsi
1285 574 1399 615 enim
1425 575 1526 615 satis
1549 573 1592 613 in
1614 572 1709 627 ipsa

245 632 545 686 „conscientia
577 631 849 687 pulcherrimi
884 631 987 673 facti
1024 631 1187 673 fructus
1222 640 1327 681 erat,
1360 639 1501 672 tamen
1539 627 1710 670 mortali

197 677 647 729 4Dimmortalitatcm
685 702 772 728 non
813 689 996 729 arbitror
1035 688 1407 729 contemnendam.
1468 686 1712 728 Recordare

195 745 414 801 usigitur
444 745 577 795 illum,
611 744 678 786 M,
710 744 890 796 Antoni,
920 745 1048 796 diem,
1078 760 1163 800 quo
1194 745 1450 788 dictaturam
1489 741 1711 783 sustulisti.

280 816 394 858 pone
434 811 533 843 ante
573 801 720 842 oculos
761 801 958 843 laetitiam
1006 810 1176 844 senatus
1218 801 1451 859 populique
1492 799 1711 840 Romani:

281 858 430 900 confer
466 862 501 890 19,
515 873 614 899 eum
645 859 894 900 numatione
930 868 1006 900 tua
1043 868 1323 914 tuorumque:
1357 867 1448 898 tum
1484 856 1712 911 iutelligeS‚

281 925 490 971 quantum
512 915 622 955 inter
642 915 808 958 laudem
830 925 874 957 et
895 915 1060 957 lucrum
1084 916 1263 957 intersit.
1321 915 1404 958 Sed
1426 913 1644 963 nimirum,
1666 920 1715 954 ut

281 972 471 1027 quidam,
503 973 654 1012 morbo
687 972 844 1027 aliquo,
876 982 920 1013 et
952 986 1096 1014 sensus
1129 984 1316 1029 stupore,
1339 971 1594 1013 suavitatem
1626 968 1715 1010 cibi

280 1044 369 1070 non
402 1028 616 1069 sentiunt:
649 1028 709 1069 sic
742 1028 974 1080 libidinosi,
1003 1031 1134 1081 avari,
1165 1029 1408 1079 facinorosi,
1431 1042 1542 1070 verae
1575 1025 1711 1068 laudis

282 1094 458 1141 gustum
479 1099 565 1126 non
590 1085 763 1126 habent.
808 1086 906 1138 Sed,
929 1087 962 1128 si
985 1096 1023 1127 te
1045 1086 1134 1127 laus
1156 1087 1321 1128 allicere
1343 1086 1397 1128 ad
1419 1093 1534 1130 recte
1555 1083 1717 1125 facien-

281 1143 386 1183 dum
417 1156 502 1182 non
525 1151 681 1197 potest,
706 1158 759 1184 ne
782 1154 917 1185 metus
940 1144 1114 1199 quidem
1136 1159 1160 1184 a
1181 1142 1430 1185 foedissimis
1462 1141 1588 1183 factis
1619 1148 1717 1196 pot-

284 1208 349 1241 est
374 1202 581 1240 avocare?
610 1199 785 1243 Judicia
817 1215 903 1241 non
933 1200 1101 1241 metuis.
1137 1201 1170 1241 si
1204 1209 1379 1256 propter
1411 1198 1719 1248 innocentiam,

284 1255 439 1298 laudo:
473 1255 506 1296 si
530 1265 703 1313 propter
725 1257 827 1309 vim,
849 1273 935 1298 non
959 1257 1175 1314 intelligis,
1198 1258 1253 1308 ei,
1274 1257 1347 1311 qui
1379 1256 1459 1297 isto
1491 1255 1620 1296 modo
1649 1253 1720 1311 ju-

201 1317 274 1353 116
287 1313 398 1354 dicia
423 1327 507 1353 non
531 1313 693 1363 timeat,
715 1315 818 1369 qnid
841 1315 1077 1356 timendum
1100 1315 1187 1356 sit?
1249 1312 1415 1360 Quodsi
1447 1326 1533 1353 non
1564 1310 1720 1352 metuis

242 1372 272 1402 b·
288 1370 399 1410 viros
427 1369 573 1420 fortes,
596 1372 876 1427 egregiosque
907 1372 1036 1422 civcs,
1059 1372 1172 1427 quod
1205 1387 1230 1411 a
1258 1384 1437 1427 corpore
1469 1379 1543 1410 tuo
1576 1367 1722 1424 prohi-

288 1428 442 1467 bentur
463 1427 617 1479 armis3
649 1429 710 1468 tui
736 1437 791 1479 te,
813 1428 919 1469 mihi
940 1429 1080 1479 crede,
1101 1428 1262 1469 diutius
1284 1442 1369 1469 non
1393 1426 1546 1469 ferent.
1607 1425 1720 1471 Quae

285 1493 350 1523 est
371 1494 513 1524 autem
539 1483 641 1534 vita,
663 1485 753 1526 dies
783 1495 826 1526 et
856 1494 1002 1527 noctes
1036 1485 1184 1526 timere
1213 1500 1238 1526 a
1269 1485 1381 1527 suis?
1412 1483 1494 1524 nisi
1516 1497 1616 1525 vero
1647 1492 1723 1522 aut

285 1540 521 1594 majoribus
560 1541 688 1582 habes
728 1542 946 1583 beneficiis
983 1541 1213 1598 obligatOS,
1245 1556 1372 1596 quam
1409 1540 1479 1582 ille
1511 1539 1720 1595 quosdam

285 1597 439 1639 habuit
470 1612 523 1638 ex
559 1598 624 1648 iis,
657 1614 682 1638 a
707 1599 863 1654 quibus
896 1611 960 1640 est
993 1599 1266 1641 interfectus:
1298 1608 1371 1639 aut
1404 1606 1450 1639 tu
1484 1612 1527 1639 es
1561 1596 1646 1638 ulla
1677 1609 1722 1636 re

286 1668 384 1695 cuin
427 1668 477 1694 eo
517 1656 842 1709 comparandus.
881 1656 962 1697 fuit
1003 1656 1042 1696 in
1085 1656 1156 1698 illo
1195 1655 1432 1711 ingenium,
1470 1653 1594 1705 ratio,
1630 1666 1721 1693 me-

285 1710 437 1760 moria,
473 1711 753 1763 lssliteiatura,
783 1713 1005 1768 cogitatio,
1044 1713 1295 1769 diligentia:
1329 1726 1393 1752 res
1433 1710 1543 1752 bello
1581 1723 1725 1767 gesse-

287 1776 368 1817 rat,
409 1768 603 1823 quamvis
653 1769 899 1824 reipublicae
952 1770 1234 1821 calamitosas,
1275 1779 1463 1810 attamen
1517 1781 1721 1824 magnas:

288 1824 447 1865 multos
469 1839 601 1865 annos
624 1839 800 1880 regnare
821 1827 1065 1878 meditatus,
1090 1841 1248 1883 magno
1271 1826 1429 1876 labore,
1453 1825 1619 1882 magnis
1650 1838 1725 1879 pc-

290 1881 450 1931 riculis,
472 1882 586 1936 quod
618 1883 845 1938 cogitarat,
875 1884 1098 1926 effecerat:
1131 1882 1392 1934 muneribus,
1418 1881 1724 1931 monumentis,

293 1939 540 1993 congiariiS,
572 1939 723 1994 epulis,
756 1940 1074 1982 multitudinem
1113 1940 1355 1996 imperitam
1394 1939 1594 1982 lenierat:
1627 1953 1726 1979 suos

294 1995 499 2050 praemiis,
543 1996 803 2038 adversarios
852 1997 1091 2039 clementia:
1133 1998 1275 2053 specie
1315 1997 1582 2038 devinxerat.
1623 1995 1728 2050 quid

263 2106 270 2109 „
295 2052 458 2097 multa?
488 2052 690 2093 attulerat
710 2053 804 2108 jam
837 2055 982 2096 liberae
1013 2055 1194 2105 civitati,
1216 2054 1372 2109 partim
1405 2062 1537 2104 metu,
1571 2053 1727 2109 partim

214 2087 284 2143 46
299 2108 519 2164 patientia,
541 2111 894 2152 consuetudinem
917 2112 1140 2153 serviendi.
1195 2111 1306 2152 Cum
1329 2110 1400 2151 illo
1421 2125 1503 2167 ego
1528 2119 1569 2151 te
1591 2109 1730 2152 domi·

211 2166 424 2209 11711andi
457 2165 694 2225 cupiditate
723 2168 917 2211 couscrre
948 2183 1136 2226 possum,
1158 2168 1310 2210 ceteris
1333 2181 1432 2210 vero
1464 2168 1588 2210 rebus
1611 2166 1727 2218 nullo

295 2319 417 2358 reperit
449 2319 623 2351 Ferrarius.
668 2322 891 2354 Grammatica
919 2325 989 2363 qui·
1033 2323 1119 2354 dine.

296 2360 370 2390 dum
386 2361 469 2390 ratio
485 2363 599 2392 licebat
615 2365 774 2403 postulat,
789 2368 863 2405 quia
884 2374 934 2397 est
956 2368 990 2397 in
1078 2369 1114 2397 18
1137 2375 1213 2396 cum
1238 2363 1440 2403 mentatione]
1467 2363 1544 2394 Ant.
1571 2362 1730 2403 Augusti-
1781 2355 1783 2386 ἷ

296 2402 488 2433 delinitione
504 2406 672 2443 temporis.
1034 2417 1094 2437 nus
1125 2408 1265 2437 correxit
1295 2405 1540 2443 nundinatione,
1571 2406 1609 2435 it.
1640 2406 1726 2437 Vict.
1780 2407 1784 2425 ¹·

344 2444 379 2473 16
413 2444 471 2483 Sp.
504 2445 631 2476 Cassius
665 2452 696 2478 et
724 2447 858 2488 BIelius]
899 2449 987 2480 Idem
1032 2450 1115 2490 Epp.
1131 2450 1173 2486 V,
1190 2453 1217 2481 Β.
1244 2449 1337 2485 bene,
1362 2453 1400 2479 ut
1425 2448 1575 2478 arbitror.
1597 2456 1673 2479 nam
1695 2453 1730 2480 et
1782 2451 1783 2469 ³

297 2494 487 2526 praenomen
501 2491 550 2516 est
565 2498 739 2519 commune
761 2491 906 2529 utrisque
922 2503 931 2528 ς
956 2492 989 2521 in
1032 2501 1130 2531 supra
1144 2494 1216 2521 eam
1230 2491 1436 2531 exprobravit
1450 2489 1608 2520 Antonio.
1646 2489 1726 2524 Mox

297 2536 502 2575 quo-semper
520 2529 633 2559 Cicero
656 2530 689 2560 id
711 2532 744 2562 in
767 2531 884 2571 plurali
909 2543 989 2572 prae-
1033 2543 1090 2573 pro
1104 2538 1240 2571 gustum
1254 2532 1325 2563 edd.
1343 2531 1620 2569 Faerni‚Mureti,
1633 2531 1727 2565 Man.

297 2573 392 2608 ponit
414 2570 532 2610 primo,
576 2571 621 2602 Et
643 2572 688 2602 sic
711 2573 763 2603 hic
785 2583 912 2613 tuoque
933 2575 990 2605 ha·
1033 2575 1150 2607 Lamb.
1166 2575 1274 2606 Graev.
1291 2585 1308 2605 e
1323 2573 1470 2605 Ms.Vat.
1485 2572 1600 2604 dedere
1611 2578 1731 2613 gusta-

301 2611 371 2641 buit
388 2611 496 2642 codex
514 2613 588 2645 Vat.
603 2624 620 2643 e
636 2623 698 2653 quo
711 2615 757 2649 sic
770 2584 895 2646 editum
911 2622 958 2647 est
974 2628 993 2647 a
1035 2622 1120 2651 tum.

300 2652 440 2687 Faerno,
468 2654 556 2685 Mur.
581 2655 673 2688 Man.
699 2657 757 2687 &c.
800 2657 908 2697 Vulgo
933 2659 991 2698 Sp.
1082 2662 1118 2693 19
1153 2658 1343 2697 literatura]
1383 2657 1447 2688 Ms.
1477 2657 1585 2688 Vatic.
1615 2656 1729 2694 litere,

305 2694 395 2741 Cass.
413 2695 468 2734 Sp.
485 2696 613 2728 Melius.
659 2698 739 2729 Mox
758 2699 822 2730 Ms.
838 2700 945 2732 Guelf.
961 2702 994 2732 1ιί
1035 2710 1137 2731 cura.-
1161 2700 1248 2740 quod
1270 2707 1343 2740 post
1371 2700 1452 2730 alios
1475 2699 1620 2731 Graevius
1645 2708 1733 2729 rece·
1780 2695 1782 2726 i

296 2746 458 2775 prunum,
475 2747 541 2768 non
557 2741 588 2769 Izi
599 2740 714 2778 primi.
1036 2743 1095 2782 pit.
1141 2742 1220 2773 Mox
1242 2742 1419 2772 seeundum
1437 2741 1577 2773 eundem
1597 2740 1732 2776 librum,
1778 2750 1782 2778 }

348 2781 382 2811 17
406 2780 577 2818 quodcum
590 2781 845 2822 ipsumsaotum.
862 2793 924 2822 per
944 2783 990 2823 se]
1035 2789 1082 2815 est
1109 2789 1183 2824 post
1210 2794 1352 2824 regnare
1378 2784 1492 2815 delevi.
1543 2782 1643 2819 Item,
1671 2791 1731 2823 Pro
1779 2803 1782 2819 i

302 2818 443 2851 Factum
472 2822 552 2853 mihi
585 2831 792 2864 suspectum:
822 2830 994 2865 potestque
1038 2827 1168 2865 magnis
1187 2828 1357 2868 periculis,
1380 2825 1513 2869 quidam
1536 2825 1659 2858 multis·
1682 2822 1730 2858 nil

303 2863 472 2894 commode
488 2864 596 2896 abesse
610 2876 627 2898 e
643 2867 806 2900 Ciceronis
821 2876 995 2900 consuetu·
1038 2869 1186 2903 interest.
