1785 3185
252 125 354 161 1³96
838 123 1085 162 ORATIO

250 225 435 267 ercitus?
467 223 567 267 Non
591 224 735 282 igitur,
766 227 879 282 quod
901 238 1094 284 ereptum
1114 243 1197 270 non
1221 236 1300 279 est,
1322 230 1362 259 ⁴5
1376 236 1440 270 est
1464 227 1506 270 id
1531 228 1681 270 existi·

251 282 456 323 mandum
487 282 648 324 datum.
679 284 939 340 eripuissetis
971 285 1022 326 C.
1046 284 1223 336 Caesari,
1254 293 1394 341 patres
1423 285 1682 341 conscripti,

256 339 498 394 imperium,
517 340 597 380 nisi
616 339 852 382 dedissetis,
876 341 1030 382 milites
1054 343 1254 393 veterani,
1274 341 1345 397 qui
1368 342 1477 384 illius
1494 343 1686 383 auctori-

128 403 407 453 p.235·tatem,
438 396 678 452 imperium,
709 411 863 450 nornen
896 400 1044 448 secuti,
1072 413 1149 454 pro
1178 399 1395 454 republica
1422 414 1541 440 arma
1562 413 1688 454 cepe-

216 453 247 474 a.
261 461 370 503 rant,
391 453 591 494 volebant
615 454 694 494 sibi
718 455 771 494 ab
796 454 864 495 illo
885 455 1080 510 imperari
1098 471 1106 495 ε
1132 455 1244 510 legio
1265 454 1439 506 Martia,
1458 466 1501 497 et
1520 465 1686 510 quarta,

259 510 300 540 46
315 509 373 549 ita
394 524 438 550 se
459 510 727 551 contulerant
749 511 799 551 ad
823 513 1121 552 auctoritatem
1139 521 1324 561 senatus,
1346 512 1577 567 populique
1596 511 1688 552 Ro-

257 566 373 607 mani
395 566 663 621 dignitatern,
684 571 723 600 47
742 577 787 607 ut
808 581 903 607 eum
927 568 1204 623 deposcerent
1229 570 1528 624 imperatorem
1547 578 1590 609 et
1608 568 1686 609 du-

258 636 367 663 cem.
412 623 571 665 Caesari
592 623 745 664 bellum
772 625 1014 674 necessitas,
1038 624 1170 666 fasces
1193 635 1363 665 senatus
1382 625 1516 666 dedit.
1546 625 1686 666 otioso

260 693 378 731 vero,
401 680 507 721 nihil
528 680 671 735 agenti
696 680 877 734 privato,
900 682 1076 722 obsecro
1101 691 1155 731 te,
1182 682 1228 723 L.
1252 681 1411 732 Caesar,
1438 687 1554 735 (cum
1579 682 1688 737 peri-

262 737 427 777 tissimo
450 736 623 777 homine
656 736 759 776 mihi
784 751 847 778 res
869 743 965 788 est‚)
987 739 1156 792 quando
1179 738 1402 793 imperium
1428 748 1596 779 senatus
1618 739 1691 779 de-

215 791 351 845 9dit?
383 793 465 834 Sed
488 793 539 834 de
560 793 643 834 hoc
665 794 835 848 quidem
861 794 1081 846 hactenus,
1103 809 1155 835 ne
1178 796 1378 850 refragari
1400 795 1561 836 homini
1583 795 1693 836 ami-

263 849 449 900 cissimo,
472 864 520 890 ac
542 850 594 890 de
616 864 683 890 me
713 852 875 906 optime
898 852 1064 902 merito,
1087 852 1244 892 videar.
1308 850 1396 892 Etsi
1428 852 1523 906 quis
1548 860 1689 907 potest

200 912 246 948 21
263 905 464 962 refragari
486 921 570 947 non
590 907 718 946 modo
739 922 822 948 non
844 909 1021 963 petenti,
1042 923 1184 949 verum
1203 909 1331 949 etiam
1351 909 1589 950 recusanti?
1610 907 1690 949 Illa.

265 977 378 1014 vero,
414 973 551 1018 patres
588 964 835 1020 conscripti,
872 965 1009 1006 aliena
1039 965 1259 1006 consulum
1291 966 1517 1020 dignitate,
1547 965 1690 1006 aliena

262 1029 501 1075 temporum
535 1021 746 1076 gravitate
781 1022 991 1063 sententia
1020 1031 1098 1071 est,
1132 1033 1179 1063 ut
1209 1024 1418 1072 consules,
1452 1021 1688 1064 Dolabellae

262 1077 541 1132 persequendi
573 1092 714 1127 causa,
756 1077 903 1119 Asiam
934 1089 977 1119 et
1009 1079 1176 1133 Syriam
1214 1079 1458 1120 sortiantur,
1521 1078 1694 1129 Dicam,

262 1147 337 1174 cur
370 1134 519 1174 inutile
556 1134 828 1189 reipublicae:
864 1135 934 1177 sed
968 1136 1099 1191 prius,
1130 1150 1257 1191 quam
1292 1146 1413 1191 turpe
1443 1136 1689 1177 consulibus

264 1190 333 1240 sit,
356 1190 511 1231 videte.
572 1191 682 1232 Cuin
706 1192 854 1232 consul
876 1193 1122 1248 designatus
1159 1192 1419 1243 obsideatur,
1433 1196 1473 1224 48
1489 1193 1529 1233 in
1552 1207 1688 1247 eoque

263 1246 484 1288 liberando
504 1247 612 1288 salus
635 1250 690 1288 sit
713 1249 851 1303 posita
872 1249 1145 1305 reipublicae:
1169 1264 1352 1304 cumque
1374 1265 1398 1290 a
1420 1249 1578 1305 populo
1605 1248 1693 1290 Ro-

262 1318 390 1344 mano
413 1304 601 1360 pestiferi
632 1306 760 1356 cives,
790 1307 1098 1361 parricidaeque
1128 1307 1411 1347 desciverint:
1444 1320 1626 1361 cumque
1648 1306 1691 1347 id

261 1360 418 1402 bellum
443 1376 652 1416 geramum,
675 1377 760 1416 quo
780 1363 890 1403 bello
911 1363 963 1403 de
981 1363 1206 1418 dignitate,
1228 1363 1280 1404 de
1302 1363 1509 1413 libertate,
1532 1363 1584 1403 de
1606 1362 1693 1403 vita

261 1417 562 1460 decernamus:
594 1429 650 1469 et,
674 1420 706 1459 si
731 1420 772 1459 in
797 1429 1051 1475 potestatem
1076 1421 1170 1474 quis
1190 1421 1366 1460 Antonii
1394 1421 1568 1471 venerit,
1597 1433 1692 1475 pro-

262 1475 405 1529 posita
428 1476 511 1515 sint
534 1484 747 1516 tormenta
767 1486 895 1531 atque
918 1477 1157 1518 cruciatus:
1181 1491 1363 1531 cumque
1385 1477 1533 1517 harum
1554 1490 1693 1517 rerum

266 1533 458 1573 omnium
479 1532 710 1573 decertatio
730 1534 974 1574 consulibus
989 1534 1163 1589 optimis
1177 1544 1219 1575 et
1231 1534 1473 1575 fortissimis
1493 1534 1694 1575 commis-

268 1603 314 1629 sa
341 1597 385 1630 et
413 1589 712 1631 commendata
742 1591 820 1631 sit:
852 1590 967 1631 Asiae
998 1601 1040 1631 et
1071 1591 1204 1646 Syriae
1238 1592 1398 1631 mentio
1430 1590 1518 1640 fiet,
1551 1601 1598 1630 ut
1619 1600 1694 1630 aut

269 1646 501 1702 suspicioni
524 1647 699 1694 crimen,
727 1657 799 1687 aut
822 1648 994 1688 invidiae
1020 1649 1237 1688 materiam
1259 1648 1423 1688 dedisse
1447 1648 1693 1689 videamur?

205 1705 256 1740 22
270 1701 329 1742 At
350 1717 450 1743 vero
474 1704 533 1744 ita
553 1703 801 1755 decernunt,
824 1712 868 1744 ut
890 1703 1060 1746 liberato
1092 1704 1220 1746 Bruto
1235 1721 1248 1746 .·
1280 1705 1318 1745 id
1343 1705 1454 1745 enim
1478 1705 1691 1746 restabat:

270 1768 317 1800 ut
339 1759 500 1810 relicto,
536 1761 717 1811 deserto,
749 1762 934 1817 prodito.
1000 1761 1090 1817 Ego
1115 1777 1212 1803 vero
1237 1762 1496 1802 mentionem
1518 1761 1695 1802 omnino

268 1817 583 1872 provinciarum
628 1817 784 1858 factam
825 1818 921 1859 dico
959 1818 1217 1860 alienissimo
1256 1828 1462 1874 tempore.
1502 1818 1697 1873 quamvis

267 1875 380 1914 enim
414 1875 600 1914 intentus
632 1874 796 1915 animus
829 1887 925 1916 tuus
954 1875 1022 1925 sit,
1052 1875 1103 1916 C.
1130 1876 1281 1926 Pansa,
1313 1876 1422 1916 sicut
1452 1884 1530 1925 est,
1560 1875 1611 1915 ad
1635 1875 1698 1914 vi-

268 1945 361 1971 rum
413 1930 691 1971 fortissimum
742 1942 784 1972 et
834 1933 1022 1973 omnium
1072 1933 1349 1973 clarissimum
1403 1932 1694 1974 liberandum:

270 1997 412 2028 tamen
449 1990 490 2022 49
503 2002 641 2029 rerum
681 1998 831 2029 natura
867 1990 985 2045 cogit
1023 1990 1085 2043 [te
1125 1989 1380 2043 necessario]
1416 1988 1569 2030 referre
1606 1988 1697 2029 ani-

311 2103 352 2131 45
368 2104 413 2130 est
429 2100 463 2130 id
476 2101 727 2132 e.2·1·„5tinm⁷1dmn
747 2101 875 2140 datum]
902 2102 966 2132 Alii
1010 2100 1086 2131 biis:
1117 2102 1290 2141 Imperium
1314 2101 1348 2131 C.
1378 2101 1496 2132 Coesari
1510 2103 1583 2132 belli
1597 2111 1702 2132 neces-

269 2146 308 2173 ut
334 2143 479 2172 Graevius
508 2154 525 2173 e
555 2144 631 2174 Vat.
659 2144 694 2173 id
715 2144 967 2173 aristimandum
1008 2145 1087 2173 sitas
1102 2145 1133 2174 d.
1157 2145 1259 2175 [mino
1273 2145 1390 2174 bellum
1401 2144 1510 2174 Ca‘sar
1522 2144 1701 2174 necessario

270 2189 315 2214 est
345 2185 471 2215 datum.
502 2185 582 2215 illud
611 2185 737 2216 melius.
767 2187 876 2224 itaque
902 2196 967 2215 ser-
1010 2187 1122 2223 gessit,
1148 2187 1320 2226 imperium
1344 2190 1474 2216 senatus
1496 2185 1595 2216 dedit.
1624 2196 1700 2216 nam

270 2227 351 2256 vavi.
395 2226 490 2263 Esse,
524 2227 610 2266 quod
640 2227 718 2257 oliui
747 2234 823 2257 ante
852 2229 965 2258 clatum
998 2229 1112 2269 fasces
1145 2234 1179 2258 et
1213 2229 1386 2268 imperium
1413 2237 1514 2258 unum
1551 2227 1699 2268 idemque

271 2275 354 2304 erat,
384 2269 488 2308 patiar
514 2269 609 2299 tolli:
641 2270 719 2300 ordo
745 2270 872 2308 quidem
900 2280 967 2299 ver·
1009 2274 1099 2301 sunt.

273 2309 388 2340 borum
423 2310 604 2349 elegantior
638 2317 672 2341 et
706 2312 866 2341 efficacior
901 2317 966 2342 est:
1052 2315 1092 2341 48
1109 2312 1143 2341 in
1156 2311 1262 2351 eoque]
1282 2311 1428 2341 Graevius
1437 2311 1554 2341 delevit
1565 2311 1617 2341 hic
1627 2321 1701 2350 que,

271 2352 403 2390 ejusque
432 2352 526 2392 plura
565 2352 712 2393 exempla
746 2354 880 2384 nieniini
917 2363 969 2384 me

274 2403 423 2433 reperire.

315 2436 356 2466 46
387 2436 437 2465 ila
462 2446 494 2465 se
521 2436 716 2475 contulerat]
746 2436 970 2468 Granunatica

274 2478 359 2507 ratio
383 2477 443 2507 hoc
465 2478 549 2507 sert:
579 2478 633 2508 sed
655 2479 730 2517 quia
744 2480 888 2516 sequitur
902 2486 968 2509 sta-

273 2521 335 2548 tim
352 2520 562 2559 deposcerent,
587 2521 717 2560 praetuli
732 2523 936 2552 contulerant
952 2533 969 2551 c

274 2561 349 2591 Vat.

316 2606 355 2637 47
371 2607 409 2633 ue
424 2612 496 2632 eum
512 2603 711 2642 deposcerent
726 2605 748 2634 i.
764 2608 794 2634 et
809 2604 856 2643 rt'.]
876 2602 967 2635 Eum

275 2654 342 2674 non
358 2649 407 2675 est
422 2646 454 2674 in
480 2645 542 2675 Gu.
564 2646 595 2674 in
618 2646 681 2675 fine
695 2646 863 2686 adscripsit
883 2647 967 2685 glos-

273 2691 364 2717 sator
377 2697 420 2717 sc.
435 2689 540 2717 illum.
565 2688 678 2726 ltaque
690 2688 795 2727 placet
808 2689 969 2728 scriptura

273 2728 351 2759 Vnt.
374 2733 412 2759 ut
427 2730 495 2769 dep.
520 2731 598 2769 imp.
622 2734 652 2759 ee
674 2731 786 2759 ducem
806 2730 837 2759 C.
867 2731 967 2761 (Joesa-

274 2780 363 2803 rem:
387 2771 546 2811 absorpsit
571 2781 689 2802 nornen
713 2773 781 2810 ejus
806 2774 968 2812 repetitio.

273 2812 338 2842 Sed
352 2812 491 2843 alterum
517 2823 582 2843 non
598 2813 704 2853 placet
724 2814 865 2853 ejusdem
881 2814 967 2851 libri,

274 2855 398 2893 pariter
419 2861 586 2897 receptum
608 2856 650 2887 ab
663 2857 730 2897 ejus
745 2856 818 2889 libri
833 2857 969 2888 fautori-

1012 2359 1049 2382 ut
1068 2354 1196 2384 volebat
1217 2354 1371 2389 Faernus,
1395 2353 1492 2383 silens
1512 2352 1550 2383 de
1573 2354 1700 2383 Codicis

1011 2395 1163 2426 lectione.
1207 2396 1269 2425 Sed
1285 2395 1367 2425 idem
1385 2395 1511 2425 volebat
1529 2400 1563 2425 et
1577 2401 1652 2434 post
1666 2396 1699 2426 in

1010 2447 1146 2476 cumque
1168 2437 1278 2468 deleri.
1301 2437 1412 2476 reliqui
1442 2437 1590 2477 copulas:
1622 2448 1701 2468 nam

1011 2481 1129 2515 sentio,
1147 2480 1335 2509 Ciceronem
1351 2479 1466 2519 copula
1480 2480 1598 2519 sa‘pius
1612 2489 1701 2519 repe-

1011 2521 1110 2551 tenda
1122 2531 1249 2551 movere
1259 2521 1396 2551 voluisse:
1407 2531 1536 2551 sensum
1551 2521 1701 2552 multitu·

1009 2563 1093 2592 dinis
1107 2573 1290 2595 causarum,
1306 2565 1396 2601 cujus
1411 2564 1536 2602 generis
1548 2569 1582 2593 et
1591 2564 1655 2594 alia
1669 2564 1702 2595 in

1009 2605 1068 2634 tali
1083 2610 1228 2644 tempore
1243 2605 1391 2644 exempla
1402 2611 1491 2642 sunt,
1506 2606 1654 2646 inprimis
1667 2606 1702 2636 in

1010 2646 1156 2677 formulis
1171 2647 1345 2677 seton-um.

1052 2692 1091 2722 49
1111 2698 1223 2718 rernm
1240 2693 1366 2718 natura
1383 2689 1468 2727 cogit
1488 2694 1519 2719 re
1533 2698 1648 2720 neces-r.
1671 2699 1702 2720 r.

1010 2730 1057 2770 cn]
1090 2730 1152 2760 Hic
1180 2740 1245 2760 non
1272 2740 1412 2769 agnosco
1439 2731 1604 2761 Ciceronis
1633 2741 1703 2762 ma-

1011 2782 1090 2802 num
1104 2784 1114 2804 2
1131 2782 1204 2811 quae
1220 2772 1293 2803 huic
1309 2773 1434 2809 formae,
1450 2783 1562 2804 rerum
1575 2779 1705 2804 ‘natum

1011 2815 1109 2854 cogit,
1146 2819 1278 2845 tanturn
1314 2815 1513 2845 infinitivum
1543 2815 1704 2855 adjungit,

1011 2862 1050 2889 ut
1066 2857 1096 2888 h.
1113 2857 1136 2889 l.
1151 2857 1275 2899 referre
1285 2857 1446 2889 animum.
1489 2857 1605 2898 ltaque
1619 2857 1707 2889 dele-
