1785 3185
260 144 362 181 1390

854 131 1098 171 ORATIO

257 245 311 285 ab
351 242 434 284 hoc
477 240 547 282 illa
590 238 824 281 Dolabellae
873 237 1078 279 scelerum
1123 243 1336 291 praecepta
1377 243 1476 276 sunt
1517 232 1690 278 tradita(

260 301 380 343 Num
403 299 620 348 leniorem,
639 311 764 351 quam
790 296 832 335 in
848 294 953 335 Asia
983 292 1207 334 Dolabella
1237 292 1334 342 fuit,
1358 292 1399 333 in
1424 292 1561 345 Italia,
1581 295 1611 334 si
1635 294 1686 334 li-

259 366 368 408 ceat,
392 355 482 397 fore
503 354 662 410 putatis
685 352 953 393 Antonium?
975 349 1079 390 mihi
1104 349 1275 403 quidem
1295 359 1337 389 et
1359 350 1426 390 ille
1447 351 1689 405 pervenisse

260 413 443 464 videtur,
465 411 601 468 quoad
636 409 833 466 progredi
866 407 1052 462 potuerit
1082 405 1157 445 feri
1180 405 1365 446 hominis
1396 407 1596 456 amentia,
1618 420 1691 447 ne·

262 485 346 526 que
379 469 593 511 Antonius
615 466 737 507 ullius
761 463 958 520 supplicii
992 462 1238 512 adhibendi,
1260 462 1292 501 si
1327 472 1580 517 potestatem
1615 462 1692 503 ha-

229 530 379 579 7beat,
414 531 445 558 11
464 525 590 566 [illam
622 532 785 579 partem
816 534 905 561 esse
936 519 1171 559 relicturus.

1243 518 1397 559 Ponite
1427 520 1557 575 igitur
1594 528 1693 560 ante

266 585 427 635 oculos,
465 592 603 638 patres
638 577 885 632 conscripti,
916 577 1111 616 miseram
1145 574 1256 615 illam
1293 576 1464 629 quidem
1497 586 1541 617 et
1570 575 1692 617 flebi-

265 642 346 682 lem
371 640 571 696 speciem,
594 637 665 676 sed
689 635 739 676 ad
757 633 996 674 incitandos
1018 633 1182 672 animos
1203 641 1362 672 vestros
1386 634 1690 673 necessariam:

264 708 520 739 nocturnum
557 695 761 748 impetum
786 691 829 730 in
860 690 1008 730 urbem
1038 688 1153 728 Asiae
1182 688 1472 738 clarissimam,
1495 690 1695 744 irruptio-

267 769 365 796 nem
395 762 652 794 armatorum
684 749 726 789 in
759 746 963 788 Trebonii
996 745 1187 795 domurn,
1208 759 1304 785 cum
1338 746 1464 786 miser
1491 746 1558 786 ille
1581 746 1695 800 prius

270 813 482 853 latronum
518 807 681 863 gladios
718 805 894 854 videret,
926 817 1069 857 quam,
1099 816 1195 856 quae
1230 816 1294 842 res
1326 812 1451 853 esset,
1480 802 1694 843 audisset:

138 889 172 920 p.
188 880 260 911 23⁶2.
274 868 452 909 furentis
488 865 712 905 introitum
753 859 1005 910 Dolabellae,
1039 873 1186 899 vocem
1225 858 1451 914 impuram,
1487 868 1614 914 atque
1649 873 1697 898 os

231 931 259 951 ³·
274 925 375 966 illud
424 922 595 971 infame,
630 918 814 969 vincula,
858 917 1046 966 verbera,
1080 915 1288 965 eculeum,
1325 915 1569 956 carnificem
1611 924 1699 955 tor-

273 994 494 1035 toremque
518 976 788 1018 Samiarium.
819 988 915 1029 quae
949 972 1094 1013 tulisse
1123 972 1241 1012 illum
1275 973 1441 1013 fortiter
1471 982 1513 1012 ct
1537 972 1700 1028 patien-

276 1051 339 1080 ter
371 1038 526 1078 ferunt.

589 1033 755 1088 Magna
783 1031 886 1081 laus,
924 1043 1104 1084 meoque
1129 1029 1296 1083 judicio
1331 1030 1521 1070 omnium
1561 1029 1700 1069 maxi-

271 1111 355 1137 ma.
394 1102 458 1134 est
489 1091 603 1132 enim
632 1088 850 1145 sapientiS,
884 1086 1091 1142 quidquid
1124 1086 1286 1126 homini
1323 1086 1513 1127 accidere
1550 1086 1699 1141 possit,

272 1153 313 1193 id
357 1147 643 1207 praemeditari
685 1145 906 1186 ferendum
950 1143 1118 1184 modice
1161 1157 1265 1192 esse,
1321 1144 1423 1196 ¹²[si
1473 1143 1697 1195 evenerit]⁸

273 1207 449 1263 majoris
479 1205 654 1247 omnino
684 1210 748 1243 est
769 1200 950 1251 consilii,
984 1200 1220 1255 providere,
1253 1214 1306 1240 ne
1338 1200 1440 1254 quid
1474 1200 1556 1241 tale
1588 1201 1702 1240 acci-

239 1267 373 1307 Sdat:
407 1264 478 1304 sed
501 1261 632 1303 animi
655 1275 738 1300 non
762 1257 954 1307 minoriS‚
979 1257 1147 1297 fortiter
1170 1256 1292 1307 ferre,
1315 1257 1347 1296 si
1373 1258 1576 1297 evenerit.

1635 1255 1702 1296 Ac

277 1319 503 1365 Dolabella
523 1318 696 1374 quidem
720 1326 806 1356 tam
829 1315 912 1356 fuit
933 1315 1156 1355 immemor
1188 1313 1481 1364 humanitatis,
1506 1316 1541 1344 13
1555 1327 1704 1368 quam-

276 1393 405 1435 quam
419 1378 511 1433 ejus
526 1389 757 1429 numquam
773 1372 984 1428 particeps
1009 1370 1106 1421 fuit,
1121 1380 1166 1411 ut
1180 1385 1297 1411 suam
1312 1370 1594 1411 insatiabilem
1609 1384 1706 1411 cru·

275 1436 493 1477 ‹lelitatem
511 1431 751 1473 exercuerit
764 1445 848 1470 non
863 1428 998 1469 solum
1023 1428 1063 1468 in
1080 1427 1192 1478 vim,
1215 1427 1285 1468 sed
1299 1428 1429 1468 etiam
1447 1428 1489 1468 in
1509 1438 1705 1469 mortuo:

285 1496 320 1524 14
332 1503 459 1548 atque
481 1491 523 1531 in
545 1490 638 1544 ejus
661 1501 838 1543 corpore
865 1485 1087 1527 lacerando
1111 1494 1238 1539 atque
1262 1484 1474 1535 vexando,
1495 1499 1592 1525 cum
1615 1485 1707 1525 ani-

233 1547 399 1596 4mum
422 1548 573 1589 satiare
593 1559 677 1586 non
700 1553 858 1601 posset,
880 1542 1026 1583 oculos
1050 1542 1213 1597 paverit
1232 1556 1343 1581 suos.

1405 1541 1445 1582 O
1467 1542 1604 1582 multo
1627 1542 1708 1582 mi-

282 1608 413 1648 serior
445 1603 682 1652 Dolabella,
703 1615 831 1656 quam
862 1599 943 1650 ille,
966 1613 1091 1653 quem
1122 1607 1167 1638 tu
1199 1598 1481 1639 miserrimum
1512 1613 1603 1640 esse
1634 1613 1708 1640 vo-

282 1664 422 1705 luisti!
458 1661 639 1703 Dolores
660 1658 899 1700 Trebonius
923 1656 1096 1712 pertulit
1120 1669 1322 1711 magnos:
1357 1655 1496 1706 multi,
1518 1670 1571 1696 ex
1593 1669 1707 1697 mor-

285 1722 328 1762 bi
352 1719 562 1776 gravitate
592 1715 799 1771 majores:
836 1728 942 1769 quos
974 1722 1115 1753 tamen
1147 1727 1233 1753 non
1264 1712 1455 1762 miseros,
1486 1712 1559 1754 sed
1590 1712 1709 1754 labo-

281 1778 417 1819 riosos
438 1776 579 1816 dicere
610 1774 806 1814 solemus.

870 1770 1042 1825 Longus
1075 1769 1156 1809 fuit
1185 1768 1305 1811 dolor
1336 1769 1481 1810 bidui:
1517 1779 1562 1810 at
1591 1784 1710 1810 com-

284 1834 491 1891 pluribUS,
513 1844 720 1872 annorum
754 1841 868 1883 saepe
889 1828 1135 1868 multorum.
1167 1841 1244 1866 nec
1268 1840 1366 1866 vero
1389 1827 1587 1881 graviora
1612 1836 1711 1868 sunt

286 1890 534 1933 carnificum
568 1895 793 1935 tormenta,
814 1899 941 1940 quam
974 1884 1185 1924 interdum
1217 1883 1510 1924 cruciamenta
1539 1884 1711 1924 morbo-

254 1960 397 1992 9rum.
456 1945 554 1986 Alia
584 1953 698 1994 sunt,
729 1942 825 1991 alia,
856 1941 1044 1995 inquam,
1074 1955 1100 1980 0
1132 1939 1406 1996 perditissimi
1436 1940 1631 1982 homines
1668 1950 1713 1981 et

287 2002 582 2052 amentissimi,
604 2001 739 2041 multo
769 1998 1001 2039 miseriora.
1032 2012 1146 2047 nam,
1167 2011 1252 2051 quo
1283 1996 1420 2051 major
1443 1998 1506 2038 vis
1537 2007 1602 2038 est
1622 1998 1714 2038 ani-

286 2063 361 2112 mi,
383 2074 512 2116 quam
534 2056 741 2113 corporis,
762 2055 845 2096 hoc
867 2065 966 2095 sunt
989 2055 1185 2109 graviora
1206 2067 1268 2104 ea,
1291 2068 1386 2108 quae
1411 2054 1714 2110 concipiuntur

287 2119 447 2169 animo,
466 2130 594 2172 quam
617 2114 700 2165 illa,
722 2127 818 2169 quae
841 2126 1033 2168 corpore.

336 2246 367 2272 Η
392 2242 497 2272 ullam
510 2243 638 2279 partem
653 2241 697 2268 est
711 2235 900 2274 reficturus]
918 2235 981 2265 Gn.

289 2286 396 2315 ullam
417 2287 462 2313 est
473 2287 605 2322 partem
625 2281 687 2309 rel.
711 2278 837 2308 melius.
860 2277 915 2307 sed
937 2282 982 2307 esc

293 2327 445 2356 vitiosum
461 2334 529 2354 esse
554 2322 700 2352 indicant
716 2321 784 2357 illa,
799 2320 826 2349 si
843 2324 981 2359 potesta-

291 2374 358 2399 tem
374 2368 501 2397 Ιιαὺναε.
525 2364 640 2395 melius
654 2363 730 2394 Vat.
753 2372 817 2392 esse
831 2374 839 2390 :
864 2361 982 2401 pendet

294 2411 383 2441 enim
399 2419 418 2439 a
438 2409 567 2438 videtur
580 2405 796 2435 constructio.
842 2403 936 2433 Forte
953 2411 987 2434 et

294 2457 341 2483 est
357 2456 390 2481 ct
403 2460 470 2481 esse
484 2454 534 2480 est
551 2459 570 2478 a
586 2447 775 2485 glossatore.

342 2497 376 2523 12
402 2494 429 2522 si
444 2490 597 2529 evenerit]
627 2489 680 2518 Sic
703 2488 778 2517 Vat.
805 2498 879 2518 cum
903 2487 987 2523 aliis,

297 2536 343 2566 sic
366 2535 465 2565 etiam
482 2532 590 2563 Guelf.
617 2530 660 2561 1-1.
695 2530 792 2568 Vurg.
809 2531 987 2565 advenerit,

295 2577 381 2617 quod
395 2581 428 2606 et
455 2576 614 2606 Gruterus
637 2572 785 2603 servavit.
831 2573 985 2603 Ceterum

297 2619 378 2650 mihi
393 2623 501 2648 totum
517 2616 608 2647 valde
622 2619 808 2654 suspectum
823 2618 885 2649 est,
901 2613 986 2643 vide-

296 2669 416 2700 turque
430 2670 469 2690 ex
490 2669 574 2698 seqq.
588 2657 651 2687 huc
673 2660 828 2686 tractum.
875 2655 987 2685 Enim-

298 2714 373 2733 vero
386 2700 613 2733 antecedentia
628 2698 724 2737 hujus
737 2698 837 2737 partis
850 2696 910 2726 hoc
922 2705 988 2726 non

299 2745 501 2776 desiderant:
529 2748 563 2773 at
586 2743 621 2771 in
645 2741 749 2771 altero
773 2739 988 2768 necessarium

299 2794 369 2817 erat
384 2796 441 2826 per
455 2783 668 2825 oppositionis
683 2782 800 2822 legem.
825 2781 925 2810 Uncis
941 2781 990 2810 in-

298 2830 391 2859 clusi.
437 2827 515 2858 Mox
528 2826 655 2857 omnino
668 2834 733 2856 non
749 2823 846 2853 habet
859 2832 990 2852 sensum

301 2870 475 2902 latinitatis
488 2870 634 2909 antiqua}
647 2879 652 2898 :
676 2872 791 2907 estque
802 2869 990 2905 suspectum

1094 2111 1296 2151 Miserior
1319 2112 1465 2166 igitur,
1486 2112 1559 2167 qui
1581 2112 1713 2153 susci-

1006 2250 1009 2252 ·
1024 2234 1158 2274 pariter.

1071 2280 1105 2307 13
1126 2276 1482 2318 quamquam—faerit]
1520 2278 1596 2309 Sine
1618 2277 1717 2309 dubio

1024 2318 1196 2358 legendum
1212 2319 1299 2357 ficit.
1328 2328 1402 2349 nam
1427 2319 1511 2349 nihil
1533 2319 1586 2350 hic
1609 2325 1659 2351 est
1681 2322 1715 2352 in

1024 2366 1193 2398 contextu,
1207 2361 1292 2400 quod
1315 2362 1557 2400 conjunctivum
1574 2364 1719 2401 postulet

1029 2403 1081 2441 qui
1105 2413 1162 2439 per
1182 2414 1215 2433 se
1237 2412 1311 2433 cum
1333 2412 1532 2441 quamquam
1548 2409 1598 2434 est
1620 2405 1655 2435 in
1671 2406 1718 2436 vi·

1030 2445 1090 2474 tio.
1135 2445 1187 2475 Sic
1202 2445 1300 2475 habet
1316 2444 1360 2474 H.
1374 2445 1484 2483 itaque
1498 2447 1614 2485 recepi.

1078 2489 1114 2516 {4
1135 2488 1222 2517 acin
1236 2485 1305 2525 ejus
1319 2496 1345 2516 c.
1368 2486 1404 2525 L]
1441 2496 1481 2516 ac
1494 2492 1544 2517 cst
1568 2498 1585 2518 e
1609 2490 1719 2529 conje-

1031 2532 1126 2558 ctura
1148 2528 1296 2564 Ferrarii,
1319 2538 1377 2567 pro
1400 2532 1448 2564 ae,
1466 2529 1553 2568 quod
1574 2530 1656 2561 Mss.
1682 2536 1718 2563 et

1027 2570 1100 2600 edd.
1129 2581 1176 2609 pr.
1206 2570 1340 2600 habent.
1383 2570 1445 2600 Sed
1469 2577 1592 2602 veteres
1614 2582 1656 2602 ac
1669 2582 1719 2603 se·

1029 2618 1148 2651 quente
1172 2612 1273 2642 vocali
1298 2621 1363 2642 non
1388 2613 1506 2649 dicere,
1524 2613 1619 2644 hodie
1640 2624 1720 2644 con-

1030 2660 1096 2684 stat
1111 2654 1196 2684 inter
1209 2663 1333 2684 omnes.
1351 2654 1494 2684 FaErnus
1508 2666 1525 2685 e
1542 2655 1617 2686 Vat.
1631 2656 1721 2687 dedit

1031 2701 1139 2735 atque,
1154 2695 1238 2735 quod
1253 2702 1285 2725 et
1303 2696 1450 2726 Graevius
1465 2702 1595 2727 secutus
1609 2704 1670 2728 est.
1687 2698 1719 2730 id

1031 2745 1065 2769 ct
1081 2747 1138 2767 nos
1151 2738 1298 2768 svcimus.
1321 2738 1375 2767 sed
1392 2745 1546 2777 putamus
1559 2750 1578 2770 a
1592 2741 1722 2771 Cicero.

1033 2790 1073 2810 nn
1088 2789 1154 2810 esse
1170 2784 1212 2816 et,
1229 2780 1303 2809 indo
1315 2784 1351 2809 at
1364 2780 1502 2810 factum.
1513 2785 1611 2822 atque
1624 2782 1721 2813 nimis

1032 2822 1289 2854 vicinumhabet
1304 2821 1393 2852 aliud
1407 2827 1514 2863 atque.
