1785 3185
460 112 802 151 PHILIPPICA
828 108 1068 150 QUINTA.
1396 109 1494 145 1325

75 223 316 272 peratorum
363 218 399 246 ¹0
413 216 550 272 primo
590 228 761 270 quoque
801 223 992 269 tempore
1033 211 1271 253 referretur.
1332 209 1494 261 Placet,

71 271 218 312 eodem
250 281 441 328 tempore
471 273 648 328 praeniia
677 270 937 311 constituere
974 270 1040 318 iis,
1070 268 1144 323 qui
1175 277 1325 308 contra
1353 267 1493 307 Anto-

66 328 185 368 nium
210 331 243 358 ¹¹
259 342 376 369 arma
404 329 608 384 ceperint,
631 336 674 368 et
696 327 858 383 legatos
880 326 931 367 ad
950 325 1189 366 Antonium
1214 325 1410 364 mittere?
1441 333 1491 364 ut

59 384 153 439 jam
178 384 420 440 pudendum
441 387 509 436 sit,
533 385 777 426 honestiora
793 384 964 424 decreta
984 396 1074 423 esse
1095 381 1329 436 legionum,
1359 394 1488 434 quam

67 444 260 482 senatus:
295 441 501 496 siquidem
536 442 726 499 legiones
747 441 1025 482 decreverunt
1045 447 1236 479 senatum
1261 435 1488 477 defendere

61 510 212 554 con-tra
240 497 504 540 Antonium:
537 508 705 540 senatus
735 497 926 539 decernit
955 497 1118 552 legat'os
1149 495 1200 535 ad
1231 493 1487 533 Antonium.

65 554 220 596 Utrum
241 554 324 596 hoc
346 565 410 597 est
430 556 681 597 confirmare
700 555 882 596 militum
896 554 1076 605 animos,
1097 566 1150 592 an
1169 549 1391 591 debilitare
1405 548 1488 588 vir-

63 614 226 653 tutem?
275 611 374 653 Hoc
405 613 494 654 dies
524 613 749 654 duodecim
783 611 1068 668 profecerunt,
1089 618 1151 659 ut,
1186 622 1313 663 quem
1347 612 1522 656 nemo,5

62 677 217 723 praeter
241 668 456 726 Cotylam,
479 680 570 711 tum
593 671 788 714 inventus
813 670 881 719 sit,
902 669 974 723 qui
997 665 1256 715 defenderet,
1275 664 1310 704 is
1331 663 1490 703 habeat

55 725 149 780 jam
185 734 384 781 patronos
419 727 547 768 etiam
571 726 826 768 consulares.
848 726 921 781 qui
941 723 1104 764 utinam
1124 736 1271 763 omnes
1299 730 1398 761 ante
1420 734 1489 760 me

63 784 316 824 sententiam
359 785 634 840 rogarentur!
677 787 956 838 (quamquam
989 780 1196 836 suspicor,
1236 781 1272 810 1²2
1289 777 1392 833 quid
1423 776 1488 817 di·-

62 841 170 880 cturi
204 840 288 880 sint
310 841 482 895 quidam
504 854 665 889 eorum,
688 840 759 895 qui
785 848 879 894 post
898 853 966 879 me
997 837 1296 893 rogabuntur)
1320 833 1486 875 facilius

61 905 211 937 contra
226 897 471 947 dicerem,si
495 897 594 953 quid
621 897 847 937 videretur.
880 896 957 936 Est
978 896 1090 936 enim
1114 893 1276 949 opinio,
1293 892 1486 933 decretu-

58 967 152 994 rum
170 954 353 1008 aliquem
368 954 434 996 M.
453 954 643 995 Antonio
661 953 773 994 illam
789 953 981 994 ultimam
1000 951 1200 1001 Galliam,
1213 964 1340 1005 quam
1358 948 1484 988 Plan-

61 1024 135 1050 cus
169 1011 349 1052 obtinet.
410 1012 527 1058 Quid
559 1020 624 1052 est
644 1011 773 1062 aliud,
797 1011 941 1051 onmia
962 1009 1014 1050 ad
1038 1008 1191 1049 bellum
1214 1006 1339 1048 civile
1367 1005 1481 1046 hosti

59 1081 176 1109 arma
198 1067 369 1123 largiri?
388 1063 584 1125 'primum
604 1083 754 1109 nervos
779 1068 892 1117 belli,
911 1066 1133 1122 pecuniam
1152 1064 1378 1114 infinitam,
1398 1077 1482 1117 qua
1495 1081 1525 1111 b.

59 1137 172 1165 nunc
189 1135 310 1179 eget:
341 1125 493 1167 deinde
514 1126 770 1181 equitatum,
792 1133 1000 1180 quantum
1024 1122 1137 1163 velit.
1159 1122 1396 1176 equitatum
1419 1120 1484 1160 di-

58 1183 138 1223 eo?
169 1182 399 1233 dubitabit,
420 1183 562 1232 credo,
586 1192 732 1239 gentes
745 1183 944 1223 barbaras
966 1194 1109 1221 secum
1128 1179 1351 1219 adducere.
1384 1176 1486 1217 Hoc

57 1238 129 1292 qui
152 1253 235 1279 non
259 1239 389 1294 vide-t,
426 1243 461 1271 13
476 1255 627 1281 excors
657 1248 744 1280 est:
778 1238 866 1294 qui,
897 1253 995 1279 cum
1027 1237 1157 1287 videt,
1176 1235 1383 1284 decernit,
1405 1234 1485 1274 im-

57 1295 169 1350 pius.
213 1295 276 1336 Tu
299 1297 436 1341 civem
455 1298 704 1338 sceleratum
735 1304 779 1337 et
796 1296 1026 1352 perditum,
1058 1293 1279 1335 Gallorum
1311 1301 1354 1332 et
1377 1291 1520 1332 Ger-6

56 1366 281 1394 manorum
322 1355 527 1404 exercitu,
552 1354 745 1410 pecunia,
767 1353 975 1409 peditatu,
1002 1351 1211 1406 equitatu,
1232 1349 1377 1404 ,copiis
1420 1348 1486 1388 in-

57 1412 221 1451 strues?
253 1410 394 1452 Nullae
417 1412 511 1453 istae
535 1411 835 1453 excusationes
857 1419 981 1451 sunt:
1014 1423 1131 1449 meus
1150 1407 1311 1447 amicus
1333 1413 1411 1446 est.
1431 1406 1488 1445 sit

58 1467 208 1521 patriae
241 1468 370 1522 prius.
403 1483 521 1510 meus
543 1477 769 1524 cognatus.
801 1482 854 1507 an
890 1477 1031 1523 potest
1054 1464 1258 1520 cognatio
1283 1463 1366 1504 ulla
1386 1477 1486 1518 pro-

58 1523 153 1578 pior
185 1539 290 1575 esse,
312 1540 440 1580 quam
464 1527 627 1581 patriae,
650 1526 691 1566 in
709 1540 793 1581 qua
810 1525 939 1566 etiam
961 1534 1156 1580 parentes
1182 1521 1485 1562 continentur?

55 1580 162 1621 mihi
187 1583 412 1635 pecuniam
440 1583 651 1624 attribuit.
674 1583 802 1638 cupio
838 1582 993 1632 videre,
1014 1581 1087 1636 qui
1121 1579 1162 1620 id
1185 1579 1339 1619 audeat
1368 1577 1483 1618 dice-

54 1650 113 1677 re.
175 1638 291 1684 Quid
313 1649 455 1680 autem
477 1649 642 1696 agatur,
662 1655 758 1680 cum
780 1653 999 1695 aperuero,
1022 1636 1148 1678 facile
1177 1636 1258 1676 erit
1280 1644 1483 1684 statuere,

55 1708 183 1748 quam
207 1696 461 1738 sententiam
482 1697 649 1747 dicatis,
672 1705 746 1738 aut
765 1710 894 1751 quam
917 1693 1169 1751 sequamini.

115 1754 153 1782 14
164 1751 338 1808 Agitur,
361 1762 503 1795 utrum
526 1753 593 1794 M.
616 1754 809 1795 Antonio
838 1753 1018 1794 facultas
1051 1752 1175 1793 detur
1198 1745 1524 1805 opprimendass

54 1809 318 1864 reipublicae,
359 1811 488 1852 caedis
530 1810 737 1852 faciendae
781 1811 1007 1860 bonorum,
1047 1807 1299 1864 diripiendae
1347 1805 1480 1856 urbis,

57 1867 94 1895 ¹5
110 1880 311 1921 agrorum
342 1868 426 1908 suis
457 1868 694 1909 latronibus
724 1867 1012 1918 condonandi,
1037 1861 1480 1922 ¹6populumRoma-

53 1935 157 1963 num
189 1923 390 1964 servitute
411 1925 706 1981 opprimendi:
739 1940 791 1966 an
812 1925 967 1966 horum
989 1923 1095 1964 nihil
1117 1922 1255 1963 facere
1276 1919 1315 1960 ei
1336 1919 1477 1960 liceat.

55 1977 280 2030 Dubitate,
309 1981 595 2038 quid-agatis.
652 1982 712 2023 At
734 1997 822 2023 non
851 1982 1010 2023 cadunt
1031 1980 1125 2020 haec
1158 1979 1201 2018 in
1223 1977 1513 2021 Antoniu111.7

54 2034 157 2078 Hoc
178 2051 231 2078 ne
259 2037 416 2093 Cotyla
445 2039 617 2093 quidem
637 2040 778 2081 dicere
808 2039 996 2080 auderet.
1027 2036 1129 2092 quid
1159 2035 1274 2076 enim
1306 2034 1348 2074 in
1380 2047 1481 2074 eum

54 2106 140 2134 non
162 2094 305 2136 eadit?
341 2095 429 2150 qui,
452 2096 575 2151 cujus
596 2106 692 2138 acta
714 2111 757 2137 se
777 2096 1004 2137 defendere
1025 2094 1144 2142 dicit,
1170 2095 1205 2126 ¹7
1219 2091 1311 2146 ejus
1332 2105 1401 2131 eas
1423 2089 1483 2130 le-

54 2163 130 2206 ges
151 2154 372 2208 pervertit,
394 2168 498 2208 quas
531 2153 909 2196 maxime'laudare
930 2161 1188 2208 poteramus.
1252 2151 1286 2179 18
1302 2147 1378 2188 Ille
1407 2162 1481 2203 pa-

98 2299 135 2328 10
150 2298 260 2338 primo
286 2309 316 2339 q.
339 2299 379 2339 t.]
410 2300 489 2331 Mss.
514 2299 608 2331 Leid.
634 2299 745 2341 Huyd.
789 2309 825 2330 ra
840 2303 873 2330 et
888 2299 1022 2337 antiqua
1037 2297 1147 2333 lectio,
1162 2305 1258 2336 quam
1273 2294 1426 2325 nonnulli
1441 2294 1479 2325 li-

48 2347 128 2379 Ρ·9·
145 2341 207 2371 die·
788 2341 884 2372 brarii
919 2344 1093 2371 mutarunt
1121 2339 1154 2368 in
1184 2338 1480 2374 commansionem,

99 2383 131 2411 ll
156 2391 254 2413 arma
267 2384 423 2425 ceperint]
449 2385 502 2415 Sic
516 2395 534 2416 e
553 2384 744 2415 Vat.Fae1-
787 2383 963 2414 insolentia
981 2382 1077 2422 hujus
1102 2381 1217 2412 sormae
1237 2380 1375 2419 decepti.
1418 2380 1482 2409 Sed

53 2431 114 2453 nus
130 2424 187 2454 &a
202 2425 247 2455 sic
259 2425 322 2456 Gu.
337 2425 374 2456 L.
388 2427 469 2458 bene
482 2437 539 2467 pro
553 2427 640 2466 vulg.
656 2435 742 2465 cepe·
785 2427 852 2465 ejus
866 2424 1016 2465 exempla
1030 2429 1107 2454 suut
1123 2428 1157 2454 et
1171 2423 1235 2452 alia
1246 2432 1343 2462 supra
1356 2423 1392 2451 in
1404 2421 1479 2452 Vat.

55 2470 145 2495 rurae.
190 2467 270 2497 Mox
298 2477 372 2498 oum
405 2469 518 2500 iisdem
544 2469 594 2500 M.
622 2469 740 2499 delevi:
785 2478 837 2508 ap.
849 2468 979 2498 Livium
992 2466 1087 2500 vul,
1106 2469 1152 2496 13.
1167 2465 1223 2494 ubi
1239 2465 1300 2494 vid.
1317 2464 1481 2503 Interpre-

54 2507 140 2547 vulg.
157 2509 428 2542 contra-MAnt.
560 2543 562 2545 ,
785 2517 845 2540 tes.
891 2511 1046 2541 Ceterum
1072 2507 1144 2538 edd.
1178 2517 1226 2547 pr.
1251 2506 1374 2537 habent
1405 2507 1478 2535 hic:

98 2551 136 2581 12
157 2552 236 2591 quid
260 2552 381 2583 dictura·
407 2553 488 2592 sint]
525 2552 742 2593 Vulgo‘male
785 2553 878 2582 coedis
900 2551 1073 2591 sisciendoe,
1105 2551 1254 2580 honorum
1285 2549 1478 2585 diripiendo-

55 2596 142 2622 ΜΝ·
442 2596 444 2599 ’
787 2605 877 2630 rum,
902 2590 1003 2628 urbis,
1025 2602 1183 2631 agrorum
1207 2592 1273 2621 suis
1300 2591 1478 2620 lutra-'cibus

101 2636 136 2664 13
159 2644 269 2665 excors
289 2635 350 2674 est]
376 2636 440 2667 Est
462 2637 544 2668 bene
558 2648 576 2668 e
598 2637 663 2668 Ms.
679 2642 744 2668 vet.
789 2637 999 2666 condonandi.
1464 2660 1467 2661 ⁷

59 2674 181 2706 addidit
197 2677 304 2708 Graev.
322 2679 367 2707 sic
381 2686 414 2708 et
432 2679 521 2709 Leid.
836 2680 872 2708 16
889 2679 1047 2718 populum
1075 2674 1186 2714 Rom]
1227 2674 1308 2705 Mss-
1339 2674 1402 2702 Cu.
1435 2673 1478 2703 H.

100 2720 137 2748 14
171 2719 308 2757 Agitur,
329 2721 458 2760 ulrum]
487 2722 666 2763 Abi-aptius
694 2725 744 2752 est
787 2721 1042 2759 rempuMicann
1067 2718 1199 2756 edd.pr.
1216 2717 1255 2747 R.
1274 2717 1308 2745 P.

53 2759 178 2806 agitur,
189 2760 268 2792 alias
283 2763 340 2792 lwc
353 2762 482 2794 additur
493 2764 526 2793 in
540 2764 600 2795 hac
613 2769 744 2795 senten·
833 2766 867 2796 17
891 2762 962 2804 ejus
991 2772 1045 2792 eas
1072 2759 1170 2798 leges]
1209 2759 1272 2789 Gu.
1301 2757 1338 2787 L.
1367 2756 1478 2788 delent

55 2806 113 2831 tla-
787 2814 851 2835 eas.
867 2814 933 2834 non
949 2804 1041 2834 bene.

98 2845 135 2874 15
158 2846 572 2888 agrorum—condonandi]
599 2847 679 2878 Haec
691 2858 744 2877 ve-
832 2849 869 2878 18
903 2847 966 2878 Ille
1002 2844 1141 2887 paludes
1183 2841 1317 2881 siccare]
1373 2844 1481 2874 Caesar

117 2899 226 2927 von.
252 2901 305 2928 11.
330 2901 370 2928 P.
398 2902 450 2929 11.
724 2896 750 2931 4
774 2901 801 2928 R
