1769 3174
587 113 653 150 IN
686 111 1008 151 VATINIUM.
1434 118 1532 154 102⁹

86 215 351 258 consularem
387 216 691 258 auctoritatem
722 216 942 257 hominem
965 230 1056 256 esse
1087 216 1401 259 adolescentem
1426 233 1530 260 con-

85 283 296 314 secutum.
330 274 479 329 reliqui
503 288 577 315 sex
611 274 808 315 fuerunt!
842 287 895 313 ex
930 273 1086 327 quibus
1121 275 1277 328 partim
1310 275 1433 330 plane
1468 286 1530 316 te-

88 343 184 369 cum
209 331 465 382 sentiebant,
489 331 644 386 partim
667 330 857 371 medium
876 330 1090 384 quendam
1109 344 1281 370 cursum
1302 334 1528 385 tenebant3

86 400 235 427 omnes
269 388 510 429 habuerunt
543 388 656 443 leges
695 387 1012 442 promulgatas:
1047 388 1090 427 in
1126 387 1189 427 his
1223 388 1378 428 multas
1410 404 1528 429 meus

46 443 48 446 ’
87 446 364 495 necessarius,
395 446 526 486 etiam
556 446 608 486 de
640 459 736 485 mea
768 445 994 493 sententia,
1019 443 1070 485 C.
1106 443 1361 495 Cosconius,
1388 446 1528 500 judex

88 510 256 543 noster:
288 516 431 556 quem,
454 512 499 543 tu
522 502 814 557 disrumperis,
836 516 934 542 cum
967 501 1199 542 aedilicium
1223 502 1356 542 vides.
1418 502 1527 543 Volo
1544 507 1591 545 17

89 557 150 597 uti
181 558 286 599 mihi
319 560 588 614 respondeas,
612 573 713 600 num
733 559 828 613 quis
851 573 903 599 ex
930 568 1022 599 toto
1045 558 1228 614 collegio
1250 561 1286 589 3¹
1305 559 1441 614 legem
1474 560 1526 599 sit

89 630 215 656 ausus
248 614 371 666 ferre,
395 626 550 672 praeter
582 631 713 657 unum
737 618 804 657 te?
835 630 931 670 quae
956 624 1077 656 tanta
1098 615 1138 656 in
1165 625 1207 656 te
1229 615 1311 656 fuit
1334 616 1527 667 audacia,
1542 623 1570 654 b.

87 686 184 726 quae
208 681 328 714 tanta
350 673 428 723 vis,
450 676 490 704 32
504 682 565 724 ut,
588 688 686 714 eum
709 686 863 713 novem
889 673 947 713 tui
972 673 1150 728 collegae
1183 673 1262 714 sibi
1290 673 1530 714 timendum

86 743 177 769 esse
207 730 424 781 duxerint,
449 730 490 770 id
518 745 627 770 unus
660 739 721 780 tu,
743 744 930 770 emersus
962 745 984 771 e
1009 745 1154 780 coeno,
1176 731 1371 771 omnium
1405 730 1530 771 facile

89 787 290 828 omnibus
313 788 438 828 rcbus
461 787 650 837 infimus,
672 787 1052 838 contemnendum,
1074 788 1413 842 despiciendum,
1437 788 1530 827 irri-

88 843 276 886 dendum
309 847 509 900 putares?
540 859 643 885 num
680 858 807 899 quem
842 854 939 900 post
976 845 1125 885 urbem
1164 845 1384 885 conditam
1421 846 1530 885 scias

88 901 309 942 tribunum
334 901 468 957 plebis
491 902 630 957 egisse
652 916 750 942 Cum
783 900 921 957 plebe,
945 916 1043 943 cum
1066 911 1283 943 constaret
1314 913 1529 943 servatum

87 972 179 998 esse
200 960 253 1000 de
282 959 417 1000 caelo?
450 958 586 999 Simul
617 960 747 999 etiam
778 959 881 999 illud
916 958 1011 999 volo
1034 959 1097 1000 uti
1122 959 1393 1015 respondeam,
1415 975 1528 1010 cum,
1545 973 1592 1005 18

90 1024 132 1055 te
156 1016 329 1057 tribuno
354 1015 504 1071 plebis,
529 1026 640 1056 esset
662 1017 790 1056 etiam
818 1025 909 1056 tum
942 1016 985 1056 in
1017 1017 1238 1072 republica
1259 1017 1328 1057 lex
1353 1017 1468 1057 AElia
1489 1027 1533 1058 et

92 1071 238 1115 Fufia:
271 1088 366 1129 quac
397 1073 511 1129 leges
544 1087 839 1129 saepenumero
862 1073 1117 1114 tribunicios
1149 1073 1312 1114 furores
1334 1075 1533 1116 debilita-

88 1138 189 1170 runt
220 1140 264 1171 et
294 1140 611 1186 represserunt3
644 1145 748 1185 quas
784 1140 948 1181 contra,
983 1142 1139 1186 praeter
1177 1141 1232 1182 te,
1272 1146 1399 1172 nemo
1440 1146 1533 1173 um-

89 1201 217 1241 quam
248 1197 313 1228 est
344 1188 483 1229 facere
513 1197 719 1239 conatus3
750 1192 866 1243 (quae
889 1187 1063 1243 quidem
1085 1191 1124 1220 33
1139 1188 1252 1245 leges
1285 1204 1397 1230 anno
1420 1198 1532 1245 post,

53 1276 56 1279 ⁴
90 1244 337 1287 sedentibus
362 1246 403 1285 in
428 1244 588 1301 templo
611 1245 778 1285 duobus
801 1259 888 1285 non
911 1245 1174 1295 consulibus,
1197 1246 1268 1286 sed
1302 1247 1533 1302 proditori-

90 1301 168 1342 bus
193 1302 320 1358 hujus
342 1302 531 1343 civitatis
555 1317 604 1343 ae
623 1302 845 1357 pestibus,
867 1316 953 1343 una
974 1317 1072 1343 cum
1096 1304 1315 1358 auspiciis,
1338 1319 1435 1345 cum
1469 1305 1535 1345 in-

89 1360 436 1409 tercessionibuS,
472 1374 569 1400 cum
612 1359 729 1399 omni
761 1360 860 1414 jure
899 1359 1074 1415 publico
1111 1361 1534 1416 conflagraveruntz)

89 1417 313 1470 ecquando
349 1416 557 1457 dubitaris
589 1426 740 1457 contra
772 1431 841 1457 eas
875 1415 991 1472 leges
1029 1431 1128 1457 cum
1169 1417 1292 1473 plebe
1328 1433 1469 1474 agere,
1491 1430 1535 1460 et

89 1474 321 1515 concilium
354 1476 621 1515 convocare?
652 1488 754 1515 num
786 1487 916 1529 quem
949 1487 1003 1514 ex
1039 1475 1221 1515 tribunis
1257 1474 1407 1531 plebis,
1439 1477 1535 1532 qui-

89 1544 275 1587 cumque
307 1531 497 1572 seditiosi
530 1531 704 1581 fuerint,
735 1540 822 1572 tam
854 1530 1060 1572 audacem
1091 1532 1274 1573 audieris
1309 1532 1453 1584 fuisse,
1486 1544 1534 1574 ut

90 1601 294 1643 umquam
317 1598 468 1629 contra
488 1588 627 1644 legem
650 1587 808 1629 tEliam
840 1597 913 1629 aut
946 1588 1112 1630 Fufiam
1137 1590 1370 1630 concilium
1401 1591 1533 1632 advo-

91 1648 236 1687 caret?
280 1646 441 1692 Quaero
466 1645 569 1686 illud
590 1646 721 1686 etiam
745 1660 799 1686 ex
832 1656 888 1696 te,
911 1655 1148 1687 conatusne
1181 1648 1251 1697 sis,
1277 1647 1577 1699 voluerisue,8

91 1702 277 1758 denique
298 1703 517 1759 cogitaris,
536 1707 620 1755 (est
641 1704 757 1744 enim
780 1717 843 1743 res
862 1702 1090 1758 ejusmodi,
1111 1714 1172 1755 ut,
1191 1708 1230 1735 3⁴
1244 1705 1277 1745 si
1301 1705 1379 1745 tibi
1401 1706 1530 1747 modo
1547 1720 1593 1755 19

93 1759 136 1800 in
171 1769 359 1801 mentem
382 1761 513 1810 venit,
546 1774 672 1801 nemo
703 1761 772 1811 sit,
799 1760 874 1815 qui
906 1770 948 1801 te
981 1760 1066 1801 ullo
1088 1761 1281 1803 cruciatu
1303 1776 1394 1803 esse
1422 1763 1534 1805 indi-

93 1831 227 1872 gnum
249 1820 406 1874 putet,)
429 1818 704 1874 cogitarisne,
725 1818 767 1858 in
790 1817 862 1858 illo
882 1826 957 1858 tuo
977 1817 1251 1870 intolerabili,
1273 1833 1360 1860 non
1384 1834 1534 1876 regno,

93 1879 211 1927 (nam
233 1876 354 1930 cupis
378 1875 420 1916 id
442 1875 623 1926 audire)
645 1875 718 1916 sed
740 1874 982 1926 latrocinio,
1005 1890 1142 1931 augur
1163 1876 1254 1917 fieri
1278 1877 1321 1917 in
1354 1878 1410 1924 Q.
1435 1877 1534 1919 Me-

95 1930 183 1972 telli
215 1931 386 1974 locum?
421 1942 479 1983 ut,
502 1933 763 1987 quicumque
794 1941 836 1972 te
867 1933 1149 1988 adspexisset,
1173 1932 1388 1989 duplicem
1412 1935 1534 1977 dolo-

91 2003 181 2029 rem
213 1989 508 2045 gemitumque
539 1989 787 2045 susciperet,
819 1999 863 2030 et
896 2005 950 2031 ex
989 1990 1199 2031 desiderio
1236 1991 1460 2033 clarissimi
1490 2003 1534 2034 et

92 2045 315 2087 fortissimi
339 2047 460 2097 civis,
483 2055 526 2087 et
556 2061 611 2088 ex
642 2047 804 2095 honore
837 2047 1072 2102 turpissimi
1103 2055 1232 2103 atque
1265 2049 1534 2105 improbissi-

91 2103 179 2147 mi?
211 2104 373 2144 adeone
396 2118 481 2145 non
504 2103 760 2144 labefactam
785 2104 1095 2159 rempublicam
1120 2114 1160 2145 te
1184 2105 1372 2157 tribun0‚
1394 2122 1533 2164 neque

90 2170 421 2216 conquassatam
454 2161 691 2212 civitatem,
722 2161 846 2201 35sed
876 2172 1049 2217 captam
1076 2161 1189 2203 hanc
1221 2163 1370 2204 urbem
1402 2174 1532 2220 atque

91 2232 282 2259 eversam
325 2218 502 2274 putaris,
541 2228 590 2258 ut
632 2232 838 2274 augurem
871 2217 1095 2261 Vatinium
1134 2219 1244 2260 ferre
1285 2226 1534 2276 possemus?

95 2274 195 2317 Hoc
236 2275 333 2316 loco
366 2290 529 2330 quaero,
564 2276 614 2326 si,
653 2275 693 2316 id
734 2275 849 2330 quod
889 2276 1184 2332 concupieras,
1219 2291 1357 2333 augur
1393 2279 1597 2322 factus20

91 2346 229 2374 esses:
263 2333 306 2373 in
329 2347 414 2388 qua
436 2341 507 2374 tua
529 2332 796 2389 cogitatione
824 2347 917 2386 nos,
939 2333 1014 2389 qui
1037 2343 1079 2374 te
1097 2334 1337 2387 oderamus,
1360 2336 1433 2378 vix
1455 2337 1533 2379 do-

836 2486 884 2518 illi
901 2487 966 2519 duo
982 2492 1061 2519 sunt
1075 2488 1234 2520 Gabinius
1250 2493 1285 2519 et
1299 2489 1385 2521 Piso.

878 2533 918 2561 34
940 2531 968 2561 εἰ
983 2535 1006 2561 t.
1023 2531 1113 2561 modo
1127 2532 1162 2562 in
1177 2535 1318 2562 mentem
1334 2531 1436 2571 venit]
1461 2530 1535 2563 Ma-

133 2486 170 2514 31
198 2485 304 2524 legem
326 2486 369 2515 sie
392 2496 492 2516 ausus
505 2485 620 2526 ferre]
644 2495 692 2517 sc.
716 2496 792 2517 cum

93 2527 311 2566 auspiciorum
341 2529 421 2566 jura
456 2530 681 2568 prohiberent,
715 2539 792 2559 cum

92 2568 216 2598 seirent
241 2575 406 2600 servatum
431 2579 500 2601 esse
527 2571 566 2602 de
590 2571 684 2609 coelo,
706 2571 793 2611 quod

91 2610 238 2649 quotidie
252 2611 379 2642 factum
393 2618 470 2643 ante
485 2612 581 2645 dixit.

136 2655 177 2682 32
192 2658 242 2690 ut,
259 2664 334 2684 eum
355 2664 468 2685 novem
483 2659 505 2685 t.
522 2656 565 2695 c.]
593 2656 670 2686 Sine
692 2655 792 2686 dubio

92 2693 269 2732 legendum
291 2701 340 2732 ut,
356 2698 451 2736 quod,
473 2702 513 2728 ut
527 2705 562 2728 et
577 2698 732 2728 Goveauo
747 2698 794 2727 vi-

92 2745 180 2772 sum,
196 2737 356 2776 probante
373 2739 540 2770 Abramio.

134 2780 174 2807 33
199 2780 400 2817 leges—cum
425 2783 513 2812 omni
527 2781 611 2822 jure
621 2791 656 2821 p,
671 2781 793 2821 conflu-

88 2821 290 2861 graverant]
320 2831 365 2852 sc.
390 2823 482 2853 velut
507 2824 659 2855 incendio
685 2825 792 2863 reipu-

91 2861 199 2900 bltcae,
227 2863 248 2894 i.
275 2873 305 2895 e.
333 2864 472 2897 sublatae
496 2870 586 2898 sunt.
632 2866 791 2901 Consules

836 2571 895 2602 lim
909 2574 1045 2603 venerit.

878 2617 918 2645 35
933 2616 990 2646 sed
1003 2625 1033 2645 c«
1046 2616 1131 2645 hanc
1144 2616 1258 2646 urbem
1273 2620 1371 2655 atque
1385 2627 1412 2647 e.
1430 2621 1534 2656 pula-

835 2656 901 2696 res]
932 2657 1147 2688 Scribendum
1171 2659 1241 2688 sine
1267 2658 1366 2689 dubio
1386 2660 1533 2698 putaris.

836 2698 925 2729 Nam
934 2705 1075 2739 putares
1088 2709 1219 2740 prorsus
1242 2700 1387 2731 alienum
1402 2705 1452 2731 est
1466 2712 1476 2730 ι
1500 2706 1536 2731 et

834 2750 935 2780 supra.
948 2751 1077 2782 semper
1091 2748 1141 2772 est
1156 2743 1212 2772 sic.
1257 2742 1319 2772 Pro
1335 2741 1534 2782 labefactam

834 2782 907 2813 edd.
929 2786 1044 2824 primae
1060 2783 1222 2823 quaedam,
1239 2783 1280 2813 R.
1299 2785 1355 2814 ΒΓ.
1373 2786 1432 2815 δερ.
1449 2786 1535 2816 lube-

823 2823 1011 2865 faceatam.
1033 2825 1084 2856 ed.
1105 2826 1158 2856 W.
1181 2824 1391 2864 labefactum.
1416 2828 1463 2858 nil
1488 2838 1537 2858 re-

836 2867 911 2899 fert.
