1785 3185
306 103 406 144 12ῗο
892 105 1140 146 ORATIO

299 218 430 261 porro
460 212 539 257 est,
566 205 610 247 in
631 213 697 248 tot
719 207 979 262 hominibus,
1003 211 1157 266 partim
1180 210 1386 262 obscuris,
1408 210 1562 267 partim
1585 209 1726 254 adole·
1767 217 1770 224 ’

302 261 519 304 scentibus
550 264 761 306 neminem
786 266 1114 318 occultantibus,
1146 282 1287 309 meum
1317 282 1472 309 nomen
1496 268 1624 310 latere
1648 283 1726 326 po·
1768 286 1772 322 ¹:

301 318 462 361 tuisse?
520 322 559 351 58
575 320 746 362 Etenim
773 323 806 363 si
833 333 1028 365 auctores
1056 325 1109 366 ad
1132 324 1392 366 liberandam
1413 326 1594 380 patriam
1616 325 1727 366 desi·
1771 326 1774 362 l

300 375 549 418 derarentur
571 377 650 418 illis
672 379 932 430 auctoribus,
964 380 1120 422 Brutos
1143 396 1224 437 ego
1247 381 1519 437 impellerem,
1543 396 1726 438 quorum
1772 430 1776 442 Ι

299 442 480 488 uterque
516 434 565 475 L.
599 435 722 477 Bruti
762 436 993 491 imaginem
1023 438 1214 493 quotidie
1250 439 1425 489 videret,
1463 439 1568 480 alter
1595 438 1726 479 etiam
1773 454 1777 462 ·

301 487 479 532 Ahalae?
538 494 578 525 59
592 491 675 532 His
695 492 827 547 igitur
848 493 1081 548 majoribus
1100 495 1182 535 orti
1205 495 1259 536 ab
1279 494 1426 536 alienis
1449 496 1591 552 potius
1621 509 1726 536 con·
1773 502 1776 507 '

301 546 443 587 silium
468 556 674 603 peterent,
696 564 824 603 quam
845 565 870 591 a
891 550 1000 591 suis?
1031 560 1075 591 et
1104 549 1206 592 foris
1238 552 1396 607 potiUS,
1418 566 1544 606 quam
1571 552 1725 593 domo?
1774 555 1779 583 ἶ

291 604 449 650 Quid?
492 603 543 646 C.
567 604 755 656 Cassius,
785 606 827 646 in
849 621 899 647 ea
920 606 1082 649 familia
1104 618 1241 658 natus,
1273 622 1369 663 quae
1391 622 1476 649 non
1500 609 1627 650 modo
1649 609 1727 650 do·
1776 613 1781 653 ζ

303 660 528 711 minatum,
551 661 622 702 sed
645 676 697 702 ne
721 664 954 717 potentiam
978 664 1148 719 quidem
1170 665 1424 719 cujusquam
1446 665 1553 706 ferre
1570 666 1726 721 potuit,

303 731 373 757 mc
395 728 627 769 auctorem,
656 719 799 770 eredo,
824 719 1097 763 desideravit:
1130 721 1202 776 qui
1226 722 1356 762 etiam
1384 721 1473 762 sine
1493 721 1559 762 his
1582 720 1726 763 claris-

305 774 422 815 simis
447 775 560 825 viris,
590 775 700 816 hane
731 790 818 816 rem
842 777 884 817 in
917 776 1070 818 Cilicia
1100 778 1152 818 ad
1182 778 1340 819 ostium
1370 777 1558 819 fluminis
1582 777 1725 834 Cydni

303 831 572 883 confecisset,
600 832 634 872 si
656 831 723 872 ille
744 833 796 873 ad
817 848 910 874 eam
932 834 1083 889 ripam,
1101 850 1228 890 quam
1251 835 1546 886 constituerat,
1568 849 1653 876 non
1671 834 1726 876 ad

240 888 576 939 wenna-ariam,
607 889 647 919 60
661 889 757 929 navi
789 890 1034 946 appulisset.
1097 891 1178 933 Cn.
1202 891 1445 933 Domitium
1474 906 1561 934 non
1593 891 1724 948 patris
1781 907 1785 917 ¹

302 944 514 995 interitus,
544 945 764 987 clarissimi
789 948 882 998 viri,
913 962 996 988 non
1030 948 1227 989 avunculi
1249 964 1377 999 mors,
1408 963 1494 990 non
1525 948 1725 1004 spoliatio
1783 975 1785 1008 ;

301 1001 540 1058 dignitatiS,
568 1002 618 1043 ad
646 1004 975 1060 recuperandam
998 1005 1253 1057 libertatem,
1281 1006 1353 1047 sed
1376 1020 1471 1046 mea
1494 1005 1726 1048 auctoritas

279 1059 533 1113 excitavit?
591 1060 627 1090 δῖ
653 1058 722 1100 An
755 1060 807 1101 C.
829 1060 1045 1103 Trebonio
1076 1063 1292 1118 persuasi?
1322 1063 1391 1104 eui
1412 1063 1452 1093 62
1466 1077 1518 1104 ne
1549 1062 1724 1103 suadere
1784 1066 1785 1071 ’

301 1116 476 1169 quidem
498 1130 623 1157 ausus
647 1130 796 1158 essem.
827 1134 912 1174 quo
931 1119 1060 1160 etiam
1084 1119 1288 1174 majorem
1311 1120 1349 1160 ei
1372 1119 1611 1175 respublica
1627 1133 1723 1175 gra-

300 1173 404 1212 tiam
426 1173 569 1223 debet,
600 1174 671 1228 qui
705 1174 944 1217 libertatem
972 1176 1118 1232 populi
1150 1177 1333 1217 Romani
1364 1176 1488 1217 unius
1519 1176 1722 1218 amicitiae

299 1230 550 1286 praeposuit,
572 1230 854 1287 depulsorque
875 1234 1132 1284 dominatus,
1153 1248 1281 1289 quam
1295 1233 1507 1290 particeps
1526 1247 1615 1274 esse
1634 1247 1723 1273 ma-

298 1286 392 1327 luit.
452 1287 490 1317 6³
514 1286 581 1327 An
614 1288 666 1328 L.
690 1288 839 1330 Tillius
872 1290 1048 1345 Cimber
1084 1304 1150 1332 me
1182 1300 1245 1331 est
1275 1299 1491 1331 auctorem
1524 1291 1722 1331 secutus?

297 1356 425 1397 quem
447 1358 529 1399 ego
548 1347 684 1400 magis
708 1346 857 1388 fecisse
879 1347 1002 1388 illam·
1018 1362 1105 1388 rem
1128 1363 1219 1388 sum
1243 1347 1488 1398 admiratus,
1510 1361 1636 1402 quam
1660 1345 1723 1387 fa-

296 1409 465 1441 cturum
486 1403 647 1456 putavi.
679 1403 910 1445 admiratus
930 1419 1022 1445 suin
1045 1414 1187 1446 autem
1209 1405 1265 1446 ob
1287 1419 1379 1445 eam
1398 1418 1584 1454 causam,
1605 1403 1721 1459 quod

295 1455 522 1498 immemor
540 1459 1031 1512 beneficiorum‚memor
1045 1463 1193 1517 patriae
1216 1461 1379 1503 fuisset.
1429 1462 1469 1492 64
1484 1461 1600 1508 Quid
1614 1461 1719 1502 duos

297 1513 524 1556 Servilios?
574 1514 729 1558 Caseas
744 1518 898 1570 die-am,
920 1533 974 1560 an
993 1518 1179 1560 Ahalas?
1209 1519 1342 1559 ethos
1357 1518 1611 1559 auctoritate
1628 1531 1722 1558 mea

294 1585 442 1612 censes
465 1573 676 1613 excitatos
701 1575 856 1629 potius,
879 1591 1004 1630 quam
1026 1576 1202 1617 caritate
1218 1575 1489 1632 reipublicae?
1522 1575 1721 1630 Longum

295 1638 361 1669 est
381 1629 420 1659 65
435 1631 628 1686 persequi
649 1642 834 1674 eeteros:
866 1634 906 1663 GU
922 1633 1049 1689 idque
1071 1633 1317 1690 reipublicae
1342 1631 1608 1689 praeclarum,
1628 1641 1720 1673 tum

294 1759 473 1798 rogationis
491 1759 561 1790 hace
586 1761 691 1791 forma
715 1762 867 1798 affirmat,
884 1773 986 1802 quan-

293 1806 367 1831 tum
391 1804 470 1832 seio.
519 1802 632 1842 ltaque
661 1803 788 1834 videtur
812 1805 984 1845 legendum

293 1844 360 1879 An,
376 1843 424 1873 vel
440 1844 554 1884 „Quam
562 1855 688 1884 parum
705 1848 762 1877 ecc.

338 1888 376 1915 58
399 1886 445 1916 Ε.
469 1889 496 1917 si
521 1893 668 1917 auctores
696 1889 770 1927 &e.]
810 1888 872 1919 liic
894 1890 984 1921 locus·

294 1937 347 1957 me
363 1937 489 1968 semper
508 1931 616 1967 torsit,
633 1940 706 1960 cuni
723 1931 802 1961 alios
817 1933 849 1960 in
865 1942 903 1961 eo
918 1942 983 1963 non

294 1969 423 2000 haesisse
440 1971 584 2002 videi-im.
629 1973 815 2013 Suspicatus
835 1983 918 2010 sum,
934 1975 984 2005 vel

293 2022 353 2051 pro
377 2014 403 2043 si
426 2013 598 2053 legendum
626 2025 693 2044 esse
721 2017 775 2054 qni
798 2021 985 2047 maerores-

291 2055 360 2085 illis
380 2057 591 2086 auctoribus?
623 2057 748 2087 Brutos
768 2058 826 2088 fre.
851 2059 901 2088 vel
922 2061 986 2089 illi.»-

293 2099 479 2128 azcclort'bces
490 2098 674 2130 delendum.
701 2100 819 2130 Sensus
832 2101 877 2131 ita
887 2107 982 2138 esset,

292 2138 320 2168 si
337 2145 485 2170 auctores
503 2140 692 2177 defuissent,
713 2152 754 2171 au
777 2153 856 2182 opus
872 2143 984 2174 suisset

293 2191 313 2210 a
332 2191 384 2211 me
406 2182 527 2211 Brutos
549 2183 696 2223 impelli?
720 2186 810 2222 quasi
835 2194 901 2215 non
926 2196 984 2216 sua

293 2228 410 2262 sponte
438 2229 586 2255 auctores
623 2226 760 2256 fuissent
790 2228 906 2258 futuri.
951 2229 983 2258 Si

293 2266 365 2303 quis
389 2265 502 2295 melius
526 2271 583 2296 aut
605 2268 638 2296 in
662 2268 744 2298 libro
769 2269 876 2308 aliquo
899 2271 985 2301 bono

293 2307 462 2347 repererit,
479 2313 536 2338 aut
551 2309 617 2349 ipse
639 2310 846 2349 excogitan-it,
857 2322 932 2342 eum
947 2313 986 2343 li-

292 2348 409 2380 benter
424 2349 565 2381 audiam.

336 2394 376 2425 59
399 2393 465 2422 His
484 2394 590 2432 igitur
615 2392 793 2434 majoribus
818 2396 895 2435 orti]
922 2396 984 2427 Ms.

290 2432 400 2465 Vatic.
446 2435 494 2465 Hz'
518 2436 633 2473 igitur,
649 2437 699 2466 his
714 2448 756 2468 m.
781 2448 808 2468 ο.
835 2438 921 2476 quod
936 2449 984 2469 re-

292 2485 405 2515 cepere
423 2476 578 2515 Faernus‚
596 2479 682 2509 Mur.
699 2480 982 2511 LamuGraevius.

334 2518 375 2548 60
398 2520 474 2549 mwi
487 2521 676 2559 appulisset]
696 2522 832 2552 Variant
851 2522 922 2552 libri
937 2524 985 2552 in-

290 2562 343 2589 ter
358 2562 436 2591 navi
456 2568 489 2592 et
508 2563 602 2592 vai—is
619 2573 676 2602 pro
704 2574 813 2602 usn-es,
831 2570 868 2593 ut
885 2570 933 2594 est
951 2566 983 2595 in

291 2602 356 2634 Ms.
386 2603 492 2634 Guelf.
537 2605 629 2635 Nihil
653 2605 799 2636 interest.
844 2606 982 2636 Videtur

288 2654 309 2674 a
323 2645 556 2684 glossatoribus
571 2648 680 2678 addita
698 2658 769 2679 vox.
785 2653 818 2679 et
836 2649 909 2679 inde
926 2659 978 2679 va·

288 2687 398 2733 rietus.
457 2690 612 2720 Ceterum
639 2689 774 2721 historia
807 2691 903 2731 hujus
934 2691 978 2722 rei

286 2735 402 2768 ignota
417 2734 476 2762 est.

328 2772 365 2801 61
389 2774 443 2804 An
471 2774 505 2805 C.
535 2773 628 2804 Treb.
653 2775 817 2815 persuasi]
857 2775 885 2805 E
914 2775 978 2806 Ms.

282 2811 360 2844 vat.
378 2815 503 2847 addunt
526 2815 669 2847 Faernus
694 2823 728 2847 et
745 2827 896 2857 sequaces
912 2818 980 2856 ejus

281 2863 340 2893 ego
355 2861 433 2888 ante
442 2860 613 2898 persuasi:
638 2868 718 2900 quos
738 2870 805 2892 non
828 2860 976 2893 imitatus

1027 1772 1110 1794 sum.
1145 1763 1233 1794 Nam
1248 1767 1282 1794 et
1297 1772 1413 1793 sonum
1429 1761 1585 1792 orationis
1601 1771 1716 1802 parum

1027 1816 1158 1836 suavem
1171 1806 1281 1841 efficit,
1295 1815 1354 1836 nec
1375 1804 1475 1835 habet
1496 1803 1595 1834 aliam
1610 1813 1717 1844 perso-

1029 1858 1117 1885 nam,
1133 1849 1183 1878 cui
1197 1853 1394 1888 opponatur,
1410 1851 1447 1877 ut
1462 1850 1511 1883 tu,
1527 1846 1593 1883 ille,
1607 1852 1664 1877 aut
1675 1847 1719 1877 si·

1028 1890 1104 1920 mile
1119 1890 1205 1928 quid.

1068 1934 1108 1962 62
1138 1942 1177 1962 ne
1202 1942 1228 1963 s.
1251 1942 1282 1971 q.
1310 1941 1410 1961 ausus
1428 1929 1540 1968 essem]
1575 1929 1713 1970 Propter

1027 1974 1224 2013 singularem
1241 1977 1310 2013 ejus
1329 1982 1473 2004 amorem
1491 1973 1524 2002 in
1541 1972 1717 2009 Caesarem,

1027 2017 1080 2055 qui
1093 2017 1218 2046 nullam
1233 2026 1323 2056 spem
1336 2014 1513 2056 aecipiendi
1526 2013 1652 2044 consilii
1667 2025 1718 2045 re-

1028 2059 1205 2097 linquebat.

1068 2102 1107 2131 (53
1130 2101 1183 2130 An
1209 2100 1252 2131 L.
1281 2098 1412 2137 Tillius]
1451 2099 1504 2129 Sic
1533 2098 1628 2129 hodie
1657 2108 1717 2139 pro

1028 2143 1070 2174 L.
1093 2142 1221 2173 Tullius
1238 2142 1357 2178 editur,
1386 2141 1479 2171 bene.
1507 2151 1538 2170 v.
1566 2140 1714 2171 Clavem.

1026 2186 1236 2216 Burmannus
1244 2189 1356 2215 tamen
1367 2183 1407 2213 ad
1421 2184 1556 2213 Sueten.
1570 2183 1652 2213 Coes.
1664 2185 1716 2214 82.

1028 2228 1166 2257 inclinat
1192 2227 1231 2258 ad
1257 2226 1454 2257 sententiam
1479 2224 1638 2261 Tristani,
1661 2225 1718 2264 qui

1028 2270 1149 2300 Atilius
1164 2268 1368 2299 scribendum
1383 2271 1478 2307 putat
1493 2278 1510 2297 e
1526 2275 1640 2305 nume,
1654 2268 1716 2298 etsi

1028 2317 1178 2348 suspecto
1192 2312 1319 2341 Patino.

1070 2355 1111 2384 64
1137 2353 1230 2394 Quid
1252 2353 1329 2383 duos
1356 2351 1533 2382 Servilios?
1555 2350 1630 2390 &e.]
1665 2351 1719 2382 Ci-

1029 2396 1154 2426 ceronis
1177 2395 1337 2426 dubitatio
1365 2398 1427 2430 est,
1455 2393 1535 2424 duos
1563 2392 1717 2424 Servilios

1027 2439 1111 2476 illos,
1127 2438 1180 2476 qui
1205 2437 1291 2468 inter
1313 2436 1470 2466 occisores
1495 2435 1631 2467 Caesaris
1646 2435 1717 2465 fue-

1028 2486 1114 2518 rant,
1134 2480 1248 2510 Cascas
1269 2489 1311 2509 au
1337 2477 1469 2514 Ahalas,
1495 2478 1536 2508 ab
1561 2476 1619 2508 illo
1642 2478 1716 2508 Ser-

1029 2523 1116 2559 vilio,
1131 2523 1184 2562 qui
1206 2522 1353 2552 Maelium
1369 2520 1590 2556 interfecerat,
1611 2524 1715 2555 ortos,

1027 2565 1130 2595 dicat:
1157 2563 1297 2594 oratorie
1313 2563 1382 2593 scil.
1408 2566 1446 2592 ut
1465 2563 1571 2602 gratia
1590 2565 1625 2591 et
1644 2561 1715 2593 laus

1025 2608 1130 2645 major
1158 2607 1210 2636 sit.
1254 2605 1306 2635 Sic
1321 2606 1447 2644 accepit
1459 2609 1494 2635 et
1508 2613 1583 2634 cum
1595 2604 1716 2634 Manu-

1023 2650 1070 2679 tio
1088 2648 1318 2687 wesselingius
1333 2647 1466 2678 observ.
1490 2646 1531 2677 L.
1550 2645 1596 2676 11.
1615 2657 1644 2678 c.
1663 2646 1715 2678 16.

1034 2702 1054 2722 i.
1071 2694 1106 2721 '21
1118 2694 1142 2721 l.

1023 2701 1033 2731 l
1064 2734 1104 2764 65
1121 2732 1269 2773 persequi
1297 2731 1428 2771 cete-ros]
1454 2730 1481 2761 Ii
1503 2730 1558 2770 qui
1576 2729 1714 2768 fuerint,

1022 2784 1052 2806 v.
1066 2785 1117 2815 ap.
1134 2773 1271 2806 Casaub.
1288 2774 1327 2804 ad
1342 2775 1477 2804 Sueton.
1494 2774 1576 2804 Caes.
1592 2775 1643 2803 80.

1063 2818 1104 2848 66
1126 2817 1221 2857 idque
1235 2817 1315 2855 reip.
1327 2815 1397 2855 pr.]
1423 2815 1469 2846 Et
1494 2815 1570 2845 libri
1587 2819 1622 2844 et
1639 2823 1714 2844 eru-

1021 2858 1082 2891 diti
1105 2859 1140 2892 in
1170 2859 1230 2890 hoc
1257 2858 1330 2890 loco
1357 2858 1532 2890 fluctuant.
1577 2856 1714 2888 Secutus
