1812 3147
302 110 381 149 870

302 209 418 264 quod
441 208 612 261 licebat,
634 209 758 261 ferre,
778 218 827 250 ut
847 209 1023 252 liceret:

303 266 443 314 ma(‘'lS
467 276 513 307 Ut
548 268 773 308 UICGSSltUS
796 268 977 324 ΙΠἹΡΕΓΙΟ
1008 267 1156 323 POPUll

891 106 1139 144 ORATIO

1057 210 1127 251 secl
1151 223 1219 250 me
1250 209 1309 249 ita
1330 223 1420 250 esse
1442 209 1485 250 in
1507 210 1739 266 republica,

1206 268 1272 307 ‘tic
1274 267 1374 307 nani
1409 267 1587 318 viderer,
1609 282 1738 323 quam

303 325 367 355 98
359 324 411 364 ad
433 323 657 365 administr
661 325 811 365 indam
837 325 1057 366 civitatem
1081 325 1316 365 restitutus.

306 552 409 606 quid
432 562 496 592 est
516 552 630 593 enim
653 552 804 593 exsul?
845 553 984 616 ipsum
1009 566 1083 608 per
1105 566 1148 592 se
1170 566 1341 602 nomen,
1362 553 1633 602 calamitatis,
1657 567 1742 593 non

306 608 602 664 turpitudinis.
663 609 850 655 Quando
877 609 1010 665 initur
1030 619 1094 650 est
1117 610 1265 664 turpe?
1286 623 1330 648 re
1354 624 1464 660 veta,
1485 610 1657 664 quando
1679 618 1744 650 est

306 681 428 721 poen
417 681 441 706 a
458 681 576 721 pecc·
564 667 646 706 iti:
673 665 878 730 opinione
899 676 1041 707 autem
1062 666 1285 706 hominum
1303 666 1358 705 eti
1365 681 1448 717 am,
1471 667 1504 706 si
1527 677 1592 707 est
1614 680 1746 722 poena

307 723 514 764 damnati.
574 723 730 764 Utrum
757 723 889 778 igitur
913 732 1088 779 peccato
1118 737 1212 763 meo
1234 723 1393 763 exsulis
1418 737 1572 764 nomen
1596 724 1744 774 subeo,

307 795 360 820 an
397 794 441 820 re
465 780 689 843 judicata?
734 779 945 821 Peccato?
987 780 1086 822 Jam
1118 794 1256 834 neque
1288 790 1333 820 tu
1365 780 1407 820 id
1429 781 1571 822 dicere
1599 781 1744 831 audes,

307 851 435 891 quem
472 837 542 877 isti
568 836 769 878 s-1tellites
791 837 854 878 tui
877 836 1044 878 felicem
1081 836 1128 878 C
1121 837 1313 877 ttilinam
1344 837 1584 888 nominant,
1607 851 1744 893 neque

307 895 535 957 quisquam
570 908 733 945 eorum,
767 894 839 949 qui
878 894 1085 935 solebant.
1123 909 1207 934 non
1239 893 1368 934 modo
1394 895 1490 949 jam
1521 909 1649 935 nemo
1681 904 1747 935 est

310 959 397 991 tim
422 951 660 1007 impetitus,
682 951 755 1006 qui
778 965 841 1001 ea,
864 966 959 1006 quae
996 951 1107 1006 gessi
1131 951 1173 991 in
1196 950 1636 1007 consul·1tu,peccata
1657 966 1747 992 esse

310 1008 392 1049 dic:
394 1017 451 1050 it:
484 1008 554 1049 sed
579 1022 704 1048 nemo
722 1018 787 1049 est
809 1018 893 1048 tam
919 1008 1117 1049 mimicus
1139 1009 1303 1063 patrice,
1319 1009 1391 1063 qui
1416 1024 1501 1049 non
1524 1009 1629 1049 ineis
1645 1023 1749 1050 con-

228 1065 416 1112 08511115
440 1081 481 1122 p·
470 1065 620 1106 ttiiam
640 1076 935 1106 conservatam
958 1080 1048 1106 esse
1070 1064 1268 1106 fateatur.
1329 1066 1459 1112 Quod
1480 1067 1596 1107 enim
1618 1076 1683 1106 est
1704 1066 1749 1107 in

249 1137 300 1175 73
315 1123 435 1163 terris
457 1136 686 1163 commune
708 1132 875 1163 tantum
899 1122 1166 1164 tantulumve
1187 1121 1429 1173 consilium,
1453 1123 1569 1178 quod
1590 1138 1677 1164 non
1696 1123 1749 1164 de

311 1180 420 1220 meis
452 1180 577 1220 iebus
599 1179 732 1235 gestis
766 1194 830 1231 ea,
851 1194 948 1234 quae
983 1180 1088 1220 mihi
1117 1189 1260 1220 essent
1287 1181 1482 1235 optatiss.
1488 1195 1543 1220 m
1534 1197 1559 1221 ι
1592 1190 1636 1221 et
1658 1179 1751 1236 pul-

311 1237 536 1287 cherrima,
557 1236 794 1291 judicarit?
855 1238 1078 1278 Summum
1111 1246 1175 1277 est
1206 1237 1352 1293 populi
1387 1237 1589 1288 Romani,
1613 1252 1751 1293 popu-

311 1294 536 1349 lorumque
553 1301 595 1334 et
618 1295 813 1349 gentium
835 1295 1028 1335 omnium
1053 1309 1104 1335 ae
1126 1308 1276 1349 regum
1298 1295 1540 1345 consilium,
1563 1305 1750 1336 senatus.

311 1351 515 1401 decievit,
541 1360 585 1391 ut
608 1366 770 1402 omnes,
792 1351 865 1407 qui
889 1351 1197 1408 rempublicam
1221 1351 1378 1392 salvam
1397 1366 1487 1392 8558
1510 1352 1681 1403 vellent,
1697 1352 1751 1393 ad

310 1422 380 1448 me
402 1423 535 1449 unum
553 1407 869 1449 defendendum
888 1410 1106 1450 veni1·:ent
1139 1408 1427 1464 ostenditque,
1446 1424 1524 1450 nec
1547 1419 1658 1450 stare
1677 1423 1754 1465 po-

312 1465 446 1506 tuisse
468 1465 794 1521 rempublicam,
816 1469 858 1497 30
871 1466 904 1507 si
926 1481 1008 1514 ecro
1032 1480 1116 1506 non
1141 1465 1331 1517 fuissem,
1350 1481 1429 1507 nec
1451 1465 1640 1508 futuram
1662 1480 1753 1507 esse

250 1530 300 1569 74
314 1522 457 1574 ullam,
482 1523 514 1563 si
539 1537 625 1563 non
651 1523 886 1564 rediissem.
947 1510 1178 1564 Proximus
1201 1532 1266 1564 est
1298 1523 1398 1565 huic
1420 1524 1624 1580 dignitati
1647 1524 1752 1565 ordo

179 1580 757 1651 P-228-aequester.3101nnes
789 1580 982 1621 omnium
1014 1580 1284 1636 publicorum
1317 1581 1543 1622 societates
1574 1581 1627 1622 de
1659 1595 1754 1622 meo

270 1631 553 1687 consulatu,
576 1652 625 1678 ac
661 1638 713 1678 de
735 1638 840 1679 meis
863 1639 988 1679 rebus
1018 1639 1149 1693 gestis
1183 1637 1446 1693 amplissimi
1478 1649 1606 1694 atque
1628 1653 1703 1679 otn
1709 1653 1754 1678 ι-

313 1694 479 1736 tissima
497 1694 670 1735 decreta
691 1694 899 1736 few-,unt
962 1695 1142 1746 Scribae,
1165 1709 1236 1750 qui
1255 1695 1514 1736 nobiscum
1506 1711 1547 1736 m
1574 1696 1751 1737 rationi-

311 1753 392 1793 bus
426 1752 802 1816 monumentisque
834 1752 1017 1809 publicis
1048 1761 1403 1802 v·ersantu1,non
1438 1754 1670 1794 obscurum
1702 1753 1755 1794 de

309 1809 417 1850 meis
440 1809 482 1849 in
505 1808 816 1865 rempublicam
840 1809 1059 1851 beneficiis
1080 1809 1431 1865 suumjudicium
1449 1811 1756 1865 decretumque

353 1952 392 1981 28
416 1949 462 1979 ad
495 1950 584 1981 adm.
625 1950 789 1982 civitatem
823 1950 1007 1989 restitutus]
1056 1951 1107 1980 vio
1134 1960 1202 1981 esse
1231 1951 1437 1989 restitutum,
1466 1953 1520 1992 qui
1550 1952 1604 1983 hie
1633 1953 1756 1984 frustra

310 1992 389 2023 Non
417 1993 572 2022 convenit
602 1992 682 2023 illud
708 1993 805 2023 verbo
830 1994 1010 2023 restitutus.
1055 1992 1173 2030 haeret,
1196 1997 1229 2023 et
1254 1994 1339 2024 mile
1370 1995 1541 2034 intelligit,
1563 1997 1591 2025 si
1613 2005 1670 2033 ερο
1692 2005 1756 2025 non

310 2034 475 2064 Videntur
503 2039 692 2074 permutata
718 2045 786 2065 esse
816 2035 899 2071 haec,
926 2040 960 2065 et
994 2046 1013 2065 a
1044 2034 1203 2075 fuissem
1218 2036 1306 2075 quod
1327 2037 1368 2067 ad
1390 2043 1540 2078 tempora
1563 2027 1757 2069 Catilinaiia

313 2076 389 2107 Cict
393 2086 470 2106 rone
486 2086 577 2106 esse.
611 2078 719 2110 maai<
732 2082 769 2107 ut
785 2078 956 2107 arcessam
970 2078 1015 2108 ad

312 2118 436 2148 admin.
453 2119 502 2147 cit
505 2119 619 2149 itatem
640 2130 659 2149 r
663 2113 731 2149 {cler
733 2130 779 2156 er,
795 2130 893 2159 quam
916 2121 1015 2160 impe-

313 2161 363 2190 rio
372 2170 448 2200 pop.
464 2160 558 2190 Rom.
572 2163 754 2192 restitut-us.
770 2162 857 2192 Nam
874 2162 1016 2192 Romam

308 2204 422 2243 jussus
437 2209 508 2233 erat
523 2204 653 2240 xenii-e,
680 2204 766 2242 quod
781 2204 821 2234 ad
835 2205 896 2234 civ.
912 2204 1014 2236 admi-

315 2244 519 2275 nistrandam
550 2246 748 2285 pertinebat.
799 2247 935 2285 Imperio
965 2257 1014 2278 re-

314 2287 451 2317 stitutus
465 2296 533 2317 csse
557 2292 699 2327 poterat,
715 2288 776 2319 etsi
792 2289 932 2319 Romam
949 2299 1015 2319 non

314 2329 451 2360 veniret.

358 2374 398 2405 29
434 2371 536 2401 tantis
560 2373 731 2402 sceleribus
760 2382 839 2402 esses
862 2377 892 2402 ec
908 2372 1017 2412 ⁸factis

315 2413 462 2452 notatus]
491 2413 569 2443 Mss.
594 2414 713 2444 Graevii
736 2414 847 2444 (lt-lent
861 2414 1015 2454 etfactis,

316 2456 416 2486 etiam
431 2457 493 2485 Gu.
510 2456 576 2494 (qui
593 2460 703 2486 tamen
714 2457 814 2487 habet
825 2467 905 2487 esses
916 2468 1017 2487 mmo-

317 2497 420 2535 tatus)
455 2499 534 2528 item
563 2498 615 2528 ed.
642 2499 696 2529 w.
728 2499 843 2538 ltaque
872 2499 1017 2530 Graevius

317 2540 449 2570 delevit.
494 2539 555 2569 Sed
573 2540 620 2569 ita
643 2550 710 2570 non
728 2540 825 2581 plena
847 2546 896 2570 est
913 2543 1018 2572 oratio

317 2582 357 2612 acl
383 2582 516 2612 modum
540 2582 719 2613 Ciceronis.
765 2583 916 2613 Arbitror
933 2585 1018 2614 cxci-

317 2624 400 2655 disse
423 2625 520 2654 male.
571 2623 652 2654 (blm
668 2626 772 2655 tan‘is
787 2627 960 2656 sceleribus
973 2637 1019 2656 es-

315 2676 364 2696 ses
384 2671 414 2696 et
438 2665 625 2705 nmlegfaccis
646 2672 790 2698 notatus.
837 2667 909 2698 Hoc
923 2675 1020 2699 sonat

317 2709 583 2739 Ciceronianam.

359 2754 400 2781 :30
421 2753 448 2780 si
462 2761 520 2788 ego
538 2749 764 2790 nonfuissem]
790 2751 878 2781 Olim
903 2751 1019 2783 edeba.

327 2793 530 2832 turstaei.e.=·‹-1.·2.
546 2794 727 2829 restitutas,
741 2793 828 2832 quod
850 2794 1017 2825 sublatum

318 2845 336 2865 a
358 2835 521 2866 Lambino
545 2841 579 2866 et
601 2836 756 2873 Grutero,
774 2835 875 2867 miror
896 2836 1019 2868 aGrae-

1057 2078 1214 2118 pertinet,
1228 2079 1345 2119 quibus
1360 2080 1474 2110 Cicero
1487 2081 1520 2110 ni
1535 2079 1661 2117 suisset,
1676 2089 1757 2120 resp.

1059 2120 1142 2160 peri<
1130 2125 1209 2150 set.

1100 2164 1136 2191 31
1164 2172 1272 2192 onznes
1284 2165 1429 2194 omnium
1441 2165 1648 2204 publirorztm
1662 2165 1759 2195 socie.

1057 2205 1154 2244 tates]
1195 2205 1272 2234 Non
1308 2206 1390 2235 bene
1417 2207 1581 2237 revocavit
1609 2207 1758 2237 Graevius

1054 2248 1319 2287 publicanorum,
1336 2248 1422 2286 quod
1438 2249 1509 2279 edd.
1526 2254 1606 2280 vett.
1620 2249 1757 2286 habent,

1060 2290 1246 2327 frustraque
1261 2295 1359 2328 negat
1370 2293 1536 2321 societates
1547 2293 1759 2330 vectigalium

1061 2336 1119 2361 ant
1135 2333 1342 2371 publicorum
1361 2333 1422 2363 dici
1446 2343 1548 2373 posse.
1595 2334 1702 2364 immo
1718 2333 1759 2364 ad

1060 2374 1136 2404 Div.
1164 2374 1261 2410 xm,
1287 2375 1338 2404 65.
1364 2380 1441 2406 sunt·
1464 2377 1539 2406 socii
1568 2377 1758 2415 scriptum.-

1061 2415 1146 2454 quod
1170 2421 1218 2445 est
1244 2425 1345 2455 genus
1371 2418 1593 2457 vectigalium.
1619 2418 1759 2448 Eodem·
1798 2411 1800 2419 ¹

1059 2468 1121 2496 que
1137 2458 1233 2488 modo
1246 2458 1401 2489 dicuntur
1412 2461 1487 2490 socii
1502 2461 1671 2499 Bithynice
1683 2460 1759 2491 ibid.

1060 2504 1092 2533 9.
1106 2504 1139 2530 et
1155 2510 1209 2539 ap.
1234 2502 1355 2532 Caesar.
1382 2502 1418 2532 B.
1436 2503 1475 2533 G.
1502 2503 1566 2540 ΙΙΙ,
1580 2506 1610 2533 3.
1627 2503 1759 2533 societa-

1062 2546 1108 2572 tes
1130 2544 1272 2572 omnium
1292 2545 1554 2582 provinc-imum,
1572 2546 1595 2575 i.
1617 2556 1644 2575 e.
1660 2545 1760 2575 vecti-

1063 2584 1185 2622 galium
1212 2585 1246 2614 in
1268 2587 1454 2625 provinciis.
1500 2587 1613 2626 Itaque
1635 2587 1759 2618 servavi

1063 2626 1239 2657 lectionem
1255 2637 1274 2657 a
1288 2628 1431 2658 Grutero
1451 2640 1468 2659 8
1489 2629 1583 2659 bonis
1598 2629 1677 2659 Mss.
1693 2629 1760 2659 edi-

1061 2675 1145 2705 tam,
1169 2669 1286 2707 quibus
1309 2672 1474 2700 consentit
1498 2671 1605 2702 Guelf.
1652 2671 1759 2701 Immo

1063 2711 1196 2750 frigeret
1217 2713 1376 2749 omnium,
1393 2714 1419 2743 si
1442 2715 1694 2752 publicanorum
1708 2724 1759 2744 ve-

1063 2763 1135 2783 rum
1147 2761 1249 2783 osset:
1268 2755 1353 2793 quod
1367 2765 1434 2786 non
1446 2760 1508 2793 est,
1519 2757 1544 2786 si
1553 2757 1759 2797 publicorum

1063 2805 1178 2826 verum
1192 2801 1254 2826 est.

244 382 295 422 72
367 380 498 422 Hunc
521 391 566 421 tu
600 382 746 432 etiam,
769 391 1017 437 portentosa
1043 382 1190 437 pestis,
1211 380 1401 422 exsulem
1432 381 1646 438 appellare
1666 396 1742 422 au·

307 452 378 478 sus
409 452 467 488 85,
490 453 588 479 cum
618 442 658 473 29
673 439 802 479 tantis
845 438 1073 479 sceleribus
1103 452 1215 478 85585
1245 447 1288 478 et
1319 438 1444 479 factis
1476 448 1664 489 notatus,
1695 449 1743 480 ut

306 509 479 535 omnem
515 495 672 546 locum,
708 510 795 550 quo
830 495 1003 546 adisses,
1038 496 1179 536 exsilii
1218 495 1326 534 simi
1322 495 1480 537 limum
1522 496 1743 538 redderes?

1793 2669 1802 2715 l
