1812 3147
605 132 721 170 PRO
750 132 796 171 L.
826 130 1068 171 FLACCO.
1464 139 1542 178 749

104 245 148 280 et
170 237 384 280 subtiliter
412 244 455 278 et
476 235 652 292 copiose
676 237 734 284 Q.
759 235 1042 279 Hortensius:
1075 251 1168 289 nOS,
1188 244 1235 278 ut
1259 237 1538 290 instituimus,

103 296 156 338 ad
176 296 336 351 reliqua
353 308 594 352 pergamus.

162 353 307 408 Caput
330 361 394 393 est
417 351 610 393 omnium
643 350 898 393 Graecorum
930 351 1300 402 concitandorum,
1332 353 1404 406 qui
1438 367 1535 393 cum
1555 342 1619 389 18

104 410 425 453 accusatoribus
448 410 578 459 sedet,
604 408 707 449 Her·
708 409 851 450 tolides
876 409 943 450 ille
961 408 1195 459 Temnites,
1215 409 1374 450 homo
1367 414 1599 465 1neptus4‘2

103 477 148 510 et
171 468 345 523 loquax,
369 466 440 507 sed
462 470 529 518 (ut
554 466 634 507 sibi
670 467 855 516 videtur)
879 467 938 507 ita
966 467 1133 530 dtoctUS,
1156 478 1203 507 ut
1234 467 1360 507 ctiam
1396 470 1434 497 58
1451 481 1539 506 ma-

102 525 285 581 gistlum
308 524 475 565 illorum
499 537 542 563 se
563 537 654 564 esse
676 523 758 564 dic·
762 533 816 565 tt:
849 534 905 574 et,
929 524 1001 579 qui
1026 524 1055 564 it
1062 540 1086 563 ἰ
1117 524 1171 564 sit
1198 523 1467 574 ambitiosus,
1491 533 1540 564 ut

102 593 251 623 'omnes
282 596 373 632 vos,
413 594 575 645 nosque
605 581 799 636 quotidie
831 581 1076 637 pelsalutet.
1135 582 1287 623 Temni
1323 595 1454 635 usque
1485 582 1537 621 acl

100 639 218 680 illam
240 647 411 680 aetatem
441 639 483 678 in
507 647 703 679 senatum
734 639 878 679 xeniie
901 654 985 679 non
1019 639 1185 694 potuit:
1218 648 1275 689 et,
1298 653 1372 693 qui
1404 652 1447 678 se
1473 652 1539 678 ar-

102 704 188 738 tem
211 696 381 738 dicendi
414 695 669 736 traditurum
697 695 826 736 etiam
859 696 1010 737 ceteris
1035 696 1300 751 pi·0fitez‚1tur
1325 696 1414 751 ipse
1445 710 1537 735 om-

99 755 228 795 nibus
252 752 698 810 turpissimisjudiciis
720 754 945 794 convictus
967 761 1045 794 est.
1101 753 1199 794 Pari
1225 752 1431 793 felicitate
1454 768 1537 794 una
1549 755 1598 788 43

98 811 266 868 legatus
291 811 406 852 venit
429 810 703 874 Nicomedes,
727 811 800 865 qui
827 825 965 866 neque
988 811 1031 851 in
1054 820 1249 851 senatum
1273 810 1357 850 ulla
1388 811 1538 851 condi-

101 869 218 910 tione
241 868 461 924 pervenire
489 868 644 923 potuit,
667 877 710 908 et
733 868 833 909 f·utti
867 878 910 909 et
942 883 1018 924 pro
1051 869 1168 909 socio
1201 868 1427 908 damnatus
1459 878 1538 908 est.

104 925 216 967 Nam
241 927 438 981 princeps
460 925 689 981 levationis
715 925 777 981 Ly
783 926 936 976 sanias,
958 926 1139 990 adeptus
1166 935 1231 966 est
1258 925 1449 966 ordinem
1476 940 1540 965 se-

100 992 341 1024 natortum:
375 982 447 1023 sed
471 997 569 1023 cum
602 983 965 1038 59rempublicam
989 983 1169 1023 nimium
1196 982 1540 1038 a·n1plecte1etur,

133 1040 321 1081 eculatus
352 1040 492 1082 dmm·
485 1050 593 1090 itus,
616 1051 659 1081 et
686 1041 811 1092 bona,
834 1050 877 1081 et
899 1041 1158 1081 senatorium
1193 1055 1348 1080 nomen
1381 1040 1539 1081 amisit.

100 1055 164 1138 Ιὲἰί
189 1107 270 1138 tres
293 1097 423 1138 etiam
454 1099 494 1128 60
513 1098 652 1138 aerarii
675 1073 811 1138 nostri
832 1097 998 1139 tabulas
1031 1097 1156 1138 falsas
1178 1112 1269 1138 esse
1298 1096 1538 1138 voluerunt.

101 1168 201 1196 nam
220 1169 363 1196 servos
384 1153 540 1195 >novem
561 1170 604 1195 se
623 1155 803 1211 professi
823 1164 922 1196 sunt
938 1155 1109 1206 habere,
1128 1170 1226 1196 cum
1247 1156 1425 1195 omnino
1450 1156 1539 1196 sine

99 1211 259 1254 comite
290 1212 522 1253 venissent.
587 1212 770 1253 Decreto
803 1213 1028 1254 scribendo
1063 1214 1248 1269 primum
1281 1213 1406 1253 video
1431 1212 1538 1253 affu-

99 1270 180 1310 isse
205 1269 454 1325 Lysaniam:
488 1269 612 1324 cujus
638 1270 778 1311 fratris
803 1271 929 1320 bona,
951 1272 1066 1325 quod
1095 1271 1129 1310 is
1155 1270 1314 1326 populo
1344 1284 1429 1310 non
1455 1269 1538 1310 sol-

100 1328 450 1384 vebat,p1·aet0re
480 1327 648 1378 Flacco,
673 1327 843 1383 publice
866 1329 1106 1369 venierunt.
1138 1337 1346 1383 plmaetelea
1371 1327 1537 1383 Philip-

98 1399 176 1440 pus
202 1395 280 1435 est,
305 1384 737 1440 Lysani·ege11er,et
768 1385 1056 1426 Hermobius:
1089 1400 1212 1440 cujus
1238 1385 1367 1426 fratcr
1394 1385 1534 1435 Poles‚

97 1442 134 1472 6¹
153 1444 254 1482 item
297 1456 491 1506 pecuntae
543 1443 728 1498 publicae
778 1452 842 1483 est
893 1442 1117 1483 condemn
1110 1454 1219 1483 ιῑ.ιι5
1281 1442 1448 1483 Dicunt
1491 1457 1533 1483 se
1554 1432 1618 1485 19

102 1498 271 1550 Flacco,
294 1509 336 1539 et
367 1499 434 1550 iis,
457 1499 530 1563 qui
563 1499 689 1540 simul
716 1500 1194 1550 essent,dracl1m·uum
1219 1515 1283 1540 xv
1308 1500 1441 1540 millia
1462 1500 1532 1541 de·
1549 1503 1598 1536 41

98 1555 224 1597 disse.
285 1555 397 1597 Cum
416 1556 593 1598 civitate
614 1556 721 1598 mihi
746 1572 810 1598 les
833 1567 898 1598 est
919 1558 1140 1610 acerrima,
1163 1562 1227 1612 (et
1254 1558 1293 1588 62
1305 1551 1584 1598 conficien-b·

96 1724 224 1755 volebat
248 1724 385 1755 crimine
407 1725 458 1755 vel
483 1727 608 1765 negotio
637 1726 793 1766 intelligi,

96 1766 151 1797 sed
166 1771 283 1798 contra
304 1768 576 1799 consuetudinem
595 1769 709 1799 latinae
732 1769 796 1799 lin-

95 1818 180 1883 gudaeg
210 1852 410 1890 mag‘istrum
447 1852 594 1892 illorum]
636 1853 690 1884 Sic
722 1853 794 1884 edd.

94 1902 144 1934 pr.
172 1903 272 1933 usque
292 1893 332 1924 ad
353 1895 488 1926 Mediol.
511 1905 583 1934 quae
605 1895 694 1926 dedit
713 1897 790 1926 alio-

93 1945 184 1973 rum,
205 1946 303 1976 quam
320 1938 424 1968 secuti
444 1942 521 1967 sunt
535 1937 629 1969 Junt.
645 1937 718 1968 Ald.
735 1938 793 1968 Vi-

93 1979 216 2009 ctorius
242 1979 300 2009 &c.
326 1979 430 2011 Vetus
458 1980 605 2010 restituit
633 1980 818 2011 Gruterus.

92 2030 110 2051 e
125 2021 204 2052 Mss.
219 2022 298 2059 suis,
321 2026 434 2062 estque
447 2030 480 2052 et
496 2023 530 2052 in
546 2027 672 2053 nostro.
708 2023 794 2054 Sane

92 2061 126 2093 id
140 2073 321 2103 pronomen
331 2064 400 2104 jam
425 2064 596 2104 aliquoties
613 2075 688 2096 cum
704 2066 792 2096 alius

92 2105 248 2137 confundi
269 2105 422 2145 vidimus,
438 2116 614 2146 sumusque
634 2107 791 2148 proclives

93 2147 135 2177 ad
158 2147 249 2179 illam
264 2147 441 2179 lectionem
456 2154 490 2179 et
511 2148 573 2179 hoc
588 2150 660 2180 loco
675 2150 791 2190 reeipi-

93 2189 231 2220 endam:
256 2190 312 2222 sed
332 2191 534 2231 quiata'men
552 2193 684 2222 illorum
701 2202 792 2223 eom-

93 2232 186 2263 mode
199 2233 240 2263 ad
251 2237 455 2264 accusatores
471 2233 582 2265 referri
598 2239 720 2275 potest,
736 2235 792 2274 qui

93 2273 203 2313 paullo
237 2280 313 2306 ante
341 2282 656 2314 commemorantur,
691 2277 791 2307 libros

91 2316 226 2356 scriptos
247 2318 358 2358 potius
379 2323 510 2348 secutus
530 2328 616 2349 sum.
661 2319 696 2349 Si
718 2320 789 2358 quis

91 2357 185 2389 malit
200 2360 355 2396 aliorum,
369 2360 474 2390 sinam
490 2370 566 2391 eum
583 2361 707 2399 judicio
730 2371 789 2392 suo

89 2400 159 2430 uti:
196 2401 376 2442 praesertim
403 2412 478 2433 cum
505 2404 536 2433 ei
565 2404 673 2434 faveat
698 2414 787 2441 mox,

89 2451 122 2471 se
148 2448 256 2474 artem
289 2444 416 2475 dicendi
441 2446 556 2476 ceteris
582 2450 614 2476 tr
615 2446 788 2477 aditurum

83 2485 294 2524 praefiteatur.

132 2529 171 2561 59
206 2537 308 2567 remp.
344 2529 486 2560 nimium
516 2530 785 2570 amplecteretur]

89 2566 213 2609 Lepida
240 2570 448 2610 ambiguitas.
481 2581 584 2611 remp.
615 2573 715 2604 refert
747 2573 788 2603 ad

89 2612 241 2641 aerarium
257 2619 290 2642 et
306 2613 478 2651 pecuniam
491 2614 670 2654 publicam,
686 2619 720 2645 et
737 2615 788 2645 in-

89 2651 352 2693 telligitfurttm
370 2665 438 2694 pec.
452 2656 603 2695 publicae

133 2694 174 2724 60
195 2697 305 2725 αι’·ωἱὶ
329 2699 429 2727 austri
450 2698 535 2729 tabb.
560 2700 632 2739 διο]
659 2700 679 2729 i.
700 2699 788 2730 frau-

91 2733 165 2765 dem
188 2736 347 2775 sete-runt,
363 2749 436 2769 cum
460 2740 494 2770 in
518 2740 628 2772 lautiis
649 2741 721 2782 plus
736 2752 788 2772 ac-

91 2786 216 2816 cepere,
244 2789 341 2818 quam
368 2782 546 2812 dtbcbant.
577 2793 693 2814 novem
722 2793 789 2815 set-

89 2828 146 2848 vos
169 2819 201 2848 in
217 2822 376 2852 comitatu
391 2832 448 2853 suo
465 2826 520 2863 qui
544 2824 689 2856 dicerent
706 2836 787 2864 esse,

89 2870 165 2890 cum
197 2862 324 2893 nullum
359 2864 527 2897 haberent.
572 2868 669 2899 Patet
697 2869 786 2906 hinc,

152 2932 260 2961 VOL
280 2935 333 2963 11.
360 2937 400 2964 P
418 2938 471 2965 11.

837 1726 938 1757 etiam
967 1725 1090 1758 talibus
1117 1726 1236 1766 legatis
1264 1727 1436 1757 civitatum
1465 1737 1537 1768 pro·

837 1768 1029 1799 vineialium
1045 1769 1155 1800 locum
1171 1774 1205 1800 et
1219 1769 1323 1799 lautia
1338 1769 1425 1799 data.

880 1811 917 1842 61
942 1812 1021 1842 item
1032 1821 1103 1851 pec.
1115 1813 1207 1851 publ.
1229 1816 1275 1842 est
1289 1812 1536 1852 condemnatus]

839 1853 925 1884 Item
951 1854 1121 1884 retulerim
1143 1855 1252 1895 potius
1268 1853 1308 1884 ad
1333 1853 1375 1890 id,
1392 1855 1479 1893 quod
1500 1855 1540 1886 de

836 1896 914 1926 Pole
930 1895 1026 1933 dixit,
1043 1906 1140 1935 quam
1160 1896 1201 1926 ad
1215 1895 1417 1936 peculatum.
1461 1898 1539 1928 Non

835 1938 982 1968 solvebat
998 1938 1124 1976 aerario,
1140 1939 1227 1978 quod
1241 1938 1390 1969 debebat.

878 1980 918 2011 62
940 1981 1221 2021 cmfieientissima
1245 1981 1434 2020 literarum]
1465 1981 1539 2011 Hoc

835 2026 947 2052 totum
961 2024 1052 2054 abest
1066 2034 1085 2054 a
1099 2023 1167 2054 Ms.
1186 2023 1293 2053 Guelf.
1309 2029 1346 2054 ut
1363 2023 1404 2054 ab
1418 2024 1466 2054 ed.
1484 2024 1538 2054 w.

834 2065 898 2095 Alii
914 2065 1037 2096 habent
1053 2067 1216 2096 acerrima
1239 2067 1426 2096 literarum.
1471 2065 1537 2099 Ms.

835 2107 870 2138 S.
893 2107 1043 2148 Dionysii
1067 2111 1101 2138 et
1122 2108 1236 2138 Franc.
1261 2109 1537 2150 conficiendarum

835 2151 1011 2180 literarum
1044 2151 1308 2189 diligentissima,
1342 2151 1428 2190 quod
1463 2158 1537 2191 post

834 2191 1034 2222 Lambinum
1052 2193 1174 2231 recepit
1189 2193 1346 2223 Gravius.
1392 2193 1437 2223 Et
1452 2193 1537 2223 solet

834 2233 905 2264 haec
928 2234 1100 2274 diligentia
1121 2235 1294 2265 literarum
1317 2235 1534 2266 conficienda-

835 2286 908 2306 rum
924 2287 943 2306 a
963 2278 1121 2308 Cicerone
1144 2277 1178 2307 in
1194 2277 1340 2308 Verrinis
1356 2278 1480 2308 landari
1501 2284 1536 2308 et

834 2319 868 2348 in
884 2319 1018 2358 privatis
1034 2324 1067 2350 et
1083 2320 1330 2350 incivitatihus.
1375 2321 1438 2350 Sed
1453 2320 1534 2350 mihi

831 2366 943 2391 totum
959 2361 1033 2398 hoc,
1055 2372 1261 2401 quocumque
1274 2362 1372 2392 modo
1389 2363 1532 2402 legatur,

831 2413 852 2433 a
867 2403 1100 2443 glossatoribus
1116 2404 1244 2434 videtur
1256 2414 1336 2435 esse.
1371 2405 1532 2442 Primum,

831 2456 889 2485 per
909 2456 1017 2476 veram
1040 2447 1256 2483 latinitatem,
1270 2447 1440 2486 conficiens
1463 2449 1533 2477 lite-

831 2498 949 2518 rarum
967 2498 1034 2519 non
1056 2494 1164 2529 potest
1179 2498 1259 2526 esse,
1275 2490 1329 2529 qui
1344 2490 1479 2520 conficit
1492 2490 1532 2519 li-

830 2535 919 2561 teras
934 2540 960 2561 5.
975 2531 1117 2568 tabulas,
1136 2531 1192 2561 sed
1214 2531 1336 2561 habens
1352 2532 1417 2561 vim
1433 2532 1531 2562 effici-

831 2573 908 2603 endi
933 2573 984 2604 vel
1013 2573 1217 2604 conficiendi.
1261 2574 1343 2604 Tale
1370 2580 1417 2604 est
1448 2574 1530 2604 illud

830 2615 951 2654 ipsum,
973 2616 1059 2654 quod
1086 2615 1233 2646 Graevius
1261 2612 1366 2646 adfert
1388 2626 1406 2645 e
1427 2613 1468 2646 V.
1491 2617 1528 2646 tle

831 2657 902 2687 rin.
919 2658 959 2689 B.
975 2664 1010 2688 et
1032 2658 1082 2688 M.
1099 2658 1252 2688 bonorum
1267 2659 1409 2698 corporis
1431 2658 1528 2699 cmgjr'-

829 2700 961 2736 cientc‘a,
989 2700 1010 2730 i.
1038 2710 1068 2731 e.
1094 2710 1153 2740 per
1176 2710 1250 2739 quae
1272 2700 1358 2730 bona
1383 2701 1529 2739 corporis

831 2743 1074 2781 consequimur,
1089 2751 1162 2781 quae
1175 2742 1299 2772 habent
1323 2743 1386 2772 vim
1404 2741 1459 2772 illa
1472 2743 1528 2772 bo-

831 2793 874 2813 na
887 2784 1059 2815 efficiendi.
1090 2785 1180 2824 Ergo
1194 2784 1474 2825 eorfict'entissfma
1490 2785 1528 2814 li—

831 2830 981 2856 terarum
1004 2836 1071 2857 non
1094 2832 1204 2866 potest
1225 2836 1293 2856 esse
1315 2836 1335 2856 a
1358 2827 1526 2857 Cicerone.

830 2868 981 2898 Alterum
996 2867 1080 2907 covy'.
1107 2870 1155 2898 [ἐι.
1173 2869 1424 2907 diligentissima
1446 2868 1528 2899 bene

875 2932 955 2967 39
