1769 3174
254 97 352 133 1062
844 94 1088 134 ORATIO

248 212 347 238 cum
371 195 517 252 jussit,
539 197 709 239 balneas
741 198 904 250 Senias,
927 208 974 241 ut
1003 215 1053 241 eo
1084 199 1274 240 mitteret
1303 198 1478 250 amicos,
1499 198 1572 255 qui
1602 198 1678 242 de-

249 254 520 305 litescerent3
551 255 702 296 deinde
733 267 920 311 repente,
950 272 1048 298 cum
1081 258 1263 297 venisset
1297 255 1500 307 Licinius,
1532 266 1578 298 ut
1604 271 1677 298 ve-

250 325 408 351 nenum
431 312 628 362 traderet,
651 313 906 368 prosilirent,
929 313 1231 368 hominemque
1252 313 1677 368 comprehenderent.

169 356 240 411 26
254 368 365 413 Quae
401 368 572 423 quidem
604 370 761 419 onmia,
784 369 969 424 judices,
1002 371 1244 426 perfacilem
1278 370 1484 411 rationem
1517 369 1678 411 habent

252 424 602 480 reprehendendi.
671 425 760 467 Cur
804 428 918 467 enim
960 428 1129 468 balneas
1173 427 1364 483 publicas
1407 427 1676 482 potissimum

249 482 556 524 constituerat?
588 483 630 523 in
664 483 819 537 quibus
857 498 942 523 non
976 484 1161 533 invenio,
1194 499 1288 538 quae
1322 484 1482 523 latebra
1517 483 1676 538 togatis

248 537 497 579 hominibus
530 553 619 579 esse
658 539 805 594 possit.
868 539 996 589 Nam,
1028 542 1061 580 si
1094 550 1234 580 essent
1266 541 1308 580 in
1342 539 1551 580 vestibulo
1589 539 1677 580 bal-

251 610 448 646 nearum3
480 610 564 635 non
589 595 791 636 laterent:
824 596 888 636 sin
911 610 954 636 se
977 596 1019 636 in
1043 596 1240 637 intimum
1263 597 1475 650 conjicere
1499 597 1677 647 vellent;

145 668 174 698 p.
191 658 331 693 51·nec
353 653 454 692 satis
477 652 717 701 commode,
738 651 913 693 calceati
944 661 987 693 et
1010 654 1150 694 vestiti
1182 654 1223 693 id
1255 652 1393 694 facere
1427 662 1612 708 possent,
1633 662 1677 693 et

208 710 239 730 ²·
252 709 430 750 fortasse
453 723 538 749 non
561 708 877 764 reciperentur:
910 710 990 750 nisi
1023 709 1131 750 forte
1161 710 1312 750 mulier
1343 719 1493 765 potens
1521 713 1677 764 89qua-

251 766 467 806 drantaria
497 765 566 806 illa
598 766 909 820 permutatione
938 766 1155 807 familiaris
1180 768 1293 808 facta
1314 776 1403 807 erat
1428 766 1677 807 balneatori.

191 823 239 856 63
252 822 395 877 Atque
425 823 621 877 equidem
652 823 923 864 vehementer
952 825 1270 879 exspectabam,
1292 824 1464 878 quinam
1498 824 1565 864 isti
1597 823 1677 863 viri

252 880 370 930 boni,
393 889 519 920 testes
550 879 677 934 hujus
709 879 937 920 manifesto
967 881 1217 937 deprehensi
1242 881 1390 922 veneni
1422 881 1679 921 dicerentur.

249 937 353 977 nulli
383 937 498 977 enim
529 946 630 977 sunt
658 937 798 977 adhuc
822 937 1046 978 nominati.
1077 939 1147 979 sed
1172 953 1255 978 non
1279 938 1445 987 dubito,
1467 938 1569 992 quin
1592 937 1679 977 sint

250 1005 491 1050 pergraves,
513 994 585 1048 qui
609 994 794 1049 primum
817 994 903 1034 sint
925 994 1018 1035 talis
1042 995 1212 1035 feminae
1240 994 1491 1046 familiares3
1522 994 1677 1035 deinde

249 1066 343 1091 eam
376 1051 642 1106 provinciam
666 1051 943 1106 susceperint,
966 1061 1013 1091 ut
1036 1053 1077 1092 in
1102 1053 1270 1092 balneas
1292 1051 1646 1092 contruderentur
1666 1067 1676 1093 :

250 1108 365 1162 quod
388 1107 471 1157 illa,
495 1107 575 1147 nisi
598 1122 623 1147 a
639 1108 738 1148 viris
760 1108 1070 1149 honestissimis
1093 1124 1141 1149 ac
1164 1109 1416 1164 plenissimis
1439 1108 1677 1164 dignitatis,

196 1198 198 1200 ,
250 1179 377 1219 quam
400 1164 516 1214 velit,
538 1164 594 1204 sit
622 1173 789 1220 potens,
812 1179 1042 1220 numquam
1076 1166 1401 1221 impetravisset.
1462 1165 1543 1206 Sed
1574 1166 1678 1221 quid

251 1236 332 1277 ego
357 1221 410 1262 de
439 1221 652 1277 dignitate
683 1222 860 1262 istorum
892 1223 1064 1263 testium
1096 1223 1278 1277 loquor?
1311 1223 1509 1263 virtutem
1531 1237 1677 1264 eorum

251 1277 604 1333 diligentiamque
635 1280 899 1335 cognoscite.
962 1279 1010 1320 In
1052 1280 1210 1320 balneis
1242 1279 1515 1320 delituerunt.
1550 1290 1679 1320 testes

252 1335 475 1391 egregios!
517 1335 671 1376 deinde
709 1346 866 1376 temere
906 1336 1204 1392 prosiluerunt.
1247 1335 1441 1376 homines
1477 1337 1678 1392 gravitati

253 1392 445 1434 deditos!
478 1391 538 1433 sic
560 1393 674 1434 enim
705 1392 889 1448 fingunt,
912 1408 1009 1435 cum
1043 1394 1232 1434 Licinius
1257 1393 1455 1443 venisset,
1476 1393 1679 1448 pyxidem

254 1458 418 1490 teneret
455 1449 499 1489 in
537 1464 679 1500 manu,
717 1460 942 1491 conaretur
979 1451 1156 1500 tradere,
1195 1451 1384 1491 nondum
1424 1450 1679 1501 tradidisset,

256 1516 347 1546 tum
380 1515 553 1562 repente
585 1507 773 1548 evolasse
806 1507 908 1548 istos
943 1506 1166 1563 praeclaros
1198 1517 1324 1548 testes
1356 1508 1445 1547 sine
1476 1507 1679 1548 nomine:

253 1562 468 1604 Licinium
490 1572 648 1614 autem,
671 1578 768 1604 cum
793 1564 885 1619 jam
916 1579 1089 1605 manum
1115 1565 1167 1605 ad
1191 1564 1441 1605 tradendum
1474 1564 1678 1619 pyxidem

249 1621 525 1676 porrexisset,
556 1622 795 1671 retraxisse,
829 1631 957 1676 atque
988 1621 1059 1662 illo
1091 1622 1313 1677 repentino
1345 1621 1567 1662 hominum
1601 1621 1679 1662 im-

250 1688 355 1733 petu
385 1692 429 1718 se
460 1677 504 1718 in
535 1676 683 1733 fugam
714 1678 962 1733 conjecisse.
1025 1678 1065 1719 O
1093 1693 1247 1734 magna
1272 1679 1332 1718 vis
1356 1677 1558 1727 veritatis,
1581 1693 1677 1733 quae

252 1743 403 1775 contra
435 1733 657 1775 hominum
695 1734 882 1791 ingenia,
911 1735 1201 1785 calliditatem,
1235 1735 1478 1784 sollertiam,
1510 1744 1680 1775 contra-

253 1806 336 1846 que
358 1791 478 1832 fictas
501 1792 693 1832 omnium
716 1792 903 1843 insidias,
925 1791 1098 1833 90facile
1120 1807 1162 1832 se
1187 1806 1258 1847 pei·
1281 1807 1322 1832 sc
1346 1792 1437 1848 ipsa
1457 1791 1677 1833 defendat!

172 1842 240 1897 27
260 1848 416 1889 Verum
449 1848 541 1889 haec
575 1857 666 1889 tota
696 1847 851 1890 fabella
881 1850 1031 1890 veteris
1061 1858 1103 1889 et
1138 1848 1423 1904 plurimarum
1442 1847 1679 1889 fabularum

193 1916 244 1950 64
258 1906 451 1961 po'etriae,
473 1908 652 1960 9¹quam
685 1916 749 1946 est
777 1907 866 1947 sine
896 1908 1175 1962 argumento?
1206 1921 1331 1961 quam
1365 1905 1523 1946 nullum
1563 1906 1681 1947 inve-

253 1963 346 2004 nire
375 1963 538 2003 exitum
569 1965 738 2018 potest?
770 1963 887 2010 Quid
915 1965 1026 2004 enim
1061 1963 1128 2003 isti
1163 1972 1227 2004 tot
1260 1964 1335 2003 viri
1361 1967 1475 2015 (nam
1510 1977 1678 2004 necesse

252 2029 318 2061 est
350 2020 480 2061 fuisse
516 2034 599 2060 non
635 2035 807 2075 paucos,
842 2031 888 2061 ut
919 2031 961 2060 et
993 2020 1297 2076 comprehendi
1334 2020 1522 2061 Licinius
1554 2019 1681 2060 facile

253 2086 410 2132 posset,
430 2086 473 2117 ct
494 2090 558 2117 res
582 2076 810 2118 multorum
835 2077 967 2118 oculis
989 2088 1098 2118 essct
1123 2078 1347 2128 testatior,)
1369 2092 1443 2118 cur
1466 2076 1680 2118 Licinium

251 2134 305 2174 de
334 2134 529 2174 manibus
560 2134 819 2177 amiserunt?
849 2134 923 2189 qui
957 2135 1095 2175 minus
1126 2134 1238 2174 enim
1272 2134 1461 2178 Licinius
1487 2147 1681 2189 compre-

249 2190 380 2231 hendi
413 2191 568 2246 potuit,
594 2205 692 2232 cum
723 2205 766 2232 se
797 2192 989 2244 retraxit,
1013 2206 1064 2233 nc
1095 2192 1300 2248 pyxidem
1332 2191 1528 2241 traderet,
1550 2205 1682 2246 quam

251 2331 338 2370 uias]
358 2331 483 2362 Locum
500 2332 587 2362 haud
610 2332 704 2363 dubie
720 2334 866 2373 spurium
884 2338 943 2364 est.

252 2373 358 2403 Locus
381 2378 430 2403 est
452 2379 524 2404 tum
549 2375 581 2403 in
607 2375 691 2405 buln.
719 2376 793 2405 Sen.
816 2381 888 2406 tum
912 2377 946 2406 in

252 2415 355 2445 verbis
371 2427 377 2444 t
402 2421 438 2445 ut
454 2426 487 2445 eo
504 2417 654 2447 mitteret.
699 2417 777 2447 Mox
793 2424 862 2448 est:
888 2428 947 2448 cur

987 2337 1036 2364 est
1051 2343 1146 2364 ausus
1160 2345 1166 2363 :
1193 2333 1262 2372 Ego
1278 2342 1344 2362 non
1364 2332 1506 2363 dubitavi
1522 2331 1638 2362 faeere.

1029 2379 1065 2409 91
1091 2386 1190 2415 qnam
1212 2380 1256 2405 est
1278 2376 1346 2404 siue
1367 2374 1576 2413 argumento]
1607 2375 1628 2405 i.
1652 2385 1681 2405 e.

989 2427 1054 2447 non
1080 2418 1234 2451 aohaeret,
1259 2422 1295 2446 ut
1320 2418 1439 2447 debent
1463 2421 1546 2446 verae
1573 2426 1682 2447 rerum

253 2458 385 2487 balneas
395 2459 486 2497 publ.
500 2463 565 2497 pot.
582 2460 805 2489 constituerat.

296 2502 336 2534 89
365 2500 606 2539 quadrantaria
637 2503 695 2531 illa
718 2501 880 2541 permut-J
914 2512 943 2531 v.

253 2540 344 2571 Clav.
360 2542 392 2571 in
408 2543 660 2581 quadrantaria.

295 2586 336 2617 90
357 2583 465 2622 filcile
494 2594 554 2623 per
583 2594 616 2614 se
644 2586 748 2624 ipsam
775 2583 941 2624 defendat]

254 2624 327 2655 Hoc
339 2626 508 2656 manifeste
517 2627 668 2656 vitiosum
682 2632 740 2657 est.
757 2627 863 2657 Debet
878 2636 945 2657 esse

252 2677 286 2697 se
299 2677 360 2707 per
373 2678 405 2696 se
423 2669 493 2707 ipsa
509 2668 659 2708 defendar
674 2682 682 2698 :
706 2679 781 2698 nam
805 2668 874 2699 haec
896 2674 946 2699 cst

252 2709 358 2740 forma
372 2709 466 2749 hujus
481 2709 632 2750 phraseos
648 2711 794 2749 legitima
807 2718 840 2741 ct
855 2711 945 2741 (iee-

253 2752 397 2782 roniana.
444 2752 486 2782 Se
507 2757 556 2782 est
575 2753 608 2782 in
635 2753 706 2784 edd.
728 2758 808 2782 vett.
825 2753 945 2783 excidit

251 2793 375 2823 'temere
398 2794 429 2823 in
454 2794 660 2825 Gruteriana.
705 2795 794 2825 Vidit
824 2794 884 2824 hoc
912 2801 946 2826 et

251 2834 411 2874 Graevius,
427 2835 488 2868 >sed
509 2837 543 2868 in
566 2841 693 2868 textum
716 2838 856 2878 recipere
880 2846 945 2868 non

987 2460 1147 2490 factarum
1165 2460 1379 2495 narratioin,
1393 2459 1502 2498 quales
1517 2459 1616 2488 etiam
1632 2459 1681 2489 fa-

987 2501 1071 2531 bnlae
1098 2506 1284 2541 poctarum.
1331 2502 1404 2531 Huc
1431 2501 1573 2541 pertinet
1600 2500 1682 2531 illud

987 2543 1070 2574 Livii
1094 2544 1169 2579 Vll,
1193 2547 1222 2573 2.
1246 2548 1440 2582 argumento
1460 2553 1565 2572 serere
1575 2541 1683 2582 sabu-

989 2588 1054 2615 lam
1071 2598 1079 2614 :
1101 2586 1187 2624 quod
1208 2593 1379 2625 tantopere
1402 2585 1497 2615 torsit
1521 2585 1682 2625 interpre-

988 2634 1047 2658 tes.
1093 2628 1151 2657 Est
1177 2634 1305 2657 autem:
1331 2628 1427 2667 eoepit
1453 2627 1589 2657 scribere
1611 2637 1683 2657 car.

989 2671 1078 2700 mina
1095 2670 1127 2699 in
1146 2670 1249 2699 scenis
1265 2670 1400 2707 agenda,
1416 2679 1487 2708 (μην.
1504 2678 1570 2699 uno
1585 2679 1681 2709 argu.

988 2719 1100 2743 mento
1133 2718 1206 2741 tota
1238 2718 1439 2747 constarent,
1468 2712 1555 2742 inter
1583 2721 1680 2750 seque

987 2755 1132 2793 partibus
1146 2754 1297 2784 omnibus
1312 2753 1526 2791 contererent,
1542 2763 1608 2785 non
1626 2764 1681 2785 va&

987 2797 1050 2828 rias
1066 2806 1127 2834 res,
1143 2801 1179 2827 ut
1191 2796 1312 2833 satirae,
1328 2796 1512 2827 miscerent.
