1785 3185
243 64 342 100 1214
823 62 1072 102 ORATIO

242 178 408 220 pacem,
439 163 513 207 sed
543 166 782 209 orationem
811 167 941 209 etiam
973 168 1148 219 civium,
1182 184 1330 225 pacem
1367 170 1678 228 flagitantium,

243 221 474 277 repudiari.
536 223 689 279 Neque
708 225 823 266 enim
848 240 930 281 ego
953 225 1037 276 illa,
1065 241 1144 268 nec
1170 227 1251 268 ulla
1275 242 1477 283 umquam
1510 240 1682 270 secutus

245 293 341 319 sum
371 293 489 321 arma
518 280 676 333 civilia,
708 296 958 339 semperque
988 297 1082 324 mea
1112 284 1305 336 consilia,
1339 287 1455 341 pacis
1486 297 1528 327 et
1565 297 1681 342 togae

245 336 378 387 socia,
409 351 494 379 non
527 337 624 379 belli
657 348 785 394 atque
819 354 1034 380 armorum
1068 340 1255 382 fuerunt.
1318 341 1553 383 Hominem
1585 357 1678 383 sum

246 403 418 435 secutus
449 394 617 450 privato
639 396 799 446 officio,
831 410 918 437 non
949 396 1149 452 publieo;
1182 407 1434 454 tantumque
1467 400 1579 455 apud
1612 413 1680 439 me

247 451 360 506 grati
382 451 514 493 animi
535 451 671 494 fidelis
692 453 900 494 memoria
921 452 1069 502 valuit,
1091 457 1129 484 2³
1142 464 1186 494 ut
1209 455 1324 495 nulla
1344 471 1430 496 non
1454 458 1583 498 modo
1606 472 1680 498 cu-

248 507 444 563 piditate,
467 508 540 550 sed
563 523 616 550 ne
637 524 711 565 spe
731 509 920 564 quidem,
944 509 1128 564 prudens
1149 521 1193 551 et
1214 512 1367 562 sciens,
1387 522 1603 568 tamquam
1627 514 1681 554 ad

190 565 469 610 15interitum
501 580 665 608 ruerem
690 566 993 607 voluntarium.
1054 566 1184 612 Quod
1210 569 1383 622 quidem
1415 583 1555 610 meum
1579 586 1682 611 con-

249 622 391 663 silium
412 623 590 664 minime
612 623 843 665 obscurum
866 622 963 663 fuit.
985 637 1083 663 nam
1104 633 1147 664 et
1170 624 1211 664 in
1233 625 1314 666 hoc
1333 625 1496 676 ordine,
1516 627 1684 673 integra

249 693 308 730 re,
339 679 474 721 multa
503 680 556 721 de
592 693 696 735 pace
726 679 834 730 dixi,
856 687 900 720 et
931 680 975 720 in
1010 679 1022 720 i
1058 694 1103 720 so
1129 680 1239 722 bello
1261 682 1409 723 eadem
1432 683 1562 723 etiam
1583 674 1683 724 cum

248 736 405 792 capitis
435 737 519 778 mei
553 735 743 792 periculo
765 736 892 777 sensi.
950 738 991 767 24
1047 751 1073 777 x
1105 751 1190 792 quo
1215 738 1309 793 jam
1333 753 1459 779 nemo
1484 739 1564 780 erit
1595 749 1683 781 tam

251 793 436 848 injustus
472 808 610 834 rerum
644 794 929 844 existimator,
951 793 1024 848 qui
1057 793 1243 846 dubitet,
1273 811 1369 850 quae
1395 795 1579 836 Caesaris
1609 811 1685 838 vo-

252 849 392 892 luntas
414 851 467 892 de
491 850 600 892 bello
622 850 765 902 fuerit,
788 864 887 891 cum
906 851 1024 906 pacis
1046 861 1242 892 auctores
1264 853 1579 894 conservandos
1601 863 1685 894 sta-

207 912 239 944 b.
255 907 331 948 tim
354 908 580 958 censuerit,
602 908 754 948 ceteris
776 907 906 949 fuerit
926 908 1088 948 iratior.
1135 909 1279 964 Atque
1302 910 1344 951 id
1367 910 1508 950 minus
1528 910 1685 951 mirum

252 964 432 1006 fortasse
455 973 560 1016 tum,
583 978 682 1006 cum
712 973 823 1005 esset
855 964 1043 1006 incertus
1065 965 1222 1017 exitus,
1245 975 1287 1008 et
1323 981 1480 1022 anceps
1512 966 1686 1008 fortuna

252 1021 368 1062 belli.
389 1020 463 1078 qui
488 1035 588 1062 vero
610 1021 751 1063 victor
772 1021 889 1078 pacis
920 1030 1116 1062 auctores
1138 1022 1298 1079 diligit,
1327 1024 1362 1064 is
1394 1023 1589 1080 profecto
1611 1025 1684 1065 de-

252 1078 399 1129 clarat,
421 1091 466 1118 se
487 1078 686 1120 maluisse
706 1093 793 1120 non
814 1078 1034 1129 dimicare,
1056 1093 1184 1134 quam
1207 1081 1392 1122 vincere.
1439 1080 1584 1136 Atque
1607 1080 1686 1123 hu-

208 1121 320 1189 ssjus
341 1135 515 1190 quidem
546 1136 606 1176 rei
632 1135 701 1177 M.
723 1135 934 1177 Marcello
957 1150 1050 1176 sum
1074 1137 1210 1177 testis.
1272 1137 1421 1179 Nostri
1443 1138 1558 1179 enim
1590 1152 1685 1179 sen-

195 1202 338 1242 lsssus,
360 1203 408 1232 ut
431 1192 473 1232 in
497 1207 603 1248 pace
624 1207 806 1249 semper,
826 1192 888 1234 sic
910 1202 1002 1233 tum
1023 1193 1153 1234 etiam
1177 1194 1218 1234 in
1241 1194 1352 1235 bello
1370 1196 1684 1251 congruebant.

253 1250 437 1295 Quoties
458 1263 542 1305 ego
562 1264 677 1301 eum,
698 1261 742 1291 et
771 1259 934 1306 quanto
955 1264 1053 1291 cum
1076 1250 1222 1292 dolore
1245 1251 1348 1302 vidi,
1370 1266 1468 1293 cum
1500 1252 1686 1293 insolen-

253 1308 357 1347 tiam
378 1315 593 1348 certorum
616 1307 857 1357 hominum,
881 1316 972 1348 tuin
994 1307 1124 1348 etiam
1156 1307 1289 1364 ipsius
1313 1308 1507 1349 victoriae
1530 1308 1687 1350 feroci-

250 1373 383 1404 tatem
410 1364 793 1407 extimescentem?
835 1365 936 1411 Quo
959 1364 1121 1420 gratior
1143 1373 1217 1406 tua
1237 1365 1483 1416 liberalitas,
1508 1364 1562 1407 C.
1584 1365 1686 1408 Cae·

253 1436 335 1471 sar,
357 1422 499 1472 nobis,
520 1422 594 1477 qui
621 1421 691 1463 illa
714 1422 913 1473 vidimus,
936 1421 1065 1461 debet
1085 1436 1192 1462 esse.
1222 1437 1309 1464 non
1330 1422 1445 1463 enim
1470 1423 1562 1478 jam
1586 1438 1690 1464 cau-

195 1482 244 1521 17
255 1492 312 1519 sae
336 1488 437 1519 sunt
458 1479 570 1520 inter
591 1493 651 1531 se,
669 1479 741 1520 sed
766 1479 958 1520 victoriae
980 1480 1300 1534 comparandae.
1352 1479 1549 1521 Vidimus
1572 1489 1690 1521 tuam

254 1535 481 1576 victoriam
521 1536 775 1590 proeliorum
813 1536 934 1577 exitu
970 1538 1265 1577 terminatam:
1310 1535 1499 1592 gladium
1534 1537 1693 1593 vagina

253 1607 436 1633 vacuum
476 1593 519 1633 in
554 1594 660 1634 urbe
692 1607 779 1634 non
812 1593 1012 1634 vidimus.
1051 1608 1158 1648 quos
1196 1594 1416 1635 amisimus
1448 1594 1579 1644 cives,
1617 1608 1690 1634 eos

255 1649 411 1690 Martis
444 1650 507 1690 vis
540 1649 736 1706 perculit,
773 1665 857 1691 non
895 1651 955 1691 ira
978 1651 1199 1702 vietoriae;
1231 1659 1279 1691 ut
1305 1651 1503 1691 dubitare
1535 1651 1691 1692 debeat

252 1720 393 1758 nemo,
416 1707 519 1762 quin
543 1707 717 1759 multos,
741 1707 774 1747 si
797 1707 888 1750 fieri
913 1717 1070 1763 posset,
1089 1707 1141 1748 C.
1158 1707 1304 1748 Caesar
1324 1707 1379 1748 ab
1401 1707 1548 1748 inferis
1570 1709 1691 1749 exci-

254 1774 386 1816 taret3
417 1765 621 1819 quoniam
646 1779 699 1806 ex
723 1765 872 1806 eadem
894 1766 985 1805 acie
1006 1776 1246 1815 conservat,
1269 1779 1376 1819 quos
1401 1774 1557 1820 potest.
1614 1764 1691 1805 Al-

255 1822 386 1862 terius
410 1836 509 1862 vero
532 1822 680 1878 partis,
705 1822 813 1863 nihil
844 1822 1027 1877 amplius
1050 1821 1205 1872 dicam,
1228 1836 1372 1876 quam,
1394 1821 1436 1863 id
1459 1820 1575 1876 quod
1598 1836 1691 1863 orn-

255 1892 328 1918 nes
356 1879 621 1930 verebamur,
645 1879 772 1920 nimis
805 1879 1051 1920 iracundam
1077 1879 1263 1919 futuram
1286 1879 1416 1919 fuisse
1447 1879 1690 1920 victoriam.

198 1948 242 1979 is
258 1935 445 1981 Quidam
469 1936 583 1977 enim
607 1951 691 1977 non
718 1936 844 1977 modo
868 1938 1056 1987 armatis,
1079 1936 1152 1977 scd
1181 1936 1396 1977 interdum
1418 1936 1548 1976 etiam
1580 1936 1693 1977 otio-

257 1993 311 2032 sis
342 1993 642 2036 minabantur:
675 1996 821 2045 ‘25nec,
845 1993 949 2049 quid
972 1995 1152 2048 quisque
1186 1994 1399 2043 sensisset,
1423 1993 1495 2034 sed
1528 1993 1601 2034 ubi
1624 1991 1692 2034 fu·

255 2050 371 2100 isset,
393 2050 673 2106 cogitandum
697 2065 788 2090 esse
811 2050 1038 2092 dicebant:
1072 2060 1119 2091 ut
1139 2050 1246 2091 mihi
1269 2050 1444 2106 quidem
1467 2049 1691 2091 videantur

253 2107 309 2147 dii
337 2106 612 2158 immortales,
631 2107 797 2148 etiamsi
823 2123 974 2162 prunas
997 2124 1020 2148 a
1045 2107 1203 2164 populo
1221 2107 1421 2148 Romano
1441 2108 1497 2148 ob
1516 2105 1692 2162 aliquod

251 2164 458 2204 delictum
480 2164 784 2219 expetiverint,
808 2166 882 2220 qui
913 2165 1038 2206 civile
1071 2165 1227 2206 bellum
1252 2174 1418 2205 tantum
1440 2173 1484 2205 et
1506 2172 1592 2204 tam
1626 2164 1692 2205 lu-

252 2231 449 2262 ctuosum
482 2221 522 2252 26
534 2222 836 2274 excitaverint,
862 2222 924 2264 vel
962 2222 1118 2278 placati
1145 2223 1256 2277 jam,
1284 2226 1323 2256 27
1339 2221 1403 2263 vel
1437 2221 1581 2262 satiati
1615 2221 1690 2262 ali-

291 2352 330 2380 5253
346 2354 383 2380 ut
400 2351 494 2380 nulla
511 2359 575 2380 non
597 2350 689 2382 modo
703 2351 793 2391 cup]
820 2350 946 2391 Legen-

249 2391 326 2423 dum
344 2392 471 2422 videtur
491 2394 576 2429 ulla,
594 2402 669 2422 nam
693 2393 798 2423 altera
814 2394 946 2432 negatio

249 2434 281 2464 ln
319 2434 379 2464 liae
417 2434 536 2472 forma,
566 2442 720 2474 sequente
750 2445 789 2465 ne
818 2436 946 2475 quidem

248 2477 428 2507 omittitur.

290 2521 330 2550 ‘24
347 2518 403 2549 Ex·
415 2516 557 2559 quojam
574 2528 607 2548 n.
622 2529 649 2549 e.
666 2523 693 2548 t.
709 2519 734 2548 i.
750 2528 864 2549 rerum
879 2519 945 2549 exi·

249 2561 413 2600 stimulor]
437 2560 521 2592 «lum
545 2561 577 2590 in
604 2559 653 2590 ed.
677 2561 810 2590 Gruteri
837 2571 945 2591 errore

249 2613 421 2643 operarum
445 2603 602 2632 omissum
627 2608 690 2640 est,
717 2612 792 2633 nam
820 2613 837 2633 e
864 2604 942 2633 Mss.

248 2646 320 2676 addi
337 2645 478 2676 volebat.
495 2650 566 2674 tum
579 2655 596 2675 e
613 2644 693 2675 Mss.
709 2645 843 2684 optimis
857 2650 945 2676 recte

248 2687 395 2718 Graev‘ms
412 2698 469 2728 pro
484 2688 661 2717 oestimawr
674 2686 763 2716 dedit
778 2688 945 2718 &istima-

248 2736 311 2766 ων,
326 2730 411 2768 quod
423 2734 457 2760 et
472 2729 540 2759 sine
555 2729 646 2759 libris
662 2728 767 2759 facore
783 2734 922 2770 poterat.

290 2775 329 2802 ¹25
344 2781 413 2802 nee.
429 2772 507 2810 quid
522 2773 654 2810 quisque
675 2772 945 2811 sensisset—Aizis-

246 2815 307 2852 ειη]
330 2814 401 2844 llo-.-
417 2813 621 2845 rma-endum
645 2814 684 2845 ad
698 2814 823 2844 exitum
848 2815 921 2845 belli
937 2828 942 2844 ;

990 2351 1069 2382 alins
1086 2360 1154 2381 esse
1170 2350 1314 2385 deberet,
1329 2351 1476 2388 sentiret,
1492 2355 1582 2382 esset.

1034 2395 1075 2424 26
1103 2392 1344 2431 excimzwwet]
1384 2392 1530 2423 Faernus
1563 2394 1596 2423 in
1626 2392 1690 2423 Ms.

993 2436 1078 2465 bono
1095 2436 1214 2474 reperit
1235 2440 1267 2464 et
1292 2435 1441 2474 probavit
1462 2436 1688 2467 ert-imnerint.

990 2478 1019 2507 id
1045 2477 1125 2507 mihi
1142 2487 1270 2515 quoqne
1285 2478 1376 2506 venit
1401 2477 1434 2506 in
1458 2483 1618 2515 mentem,
1635 2477 1692 2508 sed

989 2521 1088 2549 etiam
1125 2526 1203 2549 ante
1245 2520 1468 2557 ea‘petiverint.
1515 2521 1691 2551 Consentit

989 2561 1050 2591 hoc
1074 2561 1229 2597 orationi,
1254 2562 1333 2590 mim
1358 2561 1544 2599 videantur,
1561 2568 1595 2592 et
1616 2571 1691 2592 sen-

988 2604 1036 2633 sui
1062 2603 1241 2639 Ciceronis,
1257 2604 1310 2642 qui
1338 2603 1399 2633 hoe
1424 2613 1491 2634 non
1516 2614 1575 2644 pro
1597 2609 1693 2634 certo

988 2646 1067 2675 dicit
1097 2646 1234 2685 uspiam.
1282 2645 1366 2675 Ecce
1392 2656 1467 2676 vero
1493 2647 1565 2677 edd.
1591 2646 1689 2677 Rom.

988 2688 1042 2718 W.
1059 2687 1090 2717 J.
1117 2687 1239 2717 hahent
1262 2689 1488 2726 empetizvrint,
1503 2688 1558 2719 sed
1571 2688 1688 2719 deinde

987 2731 1222 2760 areiltwrrunt.
1268 2729 1383 2768 ltaque
1398 2730 1443 2759 sic
1458 2731 1543 2767 dedi,
1556 2735 1593 2761 ut
1608 2730 1690 2761 olim

989 2772 1154 2802 latinitati.-
1172 2772 1324 2801 indm-tus
1341 2773 1476 2810 conieci.

1031 2819 1068 2846 ἐἴ
1093 2816 1143 2844 mel,
1168 2815 1269 2844 offam
1295 2814 1424 2854 satiati]
1455 2814 1572 2845 Etiam
1598 2813 1694 2846 abest
