1812 3147
642 99 759 137 PRO
790 97 837 136 L.
866 96 1108 136 FLACCO.
1489 100 1567 139 735

127 219 225 262 quae
255 204 409 247 amissa
429 211 508 255 est,
531 202 604 244 sed
635 203 814 245 salutem
848 211 1052 252 nostram,
1075 214 1172 256 quae
1205 214 1278 256 spe
1310 201 1471 256 exigua
1491 215 1568 242 ex-

127 274 345 319 tremaque
372 261 545 318 pendet,
569 261 854 301 tenuerimus:
888 259 995 300 nihil
1017 267 1082 299 est
1115 266 1333 314 praeterea,
1356 273 1442 313 quo
1465 273 1569 299 con-

126 320 275 377 fugere
309 320 542 376 possimus:
575 318 657 358 nisi
689 317 814 369 forte,
837 332 934 372 quae
968 330 1032 357 res
1062 315 1145 356 hoc
1171 314 1342 369 judicio
1366 325 1567 367 tentetur,
1581 325 1612 355 1³-
1632 317 1700 349 147.

126 377 227 433 quid
261 386 427 433 agatur,
450 375 518 417 cui
542 390 683 416 causae
716 375 998 416 fundamenta
1021 372 1457 428 jaciantur‚judices‚
1481 387 1565 413 non
1580 368 1610 388 ἃ·

126 434 294 475 videtis.
358 433 596 474 Damnatus
615 443 678 473 est
702 432 751 483 is,
773 432 845 487 qui
869 431 1117 482 Catilinam,
1137 430 1261 486 signa
1283 430 1433 486 patriae
1458 429 1603 470 infe-5

125 501 303 543 rentem,
339 490 580 532 interemit:
613 490 717 545 quid
748 500 813 529 est
844 504 1000 539 causae,
1022 502 1099 529 cur
1129 501 1216 528 non
1247 486 1296 538 is,
1319 488 1392 542 qui
1417 486 1572 529 Catili-

124 563 224 590 nam
258 549 343 589 6ex
378 548 480 588 urbe
511 547 682 604 repulit,
717 547 1017 603 pertimescat?
1049 545 1256 601 repetitur
1292 545 1344 585 ad
1379 559 1573 600 poenam,

125 605 199 662 qui
231 605 390 647 indicia
419 604 661 646 communis
692 605 817 645 exitii
849 603 1048 659 excepit:
1081 617 1157 643 cur
1188 602 1270 642 sibi
1300 602 1492 643 confidat
1522 602 1573 652 is,

123 662 197 719 qui
228 676 279 704 ea
311 662 566 719 proferenda
595 672 639 703 et
671 661 972 718 patefacienda
1004 660 1198 701 curavit?
1231 659 1337 700 socii
1371 659 1574 700 consilio·

123 734 232 770 rum,
275 720 474 769 ministri,
509 719 775 775 comitesque
815 726 1052 760 vexantur:
1086 717 1190 773 quid
1224 726 1434 768 auctores,
1468 716 1572 772 quid

122 777 267 828 duces,
298 778 401 833 quid
433 777 650 833 principes
684 777 765 818 sibi
801 776 1084 832 exspectent?
1115 774 1260 830 Atque
1293 775 1459 815 utinam
1492 774 1573 814 ini-

123 834 224 875 mici
259 835 393 876 nostri
432 848 482 875 ac
517 835 730 876 bonorum
763 834 973 884 omnium,
1007 846 1177 873 meeum
1218 832 1362 888 potius
1392 842 1572 872 conten-

123 891 245 941 dam!
279 902 421 933 utrum
446 901 535 933 tum
562 906 710 933 omnes
734 891 852 943 boni,
876 891 1005 932 duces
1025 890 1177 940 nostri,
1196 903 1247 930 an
1272 889 1453 931 comites
1473 888 1568 930 fue-

123 948 210 990 rint
231 950 285 990 ad
307 963 581 991 communem
603 949 941 991 conservandam
965 947 1145 988 salutem
1167 947 1194 973 ³*

646 1006 863 1047 Permulta
885 1005 1040 1046 desunt.

179 1060 312 1104 Hunc
335 1064 467 1120 igitur
485 1064 638 1116 virum,
662 1064 781 1115 Laeli,
804 1063 959 1119 quibus
978 1062 1151 1104 tandem
1170 1063 1296 1103 rebus
1316 1051 1615 1118 oppugnas?3

123 1119 239 1172 Fuit,
272 1120 322 1161 P.
351 1122 532 1163 Servilio
565 1123 837 1178 imperatore,
869 1121 913 1161 in
946 1120 1102 1162 Cilicia
1135 1120 1332 1161 tribunus
1366 1119 1604 1160 militum.6

120 1192 172 1219 ea
193 1192 257 1219 res
281 1177 441 1220 siletur.
486 1179 587 1220 Fuit
609 1179 676 1220 M.
702 1179 851 1220 Pisoni
875 1187 1065 1234 quaestor
1087 1178 1130 1218 in
1155 1177 1383 1234 Hispania.
1409 1191 1494 1218 vox
1517 1177 1570 1217 de

121 1245 339 1292 quaestura
360 1237 475 1278 nulla
496 1237 625 1278 missa
647 1246 726 1280 est.
772 1236 940 1278 Bellum
964 1235 1170 1277 Cretense
1192 1250 1246 1276 ex
1270 1249 1428 1291 magna
1452 1243 1572 1290 parte

120 1294 269 1350 gessit,
303 1302 432 1349 atque
465 1309 551 1336 una
580 1310 679 1336 cum
713 1309 882 1335 summo
906 1294 1165 1350 imperatore
1199 1292 1418 1333 sustinuit.
1451 1301 1572 1333 muta

117 1359 186 1392 est
207 1350 279 1406 huj
289 1366 335 1392 us
360 1353 564 1408 temporis
587 1352 822 1394 accusatio.
887 1351 1094 1392 Praeturae
1121 1349 1387 1405 jurisdictio,
1410 1363 1475 1390 res
1499 1365 1571 1390 va-

122 1407 185 1448 ria
206 1418 251 1449 et
281 1408 508 1465 multiplex
540 1411 593 1451 ad
624 1409 890 1465 suspiciones
913 1417 956 1449 et
987 1408 1242 1459 simultates,
1267 1422 1353 1448 non
1392 1407 1572 1463 attingi-

120 1474 204 1507 tur.
227 1469 311 1507 ¹Tea
333 1480 448 1518 vero,
471 1467 515 1508 in
539 1482 706 1508 summo
728 1475 771 1507 et
803 1466 1165 1523 periculosissimo
1189 1464 1439 1521 reipublicae
1465 1474 1571 1506 tem-

119 1536 239 1579 pore,
272 1524 402 1565 etiam
432 1525 488 1565 ab
519 1525 706 1566 inimicis
740 1524 953 1566 laudatur.
1012 1523 1073 1565 At
1109 1539 1134 1565 a
1167 1523 1349 1565 testibus
1385 1522 1571 1564 laeditur.

115 1579 364 1636 Antequam
386 1581 499 1633 dico,
526 1597 550 1622 a
571 1583 743 1638 quibus,
768 1585 785 1613 8
801 1597 886 1637 qua
917 1596 1005 1638 spe,
1028 1597 1114 1638 qua
1144 1596 1188 1623 re
1218 1579 1463 1630 concitatis,
1487 1595 1572 1635 qua

116 1635 305 1690 levitate,
336 1654 421 1695 qua
441 1649 647 1696 egestate,
679 1655 765 1695 qua
795 1639 990 1696 perfidia,
1022 1654 1108 1695 qua
1140 1638 1320 1679 audacia
1350 1637 1570 1694 praeditis;

117 1695 259 1737 d-icam
288 1697 342 1738 de
372 1711 528 1753 genere
561 1698 776 1747 universo,
809 1708 852 1738 et
885 1698 938 1738 de
974 1697 1227 1738 conditione
1258 1695 1452 1736 omnium
1492 1709 1570 1736 no-

118 1752 269 1795 strum.
330 1753 414 1795 Per
444 1755 546 1796 deos
587 1755 872 1797 immortales!
910 1755 1098 1810 judices,
1134 1769 1224 1805 vos,
1261 1752 1480 1808 quomodo
1518 1752 1612 1803 is‚1›.

118 1811 191 1866 qui
214 1826 326 1853 anno
349 1820 449 1853 ante
473 1812 627 1854 Romae
649 1813 722 1868 jus
745 1813 928 1863 dixerat,
952 1827 1065 1853 anno
1090 1821 1187 1868 post
1217 1812 1263 1852 in
1285 1809 1478 1864 Asiajus
1503 1810 1568 1851 di-

118 1868 245 1920 xerit,
267 1884 292 1910 a
315 1871 495 1911 testibus
519 1871 720 1926 quaeretis
752 1870 942 1926 ignotis?
974 1869 1056 1926 ipsi
1079 1869 1332 1924 conjectura
1362 1867 1470 1908 nihil
1494 1867 1569 1922 ju-

117 1924 347 1968 dicabitis?
379 1926 429 1968 In
455 1937 544 1968 tam
568 1929 683 1969 varia
698 1927 1005 1983 jurisdictione
1028 1936 1114 1969 tam
1139 1926 1276 1967 multa
1296 1925 1482 1977 decreta,
1503 1932 1569 1966 tot

116 1981 342 2046 bominum
374 1986 661 2041 gratiosorum
697 1986 810 2026 laesae
844 1985 1102 2026 voluntates.
1136 1999 1234 2039 quae
1264 1992 1330 2024 est
1362 1997 1568 2038 umquam

111 2050 234 2096 jacta
264 2056 349 2083 non
382 2043 584 2098 suspicio,
608 2059 704 2099 quae
728 2052 874 2084 tamen
906 2043 1013 2084 solet
1035 2056 1125 2083 esse
1149 2041 1269 2092 falsa,
1293 2041 1365 2082 sed
1398 2041 1567 2081 iracun-

116 2098 207 2139 diae1
225 2114 324 2150 vox,
347 2110 422 2141 aut
443 2100 630 2143 doloris?
671 2100 727 2141 Et
750 2101 784 2141 is
806 2109 870 2141 est
898 2115 993 2141 reus
1027 2099 1237 2150 avaritiae,
1259 2098 1333 2154 qui
1364 2098 1409 2139 in
1441 2098 1603 2139 uber-7

115 2155 225 2197 rima
245 2171 289 2197 re
312 2166 435 2213 turpe
458 2158 780 2214 compendium,
804 2158 847 2198 in
879 2156 1285 2199 maledicentissima
1306 2156 1498 2206 civitate,
1523 2156 1568 2197 in

117 2213 475 2269 suspiciosissimo
505 2216 700 2272 negotio,
732 2215 1010 2257 maledictum
1039 2229 1181 2266 omne,
1213 2228 1301 2255 non
1332 2213 1463 2254 modo
1486 2213 1570 2254 eri-

117 2283 213 2311 men
248 2270 431 2328 effugit?
475 2272 692 2314 Praetereo
729 2273 814 2324 illa,
848 2288 946 2328 quae
985 2271 1286 2328 praetereunda
1317 2286 1406 2312 non
1445 2279 1567 2313 sunt:

90 2336 98 2345 '
117 2326 280 2369 nullum
302 2327 430 2385 hujus
453 2330 497 2371 in
520 2331 698 2386 privatis
721 2331 847 2372 rebus
869 2331 1033 2372 factum
1059 2344 1250 2380 avarum,
1273 2327 1501 2369 nullam'in
1525 2343 1568 2368 re

119 2385 364 2440 pecuniaria
396 2388 735 2439 contentionem,
777 2387 939 2429 nullam
981 2389 1024 2428 in
1067 2402 1112 2428 re
1154 2386 1355 2427 familiari
1398 2386 1569 2426 sordem

116 2455 241 2496 posse
271 2443 468 2499 proferri.
528 2445 700 2492 Quibus
732 2445 865 2501 igitur
899 2445 1081 2486 testibus
1112 2459 1195 2501 ego
1228 2444 1359 2485 hosce
1392 2458 1567 2498 possum

115 2497 315 2552 refutare,
357 2502 439 2543 nisi
483 2502 633 2545 vobis?
670 2502 929 2544 9Timolites
962 2503 1032 2544 ille
1071 2503 1264 2552 vicanus,
1307 2501 1441 2542 homo
1479 2506 1603 2541 nonS

157 2646 178 2677 6
205 2656 245 2677 et
271 2648 350 2678 urbe
374 2648 511 2689 repulit]
543 2649 737 2690 Suspicabar
764 2650 819 2680 de-
861 2653 1006 2680 tractum
1022 2649 1162 2680 videtur.

110 2689 210 2728 pulit.
905 2696 922 2723 8
946 2702 1011 2732 qua
1025 2701 1090 2732 spe,
1105 2701 1171 2732 qua
1184 2691 1231 2731 vi]
1249 2690 1366 2722 Delevi
1380 2690 1490 2727 verba,
1503 2699 1569 2730 qua

158 2733 176 2764 7
199 2741 238 2761 ea
251 2741 324 2761 vero
338 2732 372 2762 in
386 2733 427 2773 s.]
447 2733 526 2764 Mss.
541 2732 699 2774 plerique,
716 2734 818 2764 etiam
862 2735 908 2769 vi,
923 2743 997 2774 quae
1013 2735 1133 2765 absunt
1155 2745 1175 2765 a
1192 2734 1272 2764 Mss.
1289 2733 1452 2774 plerisque
1466 2733 1569 2763 etiam

120 2777 242 2820 noster,
257 2778 293 2803 et
312 2773 364 2805 ed.
382 2776 435 2806 W.
459 2781 495 2806 at
518 2786 603 2812 vero,
627 2777 713 2815 quod
729 2776 819 2805 Grae-
863 2776 925 2807 Gu.
941 2782 975 2807 et
989 2777 1038 2806 ed.
1054 2777 1110 2807 W.

120 2816 336 2863 vius-recepit.
353 2817 502 2856 placebat
518 2824 551 2848 et
566 2817 718 2848 Grutero.
756 2818 820 2848 Sed
904 2823 924 2853 9
938 2818 1105 2849 Timolites
1118 2820 1175 2849 ille
1188 2817 1338 2856 vicanus]
1357 2816 1406 2847 Ex
1419 2818 1567 2855 vicanus,

122 2864 218 2889 numS
240 2858 384 2890 vicinum
406 2865 457 2891 est
478 2859 568 2892 aliud
581 2864 631 2899 at,
645 2860 732 2892 unde
754 2860 819 2890 hue
862 2860 950 2898 quod
965 2861 1000 2892 in
1014 2861 1095 2893 Mss.
1110 2866 1144 2892 et
1158 2860 1231 2892 edd.
1249 2866 1311 2898 est,
1325 2859 1472 2891 Turneb.
1486 2859 1567 2891 Adv.

779 2907 906 2945 302
