1769 3174
574 118 692 157 PRO
731 120 772 159 P.
809 120 1041 158 SEXTIO.
1454 127 1527 163 991

86 220 222 264 riculo
263 221 345 263 sibi
389 222 676 278 praestandam
716 222 915 265 videbat:
957 224 1069 264 dixit
1108 223 1403 268 vehementer:
1437 227 1529 282 egit

86 281 260 320 acriter:
284 293 334 319 ea
350 293 446 334 quae
463 280 608 329 sensit,
628 294 716 335 prae
735 294 779 320 se
797 280 915 321 tulit:
941 280 1045 329 dux,
1062 288 1225 331 auctor,
1244 294 1362 323 actor
1385 298 1526 325 rerum

83 334 250 377 illarum
271 336 377 377 fuit:
410 350 494 378 non
517 351 603 390 quo
637 337 869 392 periculum
901 351 1025 377 suum
1057 351 1140 378 non
1169 338 1345 391 viderit3
1378 341 1447 381 sed
1480 342 1520 381 in

83 402 204 434 tanta
234 392 480 448 reipublicae.
514 403 767 449 tempestate
799 393 905 434 nihil
936 394 1032 444 sibi,
1053 394 1130 434 nisi
1164 394 1216 434 de
1236 397 1385 450 patriae
1411 398 1520 451 peri-

82 449 206 501 culis,
227 450 508 505 cogitandum
541 451 735 505 putabat.
796 450 1064 491 Consecutus
1086 461 1149 491 est
1173 451 1304 506 ipsius
1329 453 1518 494 tribuna·
1533 448 1603 502 ‘29

84 514 167 547 tus.
230 506 348 553 Quid
389 520 472 562 ego
509 507 562 547 de
599 507 803 563 singulari
841 508 1138 563 magnitudine
1169 509 1299 549 animi
1331 510 1438 564 ejuS,
1471 518 1581 553 21069.

79 562 132 604 de
163 563 403 604 incredibili
430 565 586 604 virtute
615 565 783 608 dicam?
814 565 1069 606 meministis
1102 565 1220 605 illum
1251 565 1380 616 diem,
1405 582 1520 619 cum,

76 623 118 654 95
134 621 293 676 templo
332 636 357 661 a
388 620 554 677 collega
584 630 813 676 occupato,
846 622 970 662 nobis
1002 622 1203 663 omnibus
1234 622 1286 663 de
1312 624 1398 664 vita
1427 625 1519 679 ejus

79 676 158 718 viri
195 687 239 718 et
278 677 384 718 civis
421 678 687 728 timentibus,
723 680 812 734 ipse
854 679 997 720 animo
1042 680 1276 720 fortissimo
1317 680 1434 721 venit
1477 681 1521 722 in

78 733 302 790 templum,
343 744 387 774 et
426 734 655 775 clamorem
704 735 944 785 hominum,
986 737 1256 787 auctoritate,
1310 737 1521 793 impetum

77 789 390 846 improborum,
430 793 586 832 virtute
624 792 801 833 sedavit.
861 793 984 833 Adiit
1026 802 1117 833 tum
1154 793 1406 849 perieulum,
1445 795 1518 836 sed

75 848 184 889 adiit
205 849 261 889 ob
283 863 484 890 causam:
516 864 612 904 quae
636 859 797 904 quanta
827 848 970 900 fuerit,
995 850 1088 905 jam
1120 850 1226 891 mihi
1259 851 1400 892 dicere
1432 866 1517 893 non

75 914 140 946 est
161 919 347 946 necesse.
388 905 462 956 At,
485 907 519 946 si
542 907 612 947 isti
633 905 807 962 Cypriae
831 908 1046 962 rogationi
1070 907 1406 948 sceleratissimae
1431 923 1517 950 non

103 962 307 1014 aruisset3
339 962 519 1003 haereret
549 963 620 1004 illa
651 963 930 1004 nihilominus
958 965 1000 1004 in
1032 965 1252 1019 republica
1278 965 1518 1020 turpitudo.

72 975 230 1075 Regno
252 1019 367 1061 enim
391 1019 484 1074 jam
508 1020 743 1076 publicam,
766 1022 817 1062 de
840 1021 933 1077 ipso
958 1021 1125 1062 Catone
1147 1033 1238 1062 erat
1260 1023 1517 1064 nominatim

71 1086 287 1132 rogatum.
312 1077 426 1132 quod
446 1077 514 1118 ille
537 1079 570 1118 si
593 1079 872 1134 repudiasset,
894 1079 1116 1129 dubitatis,
1134 1079 1238 1134 quin
1261 1080 1299 1120 ei
1320 1080 1382 1120 vis
1405 1091 1517 1122 esset

71 1132 213 1184 allata,
236 1148 335 1175 cum
357 1135 502 1175 omnia
532 1145 629 1176 acta
660 1135 770 1176 illius
801 1136 901 1176 anni
935 1150 1009 1191 per
1041 1135 1158 1176 illum
1190 1151 1322 1177 unum
1352 1136 1515 1178 labefa-

69 1190 177 1232 ctari
198 1191 469 1234 viderentur?
498 1192 643 1247 Atque
664 1193 794 1233 etiam
813 1193 895 1233 hoc
919 1193 1116 1234 videbat:
1149 1193 1352 1248 quoniam
1377 1194 1446 1234 illa
1469 1195 1511 1236 in
1525 1205 1574 1240 63

69 1248 291 1304 republica
312 1249 479 1290 macula
501 1251 620 1305 regni
644 1249 851 1305 publicati
880 1259 1083 1300 maneret,
1105 1265 1234 1305 quam
1267 1265 1392 1291 nemo
1417 1251 1512 1305 jam

69 1313 215 1361 posset
242 1305 413 1357 eluere3
443 1307 484 1340 96
497 1307 612 1361 quod
645 1321 699 1347 ex
731 1307 852 1347 malis
885 1307 987 1347 boni
1027 1316 1171 1363 posset
1209 1309 1253 1348 in
1291 1309 1513 1363 republica

67 1362 307 1418 provenire,
330 1363 372 1404 id
396 1363 542 1404 utilius
563 1378 653 1404 esse
676 1378 749 1420 per
781 1378 824 1405 se
845 1365 1103 1415 conservari,
1124 1379 1253 1419 quam
1287 1379 1360 1420 per
1390 1365 1510 1407 alios.

66 1418 214 1474 Atque
244 1419 313 1460 ille
342 1420 509 1461 etiamsi
540 1421 799 1477 aliquapiam
823 1421 862 1462 vi
895 1420 1178 1477 expelleretur
1201 1421 1281 1462 illis
1305 1423 1511 1478 tempori-

68 1476 232 1518 bus-'ex
264 1477 344 1518 hac
383 1478 501 1528 urbe,
532 1477 657 1519 facile
698 1487 928 1534 pateretur.
963 1478 1139 1529 etenim,
1174 1480 1248 1534 qui
1291 1481 1551 1535 superioreb.

66 1547 180 1574 anno
202 1544 350 1575 senatu
374 1535 594 1585 caruisset,
611 1550 696 1590 quo
719 1535 752 1575 si
775 1546 865 1576 tum
889 1536 1066 1586 veniret,
1085 1550 1153 1576 me
1177 1547 1320 1577 tamen
1343 1536 1508 1579 socium

65 1604 240 1632 suorum
273 1591 317 1632 in
351 1593 570 1647 republica
603 1592 880 1634 consiliorum
916 1593 1058 1634 videre
1091 1602 1264 1647 posset:
1308 1593 1342 1634 is
1383 1609 1509 1648 aequo

63 1647 209 1689 animo
248 1658 355 1699 tum,
394 1663 463 1690 me
500 1650 696 1705 expulSO,
733 1659 777 1690 et
817 1664 914 1691 meo
955 1650 1130 1691 nomine
1172 1665 1271 1690 cum
1309 1650 1509 1692 universo

62 1715 227 1756 senatu,
261 1714 352 1747 tum
385 1709 597 1747 sententia
631 1722 707 1747 sua
743 1707 1043 1757 condemnata,
1077 1707 1119 1747 in
1159 1706 1241 1748 hac
1274 1708 1379 1748 urbe
1417 1722 1509 1749 esse

60 1766 232 1817 posset?
265 1762 342 1803 Ille
380 1778 478 1804 vero
516 1764 655 1804 eidem
695 1764 893 1819 tempori,
929 1765 999 1804 cui
1037 1778 1142 1815 nos3
1180 1764 1319 1805 eidem
1356 1764 1505 1816 furori,

60 1818 222 1860 eisdem
254 1820 516 1871 consulibus,
548 1821 708 1862 eisdem
742 1822 883 1872 minis,
915 1821 1096 1871 insidiis,
1129 1821 1329 1876 periculis
1361 1822 1504 1863 cessit.

57 1874 223 1919 luctum
264 1891 342 1918 nos
384 1877 603 1918 hausimus
641 1878 867 1934 majorem,
902 1878 1094 1919 dolorem
1132 1877 1202 1918 ille
1242 1878 1375 1919 animi
1415 1893 1504 1920 non

57 1933 284 1974 minorem.

119 1989 203 2031 His
235 1991 289 2032 de
321 1998 388 2031 tot
416 1991 632 2047 tantisque
663 1992 830 2046 injuriis
864 1992 908 2032 in
941 1991 1095 2042 socios,
1130 1991 1173 2033 in
1208 2006 1344 2048 reges,
1375 1992 1420 2033 in
1451 1990 1587 2040 li-3O

60 2044 184 2092 heras
215 2048 426 2099 civitates,
449 2049 671 2090 consulum
694 2048 866 2105 querela
895 2063 986 2090 esse
1016 2049 1182 2089 debuit.
1213 2049 1256 2089 in
1288 2050 1380 2105 ejus
1410 2062 1564 2096 τηε-64

59 2104 263 2159 gistratus
294 2105 441 2156 tutela,
467 2120 602 2162 reges,
632 2116 762 2160 atque
791 2115 953 2147 exterae
985 2106 1180 2146 nationes
1211 2120 1379 2163 semper
1408 2105 1502 2148 fue—

57 2170 172 2205 runt.
234 2161 396 2217 Ecquae
425 2177 509 2203 vox
542 2177 746 2218 umquam
777 2172 842 2203 est
872 2162 1020 2203 audita
1049 2162 1304 2204 consulum?
1337 2164 1504 2209 Quam-

57 2231 186 2272 quam
214 2222 255 2253 97
269 2220 364 2274 quis
395 2220 576 2270 audiret,
599 2220 633 2261 si
664 2220 853 2261 maxime
874 2221 994 2275 queri
1019 2219 1204 2261 vellent?
1236 2219 1304 2260 De
1336 2220 1503 2276 Cyprio

56 2287 159 2332 rege
179 2286 471 2331 quererentur,
493 2277 566 2332 qui
600 2291 670 2318 me
690 2277 845 2329 civem,
866 2276 984 2318 nullo
1014 2291 1111 2318 meo
1133 2276 1328 2328 crimine,
1350 2278 1501 2334 patriae

51 2445 168 2475 rentur
186 2442 317 2474 decreto
339 2447 486 2481 senatuS,
510 2444 550 2476 de
566 2453 630 2484 quo
645 2448 696 2474 est
717 2444 754 2474 in
839 2447 880 2479 97
903 2443 974 2484 quis
987 2444 1132 2481 audiret,
1146 2444 1175 2474 si
1188 2454 1232 2474 m.
1246 2454 1276 2484 q.
1292 2444 1425 2484 vellent]
1447 2446 1504 2478 Sic>

55 2483 153 2515 catil.
168 2484 230 2516 111.
796 2487 936 2523 correxi,
949 2491 988 2517 ut
1003 2486 1230 2526 Pantagathus
1246 2486 1361 2517 voluit.
1384 2488 1500 2518 Sermo

93 2528 134 2560 95
149 2528 268 2568 templo
281 2538 303 2558 a
316 2530 440 2568 collega
450 2527 616 2568 occupato]
632 2527 753 2558 Tribu-
795 2535 846 2559 est
873 2528 913 2558 de
942 2528 1141 2558 consulibus,
1170 2529 1281 2567 itaque
1307 2538 1375 2559 esse
1402 2529 1499 2559 debet

47 2566 120 2602 mli
140 2578 199 2609 pro
220 2569 361 2608 Rostris,
380 2582 400 2602 a
421 2571 463 2611 Ω.
478 2570 630 2608 Metello,
645 2570 752 2610 legem
794 2572 925 2607 vellent,
941 2579 1008 2600 non
1029 2571 1136 2608 vellet,
1152 2574 1190 2600 ut
1212 2575 1262 2600 est
1284 2570 1319 2600 in
1332 2570 1495 2610 vulgatis.

52 2613 170 2645 eontra
193 2611 387 2653 Pompeium
409 2613 546 2644 ferente.
591 2613 655 2643 Res
677 2622 752 2643 nar·
793 2618 907 2652 estque
929 2614 1046 2643 vellem
1070 2612 1105 2642 in
1127 2612 1201 2643 edd.
1221 2617 1305 2642 vett.
1328 2613 1494 2643 omnibus:

51 2655 146 2683 ratur
172 2663 193 2684 a
218 2653 397 2686 Plutarcho
421 2655 458 2685 in
484 2655 625 2692 Catone,
650 2654 751 2695 digna
792 2654 881 2685 Tum
904 2655 1021 2684 audire
1047 2654 1133 2685 clare
1157 2655 1298 2685 refertur
1318 2654 1359 2685 ad
1381 2656 1497 2693 queri.-

50 2689 151 2725 loetu.
791 2707 852 2728 nec
867 2697 990 2726 audere
1002 2696 1056 2726 hie
1080 2696 1189 2726 locum
1212 2696 1323 2726 habet.
1366 2696 1494 2735 Nempe

93 2735 135 2770 96
155 2737 239 2776 quod
261 2748 302 2770 ex
328 2739 426 2769 malis
453 2738 524 2769 boni
545 2739 647 2779 possit
669 2739 694 2769 i.
717 2749 746 2770 r.
791 2749 889 2770 nemo
911 2743 996 2775 erat,
1017 2738 1059 2769 ad
1080 2748 1177 2778 quem
1199 2737 1349 2767 consules
1370 2737 1495 2768 deferre

44 2779 230 2822 provevuire]
263 2780 398 2813 Correxi
426 2785 547 2823 pauet,
561 2780 747 2813 -latinitate
790 2780 938 2820 querelas
965 2786 1110 2820 possent.
1144 2789 1223 2809 nam
1249 2783 1382 2809 senatus
1411 2779 1496 2810 nihil

43 2818 195 2860 jubente.
791 2823 936 2855 valebat:
957 2821 1119 2865 populum
1133 2821 1270 2859 tenebat
1285 2821 1419 2853 Clodius
1434 2823 1493 2853 διο.

711 2871 835 2907 3Τ9
