1812 3147
386 163 515 202 POST
550 162 806 202 REDITUM
842 162 902 199 IN
942 162 1166 203 SENATU.
1425 170 1502 204 833

55 271 242 326 uiamque
269 268 435 320 dicunt,
471 277 515 309 et
542 267 759 323 judicant,
780 274 990 322 quantum
1029 266 1185 322 cuique
1219 267 1388 310 libidini
1423 269 1540 309 tri-b.

40 327 269 373 :buendum
303 340 395 367 esse
428 325 637 366 videatur.
700 324 872 366 Horum
905 324 974 366 ille
1008 324 1171 366 artibus
1204 325 1411 376 eruditus,
1437 327 1498 366 ita

10 380 280 430 :J'bontemsit
301 382 413 424 hanc
443 382 798 438 pudentissimam
827 381 1065 433 civitatem,
1088 391 1136 422 ut
1157 396 1306 423 omnes
1329 397 1424 423 suas
1448 383 1496 423 li-

16 440 232 493 fvbidineS,
265 440 412 481 omnia
450 440 617 496 flagitia
652 439 782 480 latere
818 453 942 495 posse
975 439 1268 490 arbitraretur,
1302 439 1336 480 si
1366 440 1495 480 modo

50 498 215 542 vultum
244 498 540 554 importunum
573 497 616 537 in
652 497 791 537 forum
822 496 1058 537 detulisset.
1117 498 1158 527 30
1174 495 1215 537 Is
1238 510 1322 547 me,
1344 502 1543 555 quam-7

50 569 178 613 quam
200 569 268 596 me
289 555 462 610 quidem
495 568 607 605 non;
638 563 894 610 (cognoram
926 554 1056 605 enim,
1080 563 1256 610 propter
1286 553 1495 594 Pisonum

50 611 318 663 affinitatem,
341 626 468 667 quam
504 611 633 667 longe
664 611 779 652 hunc
810 611 864 651 ab
895 611 978 652 hoc
1001 625 1156 667 genere
1177 611 1383 667 cognatio
1405 625 1496 652 ma-

49 677 169 712 terna
188 668 457 726 Transalpini
482 669 703 725 sanguinis
726 668 970 709 abstulisset
987 671 1016 720 3)
1048 668 1121 709 sed
1145 683 1234 718 VOS,
1266 667 1495 724 populum-

48 739 130 783 que
164 725 426 778 Romanum,
465 741 551 767 non
594 725 790 776 consilio,
826 740 964 781 neque
1000 725 1261 781 eloquentia,
1296 725 1411 781 quod
1450 725 1493 766 in

48 783 193 826 multis
212 798 327 839 saepe
345 783 518 834 accidit,
541 783 614 824 sed
633 783 750 839 rugis
769 783 1084 839 supercilioque
1103 783 1288 838 decepit.
1352 783 1401 823 L.
1422 782 1494 823 Pi-
1509 781 1555 814 16

49 854 110 892 so,
131 849 234 882 tune
266 856 393 882 ausus
436 856 479 881 es
526 840 608 882 isto
639 839 779 891 oculo,
814 855 899 881 non
933 841 1074 881 (licam
1108 840 1191 881 isto
1229 840 1389 891 animo,
1415 840 1496 881 ista

0 937 2 946 ,
48 897 202 948 fronte,
225 913 310 939 non
347 899 448 949 vita,
481 906 601 938 tanto
630 897 873 954 supercilio,
895 903 1000 949 (non
1034 898 1148 938 enim
1173 912 1345 953 possum
1378 898 1494 938 dice-

0 947 3 991 i
47 969 105 1006 re,
128 958 163 989 3¹
184 955 314 996 tantis
348 956 473 997 rebus
508 955 673 1011 gestis,)
696 970 794 995 cum
824 954 876 995 A.
899 954 1090 996 Gabinio
1121 955 1369 996 consociare
1391 969 1496 996 con-

0 995 4 1063 l
46 1012 140 1054 cilia
159 1012 291 1068 pestis
313 1016 450 1054 meae?
484 1013 583 1053 Non
620 1024 660 1053 te.
691 1012 802 1053 illius
837 1023 1152 1068 unguentorum
1178 1012 1298 1062 odor,
1321 1027 1408 1052 non
1432 1012 1496 1053 vi-

0 1069 2 1118 b
46 1069 89 1111 ni
127 1069 354 1121 anhelitus,
377 1085 464 1111 non
498 1070 616 1111 frons
655 1069 886 1110 calamistri
919 1080 1067 1110 notata
1099 1070 1309 1126 vestigiis,
1329 1069 1372 1110 in
1399 1083 1494 1111 eam

0 1163 1 1168 ,
42 1127 356 1183 cogitationem
395 1127 653 1178 adducebat,
682 1138 744 1178 ut,
778 1142 875 1168 cunr
911 1127 1021 1167 illius
1061 1141 1104 1167 re
1140 1126 1291 1167 similis
1326 1126 1494 1178 fuisses,

0 1202 2 1206 ’
42 1183 196 1226 frontis
219 1184 297 1226 tibi
321 1185 620 1241 integumento
642 1185 694 1226 ad
722 1184 980 1225 occultanda
1005 1194 1123 1225 tanta
1141 1185 1309 1240 flagitia
1331 1184 1494 1225 diutius

42 1241 106 1283 uti
137 1256 224 1283 non
253 1241 424 1284 liceret?
457 1242 570 1284 Cum
603 1242 686 1283 hoc
718 1244 817 1282 tu3‘2
831 1241 947 1283 coire
977 1257 1105 1283 ausus
1135 1257 1195 1292 es,
1218 1252 1266 1282 ut
1295 1241 1494 1282 consula-

42 1312 131 1341 rem
160 1299 434 1355 dignitatem,
454 1309 502 1340 ut
534 1299 782 1355 reipublicae
821 1309 995 1351 statum,
1019 1311 1067 1340 ut
1100 1309 1270 1340 senatus
1303 1299 1492 1340 auctori-

41 1363 189 1406 tatem,
212 1366 259 1398 ut
283 1356 391 1398 civis
424 1357 589 1413 optime
620 1358 760 1397 meriti
788 1356 981 1397 fortunas
1007 1357 1326 1412 provinciarum
1349 1355 1491 1398 foede-

40 1425 86 1456 re
117 1414 362 1457 addiceres?
392 1413 454 1455 Te
486 1414 677 1465 consule,
703 1414 787 1455 tuis
820 1414 972 1456 edictis
1006 1424 1049 1454 ct
1078 1414 1284 1470 imperiis,
1321 1414 1488 1455 senatui

40 1470 288 1527 populoque
324 1471 525 1513 Romano
556 1486 642 1513 non
673 1481 739 1512 est
767 1471 950 1523 licitum,
983 1486 1069 1512 non
1103 1471 1233 1512 modo
1264 1471 1489 1512 sententiis

38 1537 169 1583 atque
189 1529 445 1570 auctoritate
467 1544 556 1580 sua,
579 1528 650 1570 sed
670 1531 709 1559 33
733 1543 786 1569 ne
814 1528 932 1570 luctu
957 1529 1133 1585 quidem
1157 1544 1207 1570 ac
1230 1529 1388 1569 vestitu
1408 1529 1489 1569 rei-

39 1585 226 1642 publicae.
250 1586 491 1628 subvenire.
553 1585 775 1642 Capuaene
809 1597 850 1627 te
880 1587 1078 1642 putabas,
1111 1587 1153 1627 in
1178 1601 1263 1642 qua
1285 1586 1390 1627 urbe
1412 1587 1552 1635 clo-17

39 1642 248 1684 micilium
284 1643 501 1698 quondam
545 1644 758 1700 superbiae
796 1643 894 1695 fuit,
933 1644 1153 1685 consulem
1187 1659 1293 1695 esse,
1315 1646 1355 1673 3⁴
1379 1643 1491 1685 sicut

39 1713 129 1740 eras
148 1715 199 1742 eo
222 1710 441 1757 tempore:
474 1715 526 1742 an
548 1701 720 1752 Romae,
742 1702 786 1742 in
817 1716 902 1757 qua
923 1701 1100 1743 civitate
1121 1716 1270 1742 omnes
1292 1711 1392 1741 ante
1416 1716 1491 1744 vos

37 1757 233 1799 consules
267 1759 432 1799 senatui
466 1761 729 1814 paruerunt?
761 1757 827 1799 Tu
860 1773 905 1799 es
938 1774 1080 1810 ausus,
1103 1759 1147 1800 in
1177 1758 1307 1799 Circo
1333 1758 1492 1799 Flami-

37 1814 112 1855 nio
135 1815 382 1870 productus,
405 1830 504 1857 cum
536 1825 609 1857 tuo
644 1816 717 1857 illo
749 1816 841 1872 pari
872 1816 1029 1867 dicere,
1052 1826 1094 1857 te
1128 1821 1296 1872 semp'er
1326 1816 1492 1856 miseri-

35 1873 211 1915 cordem
254 1873 411 1916 fuisse?
449 1888 535 1928 quo
577 1873 709 1915 verbo
752 1883 962 1925 senatum,
991 1883 1122 1929 atque
1161 1888 1308 1914 omnes
1353 1874 1490 1915 bonos

36 1937 147 1981 tum,
169 1934 209 1962 35
222 1945 321 1972 eum
351 1946 375 1971 a
398 1931 538 1987 patria
573 1940 739 1988 pestem
774 1930 1051 1988 depellerent,
1084 1931 1274 1973 crudeles
1311 1931 1490 1972 demon·

780 2102 873 2133 valde
885 2113 895 2133 x
912 2102 967 2133 sed
976 2108 1089 2133 tamen
1099 2101 1234 2141 vulgata
1245 2104 1348 2144 magis
1360 2104 1468 2145 placet
1480 2117 1486 2136 :

779 2145 934 2175 Pertinet
956 2155 1007 2175 res
1029 2144 1070 2175 ad
1093 2144 1236 2175 edietum
1261 2146 1300 2177 de
1315 2151 1404 2177 veste
1420 2157 1488 2179 non

781 2187 955 2224 mutanda,
972 2188 1008 2217 iu
1024 2184 1152 2226 qua'est
1168 2189 1287 2226 luctus,
1304 2197 1343 2220 ut
1365 2189 1487 2221 diserte

782 2229 928 2270 appellat
944 2229 1059 2262 Cicero
1073 2238 1172 2269 supra
1183 2242 1212 2261 c.
1227 2233 1257 2261 5.
1302 2233 1422 2262 Sensuz
1436 2238 1485 2264 est

778 2282 869 2311 ergo,
886 2282 926 2302 ne
950 2272 1044 2302 luctu
1065 2271 1210 2311 quidem,
1224 2274 1280 2312 qui
1303 2282 1391 2304 veste
1413 2284 1485 2304 mu-

778 2320 850 2345 tata
876 2314 1055 2345 indicatur.
1114 2315 1223 2354 Atque
1248 2316 1349 2346 etiam
1380 2327 1409 2346 e.
1437 2319 1484 2348 15.

778 2357 1030 2396 conjunguntur
1045 2356 1168 2398 flentes
1193 2361 1224 2387 et
1247 2359 1418 2389 sordidati.
1441 2360 1483 2390 cf.

778 2409 840 2439 pro
855 2399 942 2429 dom.
959 2402 1011 2430 21.
1026 2406 1107 2430 extr.

820 2444 862 2472 34
896 2443 980 2472 sicut
1007 2451 1082 2471 eras
1109 2452 1142 2471 eo
1170 2441 1208 2480 t.]
1250 2442 1382 2482 Proprie
1411 2449 1483 2475 erat

52 2133 54 2136 ,
89 2103 131 2132 30
154 2101 189 2132 Is
210 2111 262 2132 me
288 2100 367 2141 etc.]
404 2100 483 2131 Non
513 2103 736 2141 praestiterim,

31 2141 124 2180 hune
143 2143 254 2174 locum
279 2144 338 2180 sie,
362 2151 399 2174 ιιι
429 2144 590 2174 Gruterus
616 2145 736 2175 consti-

35 2184 116 2223 tuit,
145 2186 243 2217 fuisse
270 2196 290 2216 a
317 2186 484 2217 Ciceronis
516 2197 629 2217 manu.
675 2186 739 2217 Sed

31 2225 110 2259 -h'bri
133 2227 181 2259 ita
201 2228 343 2265 variant,
359 2234 397 2259 ut
423 2228 476 2258 hic
506 2229 552 2259 nil
576 2230 657 2260 certi
685 2230 739 2260 sit.

32 2265 149 2310 ,ltaque
162 2271 208 2301 sic
220 2271 347 2310 reliqui.
391 2271 539 2302 Graevius
553 2271 655 2302 edidit
668 2272 732 2302 sic:

35 2309 72 2351 Ie
82 2322 133 2343 me
143 2313 269 2353 quidem
284 2313 418 2343 minime
427 2327 437 2347 ;
455 2323 633 2353 cognoram
648 2315 736 2344 enim

31 2361 66 2394 p.
91 2354 135 2386 P.
158 2354 357 2396 affinitatem
371 2367 380 2383 .-
414 2365 616 2396 quamquam
642 2358 737 2396 longe

28 2396 121 2428 vImm:
136 2398 194 2428 &c.
217 2397 304 2438 quod
318 2397 399 2428 mihi
414 2408 481 2429 non
498 2398 623 2439 placet:
647 2406 736 2430 certe

30 2446 102 2469 *non
115 2449 327 2480 quamquam,
341 2440 427 2480 quod
446 2441 539 2471 nullo
564 2440 662 2472 modo
682 2452 734 2472 ve·

37 2489 108 2512 rum
123 2490 190 2513 esse
204 2487 324 2523 potest.

77 2525 113 2554 31
137 2525 240 2555 tantis
259 2526 354 2556 rebus
369 2524 484 2564 gestis]
511 2525 620 2557 Rebus
642 2525 734 2556 abest

35 2563 106 2597 odd.
123 2571 201 2597 ante
225 2567 356 2598 Manut.
383 2570 472 2599 1540.
495 2573 531 2599 et
545 2568 735 2599 Lambinia-

34 2614 124 2645 nam,
158 2613 193 2639 et
219 2609 299 2640 Mss.
335 2610 436 2640 etiarn
473 2610 582 2641 Guelf.
612 2614 734 2651 praeter

35 2647 103 2680 Erf.
118 2651 173 2689 qui
194 2662 213 2682 a
234 2662 280 2682 m.
295 2662 359 2683 sec.
382 2651 438 2682 sed
460 2652 597 2692 antiqua
622 2653 732 2684 habet.

33 2689 134 2722 Recte
149 2692 296 2724 additum
310 2699 371 2725 est.

73 2735 117 2781 3⁸32
138 2736 234 2776 coire]
271 2736 418 2767 Graevius
445 2747 463 2768 e
487 2737 552 2768 Ms.
578 2736 667 2768 Pith.
696 2741 733 2767 tu

32 2783 126 2807 eozre.
142 2784 241 2808 recte.

74 2819 114 2848 33
136 2828 177 2849 ne
192 2821 280 2851 luctu
295 2820 438 2861 quidem]
464 2821 612 2852 Graevius
629 2833 646 2852 e
667 2822 732 2852 Ms.

33 2857 120 2891 Pith.
135 2861 236 2893 edidit
256 2865 350 2893 vultu
364 2868 394 2893 et
409 2864 539 2894 vestitu.
561 2864 608 2894 sic
627 2869 663 2894 et
684 2871 734 2895 est

35 2901 68 2931 ln
82 2901 150 2934 Erf.
166 2914 186 2935 a
200 2914 244 2936 m.
268 2915 331 2937 sec.
353 2905 439 2944 quod
462 2914 530 2937 non
553 2905 734 2947 improbem

779 2483 901 2524 Capuae
916 2485 1091 2514 duumvir.-
1105 2483 1161 2514 sed
1173 2484 1341 2514 brevitatis
1357 2492 1390 2516 et
1405 2497 1483 2517 con-

777 2526 948 2556 cinnitatis
964 2535 1062 2557 causa
1077 2536 1142 2556 uon
1159 2526 1296 2563 addidit,
1314 2534 1348 2557 et
1363 2529 1482 2559 abusus

777 2574 827 2598 est
844 2568 977 2598 nomine
1000 2569 1143 2599 consulis
1171 2574 1306 2608 propter
1327 2571 1482 2601 similitu-

775 2610 886 2641 dinem
912 2611 1126 2650 magistratus
1148 2612 1330 2650 utriusque,
1347 2623 1481 2652 praeser-

775 2653 838 2683 tim
854 2654 888 2683 in
902 2653 960 2683 illa
976 2653 1067 2690 urbe,
1079 2662 1155 2692 quae
1170 2658 1242 2682 tum
1266 2664 1358 2693 paeue
1375 2656 1481 2686 Runa

776 2695 881 2726 altera
892 2696 1084 2736 putabatur,
1097 2700 1136 2726 ut
1151 2696 1265 2726 Cicero
1279 2696 1327 2726 ait
1340 2698 1481 2737 Philipp.

775 2737 857 2774 XII,
872 2740 904 2768 3.

819 2782 859 2810 35
883 2789 956 2810 eum
972 2789 993 2810 a
1005 2781 1122 2819 patr-Ia
1132 2784 1257 2819 pestem
1271 2781 1477 2820 ‹IeanissemJ

777 2821 925 2852 Graevius
941 2822 1003 2852 hoc
1017 2823 1162 2862 spurium
1180 2822 1331 2862 putabat,
1345 2830 1379 2852 et
1390 2823 1482 2854 abwt

777 2874 796 2893 a
813 2864 892 2894 Mss.
903 2864 1109 2903 quibusdam,
1124 2865 1224 2894 etiam
1238 2864 1303 2894 Gu.
1319 2871 1352 2894 et
1367 2865 1415 2895 ed.
1427 2866 1481 2897 w.

778 2905 841 2936 Sed
857 2906 905 2937 ita
919 2907 1002 2947 perit
1016 2907 1175 2937 orationis
1199 2907 1341 2937 ambitus
1364 2914 1397 2937 et
1413 2917 1480 2938 nun

719 2954 855 2990 313
