1769 3174
0 1901 2 1903 >
53 1889 136 1931 est,
173 1881 443 1924 consulatus:

26 382 34 390 ·
61 371 205 403 tamen
230 362 335 403 mihi
358 376 443 402 non
468 361 626 416 ingrati
656 360 824 403 aer-idei
830 369 919 401 unt

474 143 602 182 PRO
641 142 736 181 CN.
773 142 1074 182 PLANCIO.
1421 147 1499 182 949,

60 246 112 289 ad
133 260 198 300 ea,
221 262 316 304 quae
339 246 514 299 dixisti3
544 261 641 310 quae
665 245 865 302 pleraque
889 249 924 280 17
939 246 1024 287 de
1015 260 1109 302 ipso
1132 259 1199 286 mc
1222 244 1419 288 fuerzunt
1453 247 1498 287 in

60 305 218 360 quibus
249 305 329 361 ipsi
361 304 512 368 aculei,
540 318 705 366 Siquos
736 303 927 344 habuisti
958 303 1000 343 in
1031 316 1100 343 me
1133 302 1499 358 repoehcndendo,

981 359 1205 411 Quaesisti,
1227 369 1370 400 utrum
1392 360 1497 401 mihi
1513 365 1562 400 59

61 428 272 474 putarem,
302 419 459 473 equitis
494 417 681 458 Romani
713 417 817 471 filio,
849 416 1086 459 faciliorem
1117 416 1247 458 fuisse
1281 417 1332 458 ad
1363 417 1502 472 adipi-

61 477 240 517 scendos
274 476 454 516 honores
489 474 616 527 viam,
639 489 693 516 an
724 474 911 517 futuram
935 488 1026 516 esse
1050 474 1140 515 filio
1163 488 1273 525 me0‚
1296 474 1368 529 qui
1392 483 1503 514 esset

59 531 225 574 familia
254 532 481 574 consulari.
541 531 638 588 Ego
672 545 787 584 vero,
817 546 1077 588 quamquam
1107 531 1168 572 illi
1198 531 1345 572 omnia
1374 530 1503 582 malo,

61 604 188 644 quam
214 589 346 642 milii3
379 599 519 631 tamen
542 589 603 630 illi
625 589 838 632 honorum
869 590 1009 631 aditus
1032 603 1267 645 numquam
1289 588 1504 630 faciliores

62 647 226 702 optavi,
257 662 387 703 quam
418 646 524 688 mihi
556 646 745 687 fuer.unt
777 647 882 703 quin
913 646 1060 700 etiam,
1093 660 1146 687 ne
1177 646 1288 687 forte
1322 645 1391 686 ille
1422 645 1505 686 sibi

59 717 130 744 me
162 704 306 760 potius
339 703 553 760 peperisse
579 703 672 759 jam
704 705 903 758 honores,
927 719 1055 760 quam
1087 704 1169 745 iter
1189 704 1505 745 demonstrasse

59 760 435 816 adipiscendorum
474 770 622 817 putet·
663 761 758 805 haec
797 763 858 805 illi
897 762 1012 804 soleo
1047 761 1297 818 praecipere,
1335 764 1506 816 (quam-

57 831 190 873 quam
213 819 265 860 ad
290 828 508 883 piaecepta
533 821 568 850 18
583 826 687 860 aetas
719 836 805 863 non
831 828 897 864 est
927 819 1104 876 gravis,)
1127 833 1224 874 quae
1247 818 1316 860 ille
1347 832 1371 860 a
1393 817 1505 860 Jove

59 883 194 927 ortus,
217 876 302 916 suis
326 875 525 932 praecipit
547 875 670 917 filiis:

219 944 243 979 l
241 944 454 992 igilanclum
472 949 525 981 est
542 956 706 993 semper.-
734 945 858 981 multoe
874 945 1017 982 insidiae
1033 949 1117 981 sunt
1136 945 1246 982 bonis.

59 1003 210 1048 Nostis
233 1016 399 1049 cetera:

214 1075 299 1112 Non
317 1081 352 1112 te
369 1077 408 1112 icl
427 1075 523 1125 quod
540 1076 647 1111 multi
665 1076 863 1121 invideant,

57 1150 155 1191 quae
179 1138 350 1194 scripsit
374 1140 411 1173 19
425 1137 567 1194 gravis
590 1137 659 1178 ille
680 1146 724 1178 et
745 1135 994 1192 ingeniosus
1020 1136 1175 1192 po'eta:
1209 1136 1395 1193 scripsit,
1416 1151 1504 1180 non

58 1203 108 1234 ut
138 1193 230 1235 illos
263 1209 403 1251 regios
436 1209 604 1251 pueros,
626 1195 700 1250 qui
727 1194 822 1249 jam
853 1208 1063 1248 nusquam
1086 1202 1222 1245 erant,
1250 1195 1321 1235 sed
1344 1203 1392 1235 ut
1424 1209 1501 1236 nos

55 1259 100 1291 et
121 1261 290 1293 nostros
312 1253 468 1293 liberos
489 1252 542 1293 ad
566 1252 755 1293 laborem
778 1259 822 1292 et
842 1250 1012 1293 laudern
1034 1251 1259 1292 excitaret.

57 1308 162 1363 quid
198 1310 387 1365 potuerit
424 1309 607 1365 amplius
645 1308 813 1374 assequi
849 1308 1066 1360 Plancius,
1101 1309 1135 1349 si
1168 1308 1250 1350 Cn.
1283 1308 1500 1365 Scipionis

55 1364 206 1406 fuisset
228 1366 354 1408 filius.

415 1366 564 1422 Magis
597 1366 732 1407 aedilis
754 1366 845 1407 fieri
877 1380 965 1407 non
995 1365 1228 1422 potuisset:
1260 1366 1384 1407 20sed
1416 1367 1500 1409 hoc

57 1432 295 1478 praestaret‚
332 1424 448 1489 quod
486 1425 525 1464 ei
561 1423 702 1464 minus
734 1423 1011 1465 invideretur

1072 1421 1247 1464 Etenim
1282 1422 1499 1465 honorum

54 1480 213 1534 gradus
235 1482 412 1522 summis
432 1480 678 1522 hominibus
696 1489 740 1521 et
760 1481 920 1522 infimis
943 1489 1043 1521 sunt
1064 1494 1210 1544 pares:
1244 1479 1393 1537 gloriae
1413 1482 1499 1523 dis-

56 1551 134 1592 pal·
136 1552 194 1580 ΕΞ.

257 1539 366 1585 Quis
396 1537 592 1579 nostrum
625 1553 668 1579 se
692 1538 800 1579 dicit
821 1538 889 1579 M.
913 1537 1062 1589 Curio,
1084 1552 1178 1592 quis
1206 1537 1258 1579 C.
1283 1537 1582 1590 Iabricio,25

55 1594 151 1647 quis
174 1598 210 1626 ’1
228 1595 280 1637 C.
305 1595 477 1636 Duellio
500 1598 674 1660 parem?
703 1595 799 1651 quis
820 1595 957 1636 Atilio
981 1594 1210 1638 Calatino?
1241 1596 1336 1650 quis
1355 1596 1437 1637 Cn.
1456 1606 1500 1637 ct

58 1649 109 1692 P.
133 1652 441 1709 Scipionibus?
477 1653 570 1708 quis
593 1652 818 1704 Africano,
843 1651 1069 1702 Mamello,
1093 1651 1324 1694 Maximo?
1356 1662 1498 1695 tamen

55 1709 228 1750 eosdem
261 1725 406 1751 sumus
437 1710 649 1751 honorum
680 1710 854 1766 gradus,
875 1724 983 1766 quos
1013 1709 1088 1760 illi,
1110 1710 1310 1751 assecuti.

1369 1711 1502 1752 2⁰Et-

54 1765 173 1807 enim
202 1766 247 1807 in
271 1768 429 1808 virtute
457 1767 582 1808 multi
612 1767 865 1809 adscensus:
898 1776 946 1808 ut
979 1781 1014 1807 1s
1048 1766 1186 1822 glmia
1214 1767 1404 1808 maxime
1426 1783 1503 1810 ex-

56 1822 196 1875 cellat,
217 1824 292 1879 qui
315 1826 475 1866 virtute
505 1825 739 1881 plurimum
769 1832 961 1880 praestet.
995 1823 1209 1866 honorum
1232 1825 1381 1881 populi
1403 1825 1502 1867 finis

95 2081 131 2112 17
154 2078 194 2109 de
216 2079 266 2119 ips
267 2090 283 2109 ο
305 2079 370 2119 me]
394 2079 518 2120 Vulgg.
533 2081 572 2110 de
593 2081 660 2120 ipso
673 2081 752 2111 sine.

51 2119 136 2152 Edd.
153 2131 204 2161 pr
216 2123 302 2163 fine.
327 2132 377 2152 me
391 2121 430 2153 de
446 2123 637 2163 conjectura
651 2123 753 2153 edidit

17 2175 19 2178 ¹
50 2161 244 2202 Lambinus,
259 2175 276 2194 e
292 2164 688 2196 Ms.Erf.G1aevius.1d
703 2175 753 2195 res

11 2223 17 2234 2
50 2205 211 2246 postulat,
225 2207 294 2237 sine
305 2212 340 2237 et
342 2207 416 2249 fine
430 2211 507 2237 sunt
524 2207 630 2238 nihili.

97 2250 134 2278 18
157 2252 237 2279 oetas
259 2259 323 2280 non
347 2254 393 2280 est
414 2250 544 2288 grazis]
573 2250 595 2279 i.
622 2259 650 2280 e.
675 2249 755 2279 satis

7 2286 12 2291 ’
55 2294 220 2322 constans.
259 2291 312 2322 Sic
327 2292 394 2323 Ms.
412 2292 479 2324 Erf.
509 2291 590 2323 Edd
605 2301 656 2332 pr.
668 2301 755 2331 gna-

29 2343 31 2345 ·
52 2336 116 2370 tus,
142 2333 229 2364 unde
254 2333 381 2364 factum
405 2335 504 2373 gnati
527 2344 553 2365 s.
579 2335 664 2371 nati,
689 2334 754 2374 pri-

51 2383 142 2406 mum
161 2376 202 2406 ab
216 2375 476 2417 A1‹10.Superv
478 2387 598 2408 acuum
612 2380 684 2407 erat
698 2376 754 2407 ad-

52 2416 126 2448 dere
154 2426 276 2448 nomen
304 2418 378 2456 filii,
405 2425 440 2449 et
466 2419 583 2450 dixisse
603 2419 676 2461 filii
703 2418 755 2449 vel

45 2460 156 2500 pueri.
200 2459 348 2500 Vestigia
372 2471 458 2492 xerae
493 2462 643 2492 lectionis
678 2466 757 2491 sunt

54 2501 89 2531 in
110 2501 251 2533 lectione
269 2509 378 2534 vetere
397 2508 533 2543 gnatus.
558 2514 635 2534 mox
658 2504 713 2533 ille
734 2513 758 2533 α

53 2542 135 2575 Jove
159 2549 248 2575 ortus
268 2545 399 2576 videtur
423 2555 490 2577 esse
511 2546 642 2581 Atreus,
664 2545 756 2576 dovis

52 2595 226 2627 pronepos.

98 2631 134 2662 19
166 2638 212 2668 gr
213 2629 371 2669 .-—poZ³ta]
410 2629 489 2660 Non
518 2634 662 2668 constat,
687 2631 754 2670 qui.

54 2667 172 2700 Versus
195 2671 229 2701 hi
253 2676 332 2702 sunt
357 2675 391 2703 et
415 2673 451 2703 in
476 2673 632 2704 Sextiana
653 2684 682 2703 c.
704 2676 755 2704 48

55 2711 170 2752 paullo
181 2713 289 2744 aliter.

97 2756 138 2785 20
159 2756 215 2786 sed
229 2757 285 2786 hoe
294 2765 339 2795 pr
340 2756 469 2796 oescare]
489 2756 549 2787 Ed.
563 2757 584 2787 J
587 2761 658 2787 unt.
670 2766 755 2796 proe-

52 2799 168 2834 staret,
193 2803 232 2827 ut
258 2797 466 2829 Guiliehnius
490 2799 633 2836 volebat,
659 2799 756 2839 idque

55 2839 181 2878 recepi:
200 2849 267 2869 non
281 2840 369 2874 enim
385 2841 555 2870 commode
571 2851 620 2880 pr
611 2841 756 2871 recedens

50 2880 205 2918 potuisset
219 2881 426 2922 welligitxir.
466 2883 594 2914 Deinde
610 2884 695 2923 quod
708 2893 756 2914 1¹-e

495 1897 624 1938 quem
662 1882 964 1938 magistratum
999 1881 1093 1937 Jam
1133 1882 1373 1939 octingenti
1411 1882 1512 1924 fere

16 1986 18 1989 .
53 1939 276 1980 consecuti
297 1949 410 1981 sunt.
433 1940 603 1992 horum,
626 1939 660 1981 si
683 1940 912 1996 diligenter
933 1941 973 1971 23
988 1953 1170 1995 quaeras‚
1188 1955 1263 1981 vix
1286 1940 1497 1982 decimam
1511 1945 1544 2009 aP·
1561 1937 1635 1970 272.

794 2079 967 2111 ferendum
990 2079 1032 2111 ad
1053 2081 1127 2110 hoc.
1123 2092 1130 2099 ·
1153 2079 1209 2111 sed
1233 2081 1342 2120 potius
1363 2081 1502 2113 fortasse

794 2121 971 2162 legendum
986 2132 1066 2162 quo:
1088 2122 1175 2162 quod
1189 2123 1325 2153 verbum
1341 2129 1504 2164 proestare

795 2164 969 2195 desiderat.
997 2175 1054 2205 per
1082 2164 1313 2206 compendium
1342 2167 1503 2208 seriptum

797 2211 848 2237 est
861 2207 896 2237 in
908 2207 999 2237 libris
1013 2207 1177 2238 omnibus.

840 2251 878 2281 21
895 2249 941 2280 P.
956 2249 1105 2288 Duellio]
1131 2249 1172 2280 In
1193 2250 1356 2291 scriptura
1370 2255 1420 2281 est
1441 2251 1502 2282 Ar-

798 2291 974 2329 chaismus,
987 2302 1047 2332 pro
1061 2291 1224 2324 Duillius.
1268 2293 1410 2331 Deinde,
1425 2294 1503 2332 quia

797 2334 922 2365 clarum
949 2340 1012 2372 est,
1036 2344 1104 2365 esse
1132 2335 1386 2375 intelligendum
1411 2346 1502 2373 eum,

797 2377 852 2415 qni
875 2377 1000 2417 primus
1021 2377 1122 2408 classe
1149 2377 1227 2408 vicit
1250 2378 1503 2418 Carthaginien-

797 2428 859 2456 ses,
873 2419 1078 2450 scribendum
1099 2419 1166 2449 fuit
1185 2419 1218 2451 C.
1234 2420 1381 2452 Duellio.
1403 2426 1503 2460 atque

798 2462 844 2492 sic
857 2461 954 2491 edidi.
971 2472 1000 2492 v.
1015 2467 1050 2492 et
1062 2462 1154 2493 Clav.

841 2506 881 2534 22
904 2503 1043 2534 Etenim
1064 2505 1100 2533 in
1124 2505 1248 2534 virtute
1270 2505 1368 2536 multi
1392 2514 1504 2535 ascen·

798 2545 879 2586 sus]
904 2546 957 2576 Sic
979 2546 1044 2578 Ms.
1061 2546 1130 2576 Erf.
1151 2552 1190 2576 ut.
1212 2547 1396 2586 corrigebat
1421 2547 1501 2577 olim

798 2588 997 2618 Lambinus:
1035 2593 1069 2619 et
1104 2588 1167 2618 hoc
1191 2594 1240 2619 est
1267 2599 1393 2619 verum.
1422 2598 1500 2619 nam

797 2629 851 2660 hic
872 2631 1046 2661 manifeste
1069 2640 1219 2661 ascensus
1233 2636 1281 2661 ost
1304 2641 1364 2671 pro
1385 2630 1502 2669 gradu,

799 2676 838 2702 ut
863 2672 954 2710 alibi,
980 2673 1062 2704 Har.
1085 2673 1124 2703 R.
1150 2676 1182 2706 7.
1210 2673 1263 2702 ubi
1292 2682 1366 2703 cum
1389 2673 1502 2710 gradu

797 2718 1020 2754 permutatur,
1035 2720 1070 2745 et
1091 2715 1131 2745 de
1152 2714 1255 2754 Legg.
1272 2715 1300 2751 1,
1320 2717 1350 2744 3.
1375 2715 1432 2744 ubi
1452 2719 1503 2745 est

792 2758 925 2796 primus
938 2766 1098 2787 aseensus.
1143 2757 1249 2787 Miror
1264 2756 1429 2786 Graevium
1449 2756 1503 2788 hie

799 2808 866 2829 non
881 2803 1031 2829 secutum
1043 2808 1112 2829 esse
1125 2798 1217 2828 illurn
1234 2798 1354 2829 Codide
1356 2807 1400 2827 m.

841 2844 881 2870 23
896 2850 984 2880 quoer
985 2850 1159 2880 crs—repet·
1162 2841 1201 2879 is]
1219 2841 1281 2870 Pro
1295 2850 1384 2881 quoer
1385 2850 1422 2870 as
1436 2840 1502 2871 Ms.

799 2883 868 2914 Erf.
885 2892 1018 2923 qzcaeres,
1033 2882 1119 2922 quod
1133 2882 1280 2913 Graevius
1301 2883 1371 2913 siue
1395 2892 1503 2913 neces-

1313 1252 1499 1304 Quaeris,
1513 1263 1565 1297 60
