1785 3185
595 105 716 144 PRO
740 104 788 145 Q.
815 104 1083 142 LIGARIO.
1462 106 1559 141 1228

107 210 201 260 ‘'t-io,
234 217 282 250 ut
321 210 379 257 Q.
416 208 612 266 Ligarius
647 208 973 258 condemnetur,
1011 207 1085 247 sed
1122 214 1169 247 ut
1204 215 1395 248 necetur.
1457 206 1559 248 Hoc

111 268 215 322 egit
243 267 350 308 civis
384 266 606 308 Romanus
636 275 736 307 ante
769 275 808 305 te
836 279 976 305 nemo.
997 263 1165 304 externi
1189 262 1259 302 isti
1283 274 1382 304 sunt
1403 279 1557 307 more-S.

123 338 258 378 usquc
279 324 332 365 ad
355 325 606 380 sanguinem
631 322 798 364 incitari
822 321 929 362 solet
958 321 1106 362 odium
1137 329 1210 359 aut
1242 318 1396 360 levium
1431 322 1556 362 Grae-

123 395 288 432 corum,
310 389 385 422 aut
406 381 657 421 immanium
682 379 985 420 Barbarorum.
1037 377 1147 418 Nam
1172 375 1271 431 quid
1297 378 1409 417 aliud
1433 380 1556 433 agis?

125 447 173 478 ut
198 437 350 479 Romae
373 452 427 479 ne
449 439 531 479 sit?
562 447 610 478 ut
640 437 770 478 domo
790 438 961 478 careat?
992 449 1045 476 ne
1075 447 1172 474 cum
1205 434 1381 487 optimis
1414 434 1555 476 frawi-

125 494 220 545 bus,
251 509 304 536 ne
334 510 432 536 cum
467 496 547 537 hoc
578 494 629 537 T.
654 494 867 544 Broccho,
889 491 1102 534 avunculo
1134 505 1227 542 suo,
1251 505 1303 530 ne
1332 505 1429 531 cum
1461 492 1556 547 ejus

113 551 228 602 filio,
251 553 510 594 consobrino
533 567 625 603 suo,
646 566 701 593 ne
723 551 947 593 nobiscum
970 551 1115 591 vivat?
1145 562 1200 588 ne
1230 550 1286 588 sit
1315 548 1359 600 in
1391 552 1599 604 patria?1¹·
1620 547 1688 580 ¹39-

121 623 227 650 num
258 613 350 651 est?
381 625 485 651 num
517 619 657 665 potest
689 609 826 663 magis
847 621 991 649 carere
1012 606 1078 647 'nis
1100 605 1317 656 omnibus,
1336 620 1464 663 quam
1487 597 1600 647 ca-a'

123 669 216 708 ret?
249 665 374 708 Italia
395 667 663 724 prohibetur,
685 672 866 708 exsulat.
930 665 1028 706 Non
1062 674 1105 705 tu
1137 677 1242 719 ergo
1275 662 1389 704 hunc
1421 664 1559 720 patria

125 724 308 778 privare,
337 739 423 780 qua
451 735 582 775 caret,
614 725 685 765 scd
718 725 820 773 vita,
846 722 921 763 vis.
980 721 1041 762 At
1071 722 1200 772 istud,
1231 734 1284 761 ne
1314 722 1427 776 apud
1459 735 1556 763 eum
1574 721 1621 755 12

116 781 299 835 ,quidem
331 782 601 833 dictatorem,
632 781 704 837 qui
742 794 904 830 omnes,
935 793 1043 835 quos
1078 778 1241 828 oderat,
1272 787 1412 819 morte
1448 779 1558 820 mul-

126 839 263 888 tabat,
285 839 511 894 quisq-uam
541 840 632 895 egit
662 841 745 880 isto
773 838 919 878 modo.
942 837 1032 893 ipse
1055 835 1241 891 jubebat
1262 835 1418 886 occidi,
1441 836 1558 878 nullo

125 895 396 950 postulante:
429 898 616 952 praemiis
638 896 768 936 etiam
795 894 1021 935 invitabat.
1044 908 1140 949 quae
1163 902 1307 933 tamen
1328 893 1558 935 crudelitas

127 953 182 992 ab
204 954 355 994 eodem
376 952 541 1009 aliquot
562 954 684 994 annis
707 963 819 1009 post,
841 966 969 1006 quem
993 965 1106 992 nunc
1128 949 1342 992 crudelem
1365 964 1456 991 esse
1480 951 1559 1002 vis,
1584 995 1608 1006 a

128 1009 347 1051 vindicata
376 1021 455 1052 est.
516 1010 612 1067 Ego
639 1024 736 1051 vero
769 1009 880 1050 istud
913 1024 999 1050 non
1032 1007 1216 1064 postulo,
1248 1008 1430 1063 inquies.
1492 1007 1608 1050 Ita-'2

128 1067 342 1108 mehercle
362 1067 580 1119 existimo,
602 1067 788 1109 Tubero.
815 1067 914 1107 novi
938 1067 1052 1107 enim
1078 1075 1134 1116 te,
1157 1065 1257 1106 novi
1282 1074 1462 1121 patrem,
1484 1081 1562 1107 no-

119 1123 170 1163 -vi
202 1125 378 1166 domum
415 1140 657 1181 nomenque
688 1135 890 1175 vestrum,
922 1124 1064 1164 studia
1092 1123 1278 1177 denique
1315 1124 1482 1179 generis
1514 1139 1564 1165 ac

128 1178 305 1223 familiae
343 1193 508 1233 vestran,
548 1184 733 1233 virtutis,
773 1181 1068 1231 humanitatis,
1097 1180 1318 1221 doctrinae
1361 1180 1563 1236 plurima-

121 1251 224 1279 rum
246 1240 402 1281 artium
423 1251 552 1296 atque
573 1242 850 1296 opt-imarum,
870 1249 976 1280 nota
996 1248 1095 1279 sunt
1117 1237 1223 1278 mibi
1254 1239 1414 1279 omnia.
1477 1238 1564 1280 Ita-
1580 1236 1625 1269 13

127 1309 213 1350 que
233 1307 351 1338 certo
375 1298 481 1349 scio,
504 1313 577 1339 vos
609 1312 695 1339 non
727 1307 871 1353 petere
902 1296 1181 1352 sanguinem:
1213 1295 1285 1335 sed
1317 1309 1470 1352 parum
1500 1306 1565 1338 at-

130 1353 322 1396 tenditis.
357 1370 420 1396 res
453 1356 566 1396 enim
599 1370 651 1397 eo
681 1365 863 1410 spectat,
895 1363 942 1394 ut
972 1368 1023 1394 ea
1057 1367 1204 1409 poena,
1235 1352 1278 1392 in
1310 1367 1396 1407 qua
1425 1353 1566 1396 adhuc

133 1409 190 1456 Q.
217 1411 413 1467 Ligarius
436 1414 506 1463 sit,
528 1427 612 1454 non
638 1412 869 1453 videamini
891 1425 980 1452 esse
1001 1410 1210 1451 contenti.
1264 1409 1374 1456 Quae
1397 1420 1462 1453 est
1484 1412 1568 1468 igi-

132 1475 202 1508 tur
232 1469 328 1521 alia,
351 1479 506 1525 praeter
535 1472 747 1511 mortem?
780 1470 823 1510 Si
857 1469 970 1509 enim
993 1469 1037 1509 in
1059 1466 1213 1508 exsilio
1235 1478 1314 1518 est,
1337 1467 1465 1509 sicuti
1486 1479 1567 1520 est,

125 1525 238 1579 -quid
279 1528 462 1583 amplius
505 1527 759 1584 postulatis?
794 1530 895 1578 7an,
936 1541 987 1566 ne
1028 1525 1310 1582 ignoscatur?
1343 1525 1425 1567 hoe
1466 1540 1568 1568 vero

132 1583 270 1624 multo
300 1586 509 1636 acerbius,
531 1585 753 1640 multoque
783 1593 848 1625 est
877 1584 1039 1625 durius.
1103 1582 1233 1629 Quod
1256 1597 1334 1623 nos
1356 1582 1473 1624 <lomi
1497 1598 1572 1640 pe-

126 1639 279 1692 timus,
312 1643 510 1697 precibus
542 1653 585 1683 et
616 1641 816 1691 lacrimis,
839 1641 958 1682 strati
994 1641 1047 1681 ad
1079 1640 1222 1696 pedes,
1255 1654 1341 1681 non
1374 1650 1460 1681 tam
1492 1656 1570 1682 no-

133 1706 233 1739 strae
265 1713 405 1740 causae
437 1700 632 1756 fidentes,
655 1714 783 1755 quam
816 1699 944 1754 hujus
974 1697 1250 1748 humanitati,
1278 1696 1320 1738 id
1350 1711 1404 1739 ne
1435 1698 1573 1755 impe—

133 1762 308 1807 tremus,
334 1758 576 1813 pugnabis?
606 1767 651 1798 et
681 1757 724 1797 in
756 1767 950 1797 nostrum
983 1756 1133 1796 fletum
1159 1755 1396 1810 irrumpes?
1427 1766 1470 1796 et
1492 1770 1570 1797 nos

127 1810 324 1865 jacentes
359 1816 411 1856 ad
453 1815 594 1870 pedes,
629 1814 868 1870 supplicum
913 1827 1017 1854 voce
1056 1812 1339 1868 prohibebis?
1372 1814 1433 1864 Si,
1471 1828 1568 1854 cum
1585 1817 1633 1851 14

134 1868 218 1910 hoc
250 1871 365 1912 domi
401 1871 651 1923 faceremus,
684 1872 797 1927 quod
831 1882 874 1912 et
907 1870 1103 1921 fecimus,
1136 1880 1193 1921 et,
1224 1880 1272 1911 ut
1310 1884 1450 1926 spero,
1484 1885 1571 1913 non

134 1925 293 1969 frustra
314 1928 507 1980 fecimus,
530 1940 576 1970 tu
603 1930 833 1985 derepente
865 1928 1102 1984 irrupisseS,
1124 1937 1167 1968 et
1197 1926 1381 1968 clamare
1411 1929 1572 1985 coepis-

135 1997 216 2034 seS,
250 1984 410 2037 Caesar,
451 2002 555 2027 cave
597 1987 810 2042 ignoscam,
843 2000 947 2027 cave
990 1995 1031 2026 te
1073 1985 1268 2035 fratrum,
1308 1999 1386 2040 pro
1428 1985 1572 2028 fratris

133 2041 270 2083 salute
289 2043 623 2094 obsecrantium,
645 2044 918 2085 misereatur:
952 2057 1094 2085 nonne
1124 2057 1296 2083 omnem
1328 2041 1572 2085 humanita-

136 2107 223 2140 tem
261 2101 483 2143 exuisses?
513 2110 674 2156 quanto
716 2101 797 2142 hoc
835 2101 996 2150 durius,
1031 2100 1146 2155 quod
1186 2114 1265 2141 nos
1302 2099 1418 2141 domi
1460 2102 1572 2157 peti·

129 2156 244 2208 mus,
268 2158 342 2198 8id
365 2173 390 2198 a
413 2168 454 2198 te
477 2157 519 2199 in
544 2158 638 2199 foro
660 2159 932 2214 oppugnari?
963 2167 1006 2198 et
1039 2158 1081 2198 in
1116 2157 1188 2197 tali
1221 2157 1392 2199 miseria
1411 2159 1570 2200 multo-

133 2228 227 2255 rum
253 2214 498 2271 perfugium
522 2216 825 2257 misericordiae
851 2214 1024 2258 tollere?
1051 2214 1207 2255 Dicam
1232 2214 1372 2271 plane,
1397 2215 1450 2257 C.
1469 2216 1569 2258 ‹2ae-

133 2286 216 2323 sar,
239 2273 355 2328 quod
387 2272 541 2314 sentio.
602 2273 645 2313 Si
670 2273 714 2314 in
739 2273 818 2314 hac
842 2282 961 2314 tanta
984 2282 1057 2313 tua
1078 2271 1251 2313 fortuna
1271 2272 1424 2314 lenitas
1447 2283 1567 2315 tanta
1583 2278 1630 2312 15

134 2343 220 2382 non
254 2340 378 2382 esset,
411 2340 617 2385 quantam
655 2339 701 2372 tu
744 2345 816 2386 per
853 2341 910 2380 te,
944 2344 1018 2385 per
1057 2339 1112 2381 te,
1151 2330 1341 2385 inquam,
1380 2330 1567 2382 obtines,

135 2387 363 2443 (intelligo,
394 2388 498 2443 quid
529 2388 712 2443 loquar,)
742 2387 1018 2429 acerbissimo
1050 2386 1166 2427 luctu
1199 2387 1456 2429 redundaret
1488 2389 1610 2430 istab.

135 2445 329 2486 victoria.
390 2446 535 2492 Quam
567 2445 691 2487 multi
725 2445 840 2486 enim
872 2455 1014 2485 essent
1048 2445 1102 2485 tle
1135 2445 1388 2496 victoribus,
1419 2446 1492 2501 qui
1529 2456 1571 2486 te

174 2578 194 2609 ἰ’
207 2584 274 2612 ἀπ,
291 2585 332 2605 ne
352 2574 555 2614 ignoscatur]
581 2574 672 2606 Libri
694 2574 827 2614 quidam

134 2618 260 2658 scripti,
273 2618 375 2648 etiam
388 2617 438 2648 ed.
452 2618 506 2648 W.
521 2618 681 2657 ignoscat,
694 2617 781 2656 quod
793 2622 828 2648 et

135 2660 282 2690 Graevius
310 2659 470 2700 praetulit.
500 2661 547 2690 nil
575 2661 724 2691 interest.
751 2661 829 2699 quia

135 2702 271 2732 Caesaris
289 2702 412 2733 mentio
427 2703 462 2733 in
482 2703 665 2742 propinquo
681 2712 747 2733 non
764 2710 827 2739 est,

133 2750 169 2775 et
195 2753 297 2783 genus
318 2748 451 2774 tantum
478 2754 583 2785 poenae
613 2751 826 2781 memoratur,

133 2785 251 2816 melius
276 2791 357 2827 puto
379 2786 561 2826 vulgatum.
610 2787 726 2817 Paullo
753 2792 828 2827 post

133 2832 244 2858 autem
273 2829 371 2859 strati
397 2829 532 2868 vulgato
561 2830 723 2868 prostrati
751 2839 827 2860 cum

133 2869 247 2903 eodem
269 2871 414 2915 praetuli.
430 2881 509 2904 nam
522 2871 638 2904 melius
653 2871 828 2914 respondet

869 2576 1020 2616 proximo
1025 2573 1177 2616 jacentes
1191 2574 1238 2605 ad
1244 2575 1355 2615 pedes.

912 2620 930 2648 8
954 2617 989 2647 id
1011 2627 1033 2648 a
1052 2622 1084 2648 ce
1105 2619 1143 2647 in
1157 2618 1238 2658 foro
1265 2616 1465 2657 oppugnari]
1497 2616 1572 2648 Hoc

870 2669 937 2689 non
962 2659 1129 2690 consentit
1152 2670 1228 2690 cum
1254 2663 1433 2698 sequente:
1457 2662 1489 2690 et
1511 2661 1572 2690 tol-

871 2703 946 2732 lere.
990 2702 1058 2732 Aut
1081 2701 1256 2741 legendum
1279 2706 1328 2731 est
1351 2701 1385 2731 in
1401 2700 1472 2738 illo,
1487 2702 1525 2732 id
1537 2706 1570 2733 te

869 2745 906 2774 in
915 2743 953 2783 f.
970 2754 1172 2785 oppugnare,
1195 2750 1254 2774 aut
1276 2744 1311 2773 in
1334 2743 1396 2774 hoe
1418 2745 1500 2780 tolli,
1517 2744 1571 2776 vel

870 2788 990 2817 etiam:
1016 2788 1198 2817 multorum
1224 2791 1255 2816 te
1272 2784 1468 2825 perfugium
1495 2789 1567 2818 mis.

870 2831 992 2859 tollere.
1024 2829 1168 2869 primum
1203 2828 1307 2867 magis
1342 2827 1462 2868 placet,
1493 2829 1570 2870 quia

869 2870 988 2904 melius
1001 2870 1178 2912 respondet
1191 2870 1412 2904 antecedenti.
