1785 3185
474 116 821 157 PHILIPPICA
849 116 1118 157 SEPTIMA.

1415 117 1516 155 1351

94 229 182 262 tare
201 234 288 262 non
310 220 448 276 possit
468 221 742 262 incendium?
774 219 926 274 Itaque
946 220 1092 269 iidem,
1113 220 1232 274 quasi
1257 220 1423 276 providi
1451 219 1512 261 ci-

90 291 179 328 ves,
200 276 243 318 et
265 281 282 312 7
298 287 512 319 senatores
534 277 775 334 diligentes,
798 277 997 317 bellicum
1024 291 1093 316 me
1120 277 1325 317 cecinisse
1346 277 1511 318 dicunt.

87 336 108 364 8
132 334 383 390 Suscipiunt
416 334 533 390 pacis
563 334 864 390 patrocinium,
897 333 970 387 qui
996 334 1055 373 sic
1079 333 1325 388 disputant:
1359 334 1513 374 irritari

93 389 329 432 Antonium
353 405 437 432 non
460 392 667 446 oportuit.
686 404 868 446 nequam
891 399 955 430 est
978 389 1106 430 homo
1133 390 1214 438 ille,
1232 400 1359 444 atque
1380 390 1516 430 confi-

93 448 221 489 dens:
251 447 374 488 multi
405 459 611 503 praeterea
644 447 852 504 improbi:
883 461 990 501 quos
1024 446 1196 501 quidem
1219 460 1244 486 a
1266 461 1309 485 se
1331 447 1517 501 primum

93 518 312 545 numerare
344 514 538 560 possunt,
567 506 639 560 qui
673 505 768 546 haec
802 503 1058 558 loquuntur:
1089 518 1163 544 eos
1192 503 1404 543 cavendos
1427 517 1516 543 csse

92 560 360 602 denuntiant.

423 562 578 603 Utrum
613 563 745 618 igitur
778 561 820 602 in
850 560 1022 601 nefariis
1054 560 1222 602 civibus
1246 559 1514 610 ulciscendis,

93 631 188 658 cum
216 619 365 673 possiS,
384 633 436 659 an
460 618 823 675 pertimescendis,
845 621 864 652 9
878 618 1126 673 diligentior
1147 617 1291 658 cautio
1313 619 1403 657 est?
1435 615 1513 656 At-
1527 616 1559 662 2

89 688 174 728 que
187 674 282 716 haec
301 675 360 716 illi
379 675 625 731 loquuntur,
642 677 713 730 qui
733 674 948 731 quondam
965 686 1137 730 propter
1149 674 1367 715 levitatem
1388 675 1423 703 ¹0
1440 687 1515 727 po-

92 732 259 786 pulares
280 732 563 774 habebantur.
624 732 690 773 Ex
727 746 812 787 quo
846 731 1025 787 intelligi
1062 740 1218 787 potest,
1244 731 1388 771 animo
1423 730 1552 775 illos4

92 787 364 830 abhorruisse
397 804 561 846 semper
589 790 642 831 ab
676 788 842 844 optimo
873 788 1061 829 civitatis
1097 796 1225 838 statu,
1256 802 1343 828 non
1368 786 1517 827 volun-

93 853 182 885 tate
205 845 334 888 fuisse
356 847 593 902 populares.
621 849 652 876 Η
671 846 743 901 qui
765 844 880 886 enim
902 845 1120 895 convenit,
1141 854 1203 895 ut,
1230 844 1302 899 qui
1328 845 1371 884 in
1393 845 1519 885 rebus

94 901 302 957 improbis
321 903 548 959 populares
571 903 756 953 fuerunt,
779 902 909 942 iidem
931 902 974 942 in
998 916 1040 942 re
1066 916 1151 942 una
1173 902 1362 942 maxime
1383 915 1520 956 popu-

93 956 185 1009 lari,
207 959 322 1014 quod
342 959 490 1001 eadem
510 960 702 1001 salutaris
721 959 880 1021 populo
907 958 1104 1001 Romano
1126 959 1196 1009 sit,
1218 958 1438 1013 improbos
1461 973 1521 1008 se,

93 1029 222 1070 quam
245 1016 468 1071 populares
490 1032 580 1058 esse
603 1017 780 1058 malint?
811 1030 879 1056 me
905 1016 1079 1071 quidem
1107 1029 1273 1071 semper
1292 1021 1359 1067 (ut
1381 1015 1520 1066 scitis)

95 1071 362 1114 adversatum
383 1074 669 1115 multitudinis
691 1074 933 1124 temeritati,
954 1073 1047 1114 haec
1066 1072 1170 1113 fecit
1194 1072 1519 1128 praeclarissiina

94 1129 222 1169 'causa
242 1130 504 1186 popularem.

568 1131 623 1172 Et
644 1131 816 1186 quidem
835 1131 1052 1180 dicuntur,
1075 1130 1140 1170 vel
1162 1130 1306 1186 potius
1323 1129 1451 1170 iidem
1475 1138 1555 1171 se5

94 1184 177 1241 ipsi
200 1186 350 1228 dicunt
371 1188 635 1230 consulares:
667 1203 753 1244 quo
789 1187 963 1228 nomine
994 1187 1150 1243 dignus
1181 1196 1245 1226 est
1273 1201 1414 1237 nemo,
1436 1186 1518 1227 nisi

95 1243 168 1297 qui
190 1244 298 1284 tanti
320 1244 493 1286 honoris
516 1260 670 1286 nomeu
695 1254 835 1301 potest
857 1245 1079 1286 sustinere.
1125 1243 1286 1285 Faveas
1309 1254 1354 1283 tu
1379 1244 1520 1285 hosti?

96 1298 257 1343 litteras
289 1302 368 1343 tibi
401 1302 470 1343 ille
490 1303 637 1344 mittat
658 1303 710 1344 de
733 1317 808 1344 sua
838 1316 912 1358 spe
942 1316 1082 1342 rerum
1113 1301 1420 1342 secundarum?
1450 1315 1521 1342 eas

102 1366 148 1397 tu
170 1356 294 1399 laetus
318 1358 534 1415 proferas?
565 1360 743 1402 recites?
774 1359 1074 1401 describendas
1095 1359 1226 1400 etiam
1259 1358 1331 1398 des
1362 1358 1523 1413 impro-

99 1414 165 1454 bis
187 1414 382 1458 civibus?
413 1431 560 1458 eorum
594 1431 750 1473 augeas
780 1416 974 1458 animos?
1006 1417 1217 1457 bonorum
1248 1429 1367 1470 spem
1390 1416 1524 1456 virtu-

98 1479 270 1526 temque
291 1473 515 1516 debilites?
547 1484 589 1515 et
609 1484 650 1515 te
671 1473 953 1523 consularem,
976 1483 1049 1514 aut
1072 1483 1327 1520 senatorem,
1357 1481 1430 1512 aut
1451 1472 1525 1512 de-

96 1528 227 1583 nique
247 1530 386 1571 civem
405 1534 556 1586 putes?
586 1531 787 1587 Accipiet
808 1531 852 1571 in
871 1531 1079 1587 optimam
1099 1538 1262 1586 partem
1284 1528 1336 1569 C.
1370 1528 1525 1580 Pansa,

98 1584 355 1628 fortissimus
377 1589 526 1630 consul
544 1598 672 1645 atque
693 1588 897 1645 optimus.
917 1588 1074 1629 etenim
1097 1587 1236 1629 (licam
1257 1586 1401 1628 animo
1420 1587 1525 1628 ami·

94 1720 202 1752 tirone
221 1721 323 1753 latine
345 1723 507 1754 scribente
529 1724 647 1755 ferrem
671 1725 705 1754 in
727 1723 788 1755 tali

96 1768 252 1794 contextu
268 1772 302 1795 et
317 1771 495 1797 structura.

137 1808 155 1839 7
175 1811 336 1838 senatores
349 1808 532 1848 diligentes]
550 1809 655 1839 Locus
669 1809 722 1839 1110
736 1815 788 1839 to-

95 1849 150 1876 tus
162 1853 211 1878 est
226 1849 259 1879 in
276 1849 364 1880 libris
379 1851 540 1881 veteribus
555 1851 682 1891 scriptis
694 1851 787 1882 valde

95 1889 242 1920 vitiatus,
264 1892 378 1922 Lectio
394 1898 524 1932 recepta
538 1893 624 1924 bona
635 1899 697 1929 est,
713 1904 786 1933 quae

93 1931 162 1970 jam
177 1932 210 1961 in
225 1933 296 1964 cdd.
311 1944 360 1974 pr.
377 1935 548 1974 reperitur.
585 1936 732 1966 Graevius
746 1946 785 1966 ex

97 1983 164 2004 uno
180 1975 246 2006 Ms.
260 1985 318 2006 suo
335 1977 456 2016 recepit
457 1976 676 2015 feneratores,
692 1978 786 2008 nixus

94 2020 130 2046 et
152 2016 299 2057 epitheto
321 2019 501 2056 diligentes.
545 2019 607 2049 Sed
612 2019 785 2059 fenerato-

95 2067 148 2088 res
162 2058 213 2089 hic
229 2065 306 2090 sunt
320 2061 430 2097 alieni,
445 2071 483 2091 ex
501 2071 533 2092 re
549 2063 618 2101 ipsa
629 2069 663 2092 et
677 2073 694 2092 e
709 2071 786 2092 con-

95 2101 268 2140 junctione
295 2113 371 2132 cum
407 2103 528 2134 civibus
545 2115 551 2133 ι
589 2114 786 2143 quamquam

95 2141 152 2173 ille
179 2145 326 2183 providas
352 2145 435 2175 cives
461 2146 496 2175 in
526 2146 643 2176 mendo
669 2146 786 2176 cubare

95 2190 204 2224 putat.
234 2185 422 2225 Diligentia
437 2191 547 2218 autem
562 2187 716 2219 laudatur
730 2188 788 2218 1113

97 2226 228 2266 quidem
241 2229 276 2258 in
290 2239 324 2259 re
335 2230 521 2269 pecuniaria
534 2230 718 2266 tractanda,
732 2230 788 2260 sed

94 2272 209 2300 tamen
221 2271 321 2301 etiam
337 2272 372 2301 111
385 2271 642 2310 gubernantibus
658 2282 787 2313 rempu-

97 2310 215 2342 blicam
231 2318 265 2343 et
280 2313 374 2343 rebus
389 2313 525 2352 publicis
541 2314 683 2352 agendis.

138 2357 156 2384 8
173 2354 362 2394 Suscipiunt
370 2357 465 2395 pacis
473 2357 695 2396 patrocinium
705 2370 714 2385 .·
734 2357 788 2396 qui

93 2395 140 2425 sic
153 2395 200 2435 d.]
238 2397 335 2427 Varie
350 2402 502 2428 tentatur
514 2398 568 2428 1110
583 2398 685 2435 100115,
700 2399 786 2428 varie

95 2437 132 2468 in
146 2437 229 2468 Mss.
252 2443 287 2469 et
302 2440 373 2470 edd.
396 2449 573 2480 expressus.
619 2440 688 2479 Ego
704 2440 786 2471 nihil

97 2481 222 2510 mutavi
237 2485 358 2520 praeter
370 2482 501 2512 verbum
512 2483 623 2522 partis
636 2483 670 2512 in
680 2484 785 2523 pacis,

97 2531 136 2551 ex
148 2522 259 2552 Ursini
273 2526 473 2564 conjectura,
486 2535 583 2563 quam
596 2530 630 2555 et
641 2525 786 2555 Graevius

95 2570 226 2594 secutus
254 2571 316 2602 est,
345 2566 434 2596 facili
462 2567 519 2597 illa
546 2573 580 2597 et
607 2568 784 2598 verissima.

95 2604 224 2646 Nempe
238 2607 370 2638 irridere
389 2609 534 2639 instituit
557 2609 670 2640 Cicero
693 2610 784 2646 istos,

96 2649 151 2686 qui
178 2659 254 2679 eum
283 2651 430 2680 cecinisse
451 2651 600 2681 bellicum
622 2651 784 2682 dicebaut.

97 2688 143 2720 Hi
153 2699 243 2730 ergo,
256 2691 336 2722 dicit
347 2702 404 2732 per
414 2694 568 2731 ironiam,
574 2695 787 2734 pacis-patro-

95 2732 219 2762 cinium
243 2735 441 2773 suscipiunt.-
463 2735 545 2765 nibil
568 2736 658 2766 aliud
678 2736 784 2766 dicere

54 2798 59 2804 ,
93 2774 217 2813 potuit.
254 2777 409 2807 Ceterum
424 2777 725 2818 interpunctionem
739 2778 785 2808 fe-

96 2815 140 2862 ci,
162 2816 204 2846 ad
224 2817 490 2858 perspicuitatem
513 2825 638 2859 aptam.
664 2821 719 2859 qui
740 2820 786 2850 sic

94 2857 280 2898 deputant.-
303 2870 375 2901 pr0,
392 2870 466 2892 eum
486 2861 508 2892 ii
522 2862 567 2892 sic
580 2862 761 2902 disputant.

872 1729 892 1759 9
914 1724 1102 1763 diligentior
1115 1723 1222 1754 cautio
1237 1723 1298 1763 est]
1328 1722 1409 1753 Haec
1426 1723 1525 1754 lectio

830 1765 917 1797 haud
938 1767 1033 1797 dubie
1048 1776 1123 1797 vera
1143 1771 1206 1802 est,
1226 1776 1328 1805 eaque
1354 1774 1420 1795 non
1435 1776 1454 1795 a
1468 1766 1524 1797 Yi-

829 1809 934 1839 ctorio
949 1809 1092 1849 primum
1112 1807 1212 1843 edita,
1234 1814 1270 1837 ut
1294 1808 1440 1838 Graevius
1455 1809 1521 1839 ait:

830 1860 907 1881 nani
937 1856 986 1881 est
1003 1852 1073 1889 jam
1097 1851 1130 1881 in
1152 1849 1223 1880 edd.
1247 1850 1288 1880 R.
1316 1850 1373 1880 Br.
1408 1851 1462 1879 Sic
1488 1856 1523 1881 et

827 1892 927 1923 habet
956 1893 1019 1923 Ms.
1056 1891 1164 1923 Guelf.
1202 1892 1390 1930 diligentior
1421 1902 1524 1923 causa

828 1936 971 1975 primum
1007 1935 1111 1974 reperi
1141 1934 1175 1964 in
1213 1935 1286 1965 edd.
1322 1934 1450 1964 Veneta
1487 1938 1522 1965 et

831 1977 991 2013 Vicetina,
1028 1986 1126 2016 quam
1161 1976 1296 2008 Mediol.
1333 1983 1367 2006 et
1404 1980 1523 2007 ceterae

827 2026 950 2050 secutae
978 2024 1068 2050 sunt.
1103 2024 1154 2050 est
1180 2025 1293 2050 tamen
1321 2025 1356 2049 et
1387 2018 1421 2048 in
1452 2019 1520 2050 Μ5.

830 2061 938 2093 Huvd.

862 2107 900 2134 lo
910 2105 1085 2144 populares
1098 2102 1365 2143 appellabantur]
1379 2103 1431 2133 Sic
1444 2103 1519 2135 lib.·i

828 2155 890 2176 5οι·.
915 2146 1070 2186 plerique,
1093 2145 1194 2176 etiam
1217 2146 1280 2175 Gu.
1297 2145 1449 2175 Muretus
1465 2144 1520 2176 de-

829 2188 878 2218 dit
893 2188 1107 2225 habebantur,
1123 2187 1209 2227 quod
1223 2192 1353 2217 secutus
1365 2193 1415 2217 est
1429 2188 1520 2218 Grae-

829 2231 916 2260 vius:
942 2230 988 2260 nil
1004 2230 1115 2267 refert,
1131 2239 1194 2268 qua
1208 2239 1357 2260 sensum:
1375 2234 1409 2260 at
1425 2231 1519 2260 habe-

831 2272 952 2302 bantur
965 2277 1013 2302 est
1028 2273 1063 2302 in
1078 2272 1150 2302 edd.
1167 2281 1215 2312 pr.
1230 2277 1265 2302 et
1281 2272 1315 2302 in
1329 2271 1407 2302 Vat.
1452 2272 1520 2303 Ita-

829 2325 892 2353 que
906 2314 1047 2355 praetuli.

877 2360 887 2387 l
899 2360 908 2386 1
927 2358 982 2396 qui
995 2358 1082 2387 enim
1096 2355 1255 2395 convenit]
1284 2357 1336 2386 Sic
1350 2355 1422 2386 edd.
1438 2360 1518 2386 vett.

828 2408 1004 2429 consensu:
1020 2399 1066 2429 510
1079 2400 1141 2430 Μ5.
1158 2399 1221 2429 Gu.
1239 2398 1283 2429 H.
1298 2405 1331 2429 et
1345 2398 1416 2428 alii:
1433 2398 1521 2436 quod

827 2448 861 2471 et
883 2442 1049 2472 sententia
1063 2441 1211 2480 requirit,
1235 2447 1272 2471 ut
1295 2440 1381 2471 Phil.
1404 2440 1469 2476 ΙΙΙ,
1485 2440 1517 2471 6.

827 2484 883 2513 ubi
909 2484 942 2513 id
965 2493 1039 2514 cum
1063 2483 1201 2520 Faerno,
1225 2483 1354 2514 Graevio
1377 2483 1436 2513 &c.
1460 2492 1520 2522 pro

829 2527 933 2556 evenit
947 2526 1160 2566 reposuimus
1188 2528 1233 2556 At
1249 2526 1314 2561 hic,
1338 2526 1415 2563 quia
1430 2525 1464 2554 in
1480 2524 1519 2554 li-

828 2568 893 2598 bris
908 2568 959 2605 iis,
983 2577 1062 2607 quos
1078 2567 1126 2598 illi
1140 2568 1200 2598 viri
1215 2568 1392 2602 habebant,
1415 2567 1523 2596 evenit

828 2617 911 2647 erat,
927 2610 960 2640 id
975 2610 1006 2640 11.
1020 2610 1042 2640 l.
1057 2611 1091 2640 in
1106 2616 1235 2640 textum
1250 2618 1412 2648 recepere.
1428 2607 1518 2639 Adeo

828 2652 887 2682 sibi
903 2653 961 2682 viri
977 2652 1154 2683 doctissimi
1170 2652 1335 2683 interdum
1361 2659 1427 2679 non
1441 2659 1520 2680 con-

828 2699 932 2732 stant,
943 2704 1019 2724 eum
1030 2695 1170 2724 nimium
1179 2694 1331 2724 tribuunt
1341 2691 1431 2722 libris
1441 2692 1519 2722 suis.

827 2736 908 2767 Mox
917 2738 1036 2776 populo
1045 2736 1091 2767 R.
1104 2736 1201 2766 iidem
1215 2735 1340 2766 addunt
1350 2736 1430 2773 reip.
1446 2743 1520 2773 qnae

827 2783 876 2808 est
892 2780 1030 2809 varietas
1045 2778 1196 2808 lectionis
1211 2779 1245 2807 in
1262 2777 1352 2807 libris
1363 2787 1373 2805 :
1397 2785 1472 2807 nam
1482 2786 1520 2817 Ρ,

829 2820 871 2851 R.
886 2825 921 2852 et
936 2820 978 2852 R.
986 2829 1022 2860 p.
1038 2821 1161 2851 centies
1178 2823 1422 2862 permutantur.
