1785 3185
435 119 779 159 PHILIPPICA
804 118 1179 158 DUODECIMA.
1413 121 1512 158 141³

95 223 236 265 Roma
257 223 413 275 venire,
442 224 618 265 doctum
642 223 780 263 virum
809 231 936 277 atque
966 223 1226 278 sapientem:
1258 235 1384 277 quem
1414 237 1513 264 cum

93 281 222 321 Scato
243 279 478 330 salutasset,
501 280 642 325 Quem
666 288 707 319 te
728 278 961 334 appellem?
994 279 1146 333 inquit.
1177 277 1238 318 At
1260 278 1341 329 ille,
1364 278 1512 320 volun-

58 379 59 382 *
90 345 178 377 tate
207 336 440 392 hospitem:
473 336 724 377 necessitate
757 335 938 376 hostem.
999 334 1101 375 Erat
1131 335 1173 374 in
1203 334 1274 375 illo
1295 335 1510 390 colloquio

91 393 294 448 aequitas:
337 393 475 433 nullus
514 393 655 443 timor,
692 391 807 433 nulla
838 392 1009 432 suberat
1043 391 1248 446 suspicio:
1297 392 1511 433 mediocre

89 450 218 490 etiam
242 449 402 490 odium.
434 464 519 490 non
543 449 672 499 enim,
696 459 741 489 ut
763 448 974 503 eriperent
1001 448 1125 488 nobis
1148 447 1251 488 socii
1275 449 1511 499 civitatem,

89 506 161 546 sed
186 515 230 546 ut
255 502 411 546 in‘eam
434 507 735 561 reciperentur,
759 506 975 560 petebant.
1035 503 1151 545 Sulla
1182 518 1279 544 cum
1308 504 1511 560 Scipione

87 562 199 603 inter
221 561 344 603 Cales
373 572 416 603 et
445 562 650 613 Teanum,
681 577 778 603 cum
811 561 915 602 alter
945 560 1180 601 nobilitatis
1212 561 1375 610 florem,
1405 560 1510 602 alter

87 618 186 659 belli
209 618 347 659 socios
369 619 648 670 adhibuisset,
669 619 721 659 de
742 617 996 659 auctoritate
1015 627 1199 668 senatus,
1221 617 1273 657 de
1296 617 1509 673 suffragiis

87 675 252 731 populi,
273 684 316 716 et
336 676 388 717 de
402 676 501 731 jure
522 675 725 725 civitatis,
746 677 787 705 44
801 675 913 730 leges
934 675 1043 714 inter
1062 689 1118 724 se,
1141 673 1509 729 conditionesque,

87 732 373 774 contulerunt.
405 747 490 773 non
520 733 658 772 tenuit
683 732 858 772 omnino
880 730 1140 784 colloquium
1169 730 1270 771 illud
1301 730 1452 773 fidem:
1485 746 1510 785 a

87 788 129 828 vi
153 797 293 829 tamen
316 789 587 845 periculoque
609 788 762 829 abfuit.
802 788 1088 828 Possumusne
1111 787 1241 842 igitur
1263 787 1304 827 in
1327 787 1507 828 Antonii
1527 787 1590 835 1⁶2,

85 844 310 886 latrocinio
330 849 371 877 45
386 860 507 901 aeque
537 859 626 886 esse
656 846 764 887 tuti?
796 859 880 885 non
912 859 1159 899 possumus:
1191 855 1279 894 aut,
1312 844 1346 884 si
1377 845 1507 885 ceteri

85 912 279 957 possunt,
311 917 379 943 me
413 917 535 958 posse
566 903 729 944 diffido.
791 902 957 948 Quodsi
985 915 1069 942 non
1093 910 1216 942 extra
1241 911 1378 942 castra
1407 916 1508 942 con·
1520 909 1576 942 28

87 958 351 1013 grediemur:
383 974 479 1014 quae.
501 959 552 999 ad
575 959 833 1013 colloquium
856 968 994 998 castra
1015 961 1256 1000 sumentur?
1293 957 1335 998 in
1367 969 1512 999 nostra

86 1013 156 1055 ille
177 1029 406 1070 numquam
430 1016 594 1058 veniet:
626 1017 762 1056 multo
785 1015 923 1055 minus
946 1030 1022 1055 nos
1046 1015 1085 1054 in
1111 1014 1235 1056 illius.
1279 1014 1512 1070 Reliquum

86 1080 163 1122 est,
188 1082 234 1112 ut
255 1082 298 1112 et
319 1072 585 1127 accipiantur
613 1083 656 1114 et
685 1072 956 1113 remittantur
985 1071 1198 1127 postulata
1227 1086 1301 1127 per
1335 1072 1512 1112 litteras.

88 1127 204 1184 Ergo
226 1129 382 1169 erimus
405 1130 447 1170 in
469 1130 633 1170 castris.
655 1144 750 1170 mea
770 1129 821 1169 ad
845 1128 989 1169 omnia
1008 1128 1223 1184 postulata
1241 1143 1324 1169 una
1344 1138 1511 1169 senten-

86 1185 169 1226 tia:
202 1200 328 1240 quam
353 1200 450 1226 cum
475 1186 558 1235 hic,
584 1186 702 1227 vobis
724 1185 1010 1236 audientibus,
1032 1186 1197 1234 dixero,
1219 1186 1299 1225 isse
1321 1195 1364 1226 et
1382 1186 1513 1226 redis<

85 1255 128 1281 se
150 1256 218 1282 me
242 1253 462 1298 putatote:
494 1243 747 1297 legationem
772 1241 1013 1283 confecero.
1065 1241 1223 1283 Omnia
1244 1242 1295 1282 ad
1319 1253 1512 1290 senatum

83 1312 178 1339 mea
200 1300 411 1340 sententia
433 1299 638 1354 rejiciam,
659 1300 996 1354 46quaecumque
1025 1295 1260 1353 postulabit
1280 1299 1511 1340 Antonius.
1546 1346 1549 1347 ⁷

84 1369 223 1409 neque
243 1356 355 1397 enim
381 1357 479 1397 licet
501 1356 635 1408 aliter,
665 1371 801 1411 neque
825 1356 1076 1412 permissum
1105 1367 1168 1396 est
1200 1356 1322 1397 nobis
1351 1357 1405 1397 ab
1428 1356 1527 1403 hoc-

85 1412 248 1463 ordine,
288 1423 349 1464 ut,
392 1413 510 1454 bellis
545 1413 768 1464 confectis,
805 1413 952 1454 decem
991 1412 1143 1468 legatis
1184 1413 1370 1468 permitti
1405 1413 1511 1458 solet

81 1482 200 1509 more
218 1469 453 1524 majorum:
477 1484 613 1525 neque
631 1470 714 1511 ulla
731 1470 906 1510 omnino
924 1486 947 1510 a
961 1481 1106 1510 senatu
1128 1470 1327 1510 mandata
1344 1471 1511 1526 accepi,

81 1539 191 1567 mus.
253 1527 363 1572 Quae
396 1542 492 1568 cum
524 1542 648 1583 agam
683 1527 723 1568 in
757 1526 951 1577 consilio,
981 1527 1210 1577 nonnullis,
1244 1536 1289 1566 ut
1310 1527 1505 1578 arbitror,

81 1584 436 1638 repugnantibus,
458 1598 600 1625 nonne
623 1583 896 1625 metuendum
920 1595 997 1634 est,
1028 1598 1080 1624 ne
1102 1584 1299 1640 imperita
1322 1584 1504 1624 militum

81 1639 310 1681 multitudo
334 1655 408 1695 per
429 1655 496 1681 me
519 1656 666 1696 pacem
689 1640 878 1681 distineri
903 1643 1049 1695 putet?
1074 1642 1234 1688 Facite,
1257 1640 1338 1681 hoc
1364 1655 1502 1681 meum
1517 1649 1568 1688 ‘29

81 1696 306 1738 consilium
330 1698 517 1753 legiones
541 1713 671 1739 novas
696 1712 777 1737 uon
803 1698 1058 1753 improbare.
1091 1713 1189 1739 nam
1211 1697 1432 1747 Martiam,
1463 1707 1505 1738 et

79 1762 288 1808 quartam,
306 1754 408 1795 nihil
422 1755 636 1809 cogitetiS,
654 1767 808 1810 practer
820 1755 1075 1810 dignitatem
1090 1767 1130 1796 et
1148 1757 1291 1805 decus,
1308 1769 1505 1810 compro-

81 1810 252 1851 baturus
286 1825 399 1853 esse:
431 1823 544 1851 certe
576 1813 678 1852 scio.
740 1811 884 1857 Quid?
918 1822 1136 1853 veteranos
1169 1827 1253 1853 non
1288 1814 1549 1853 veremurssz

81 1881 180 1907 nam
205 1868 342 1908 timeri
367 1883 426 1919 se,
456 1883 507 1908 ne
535 1869 614 1924 ipsi
642 1868 813 1922 quidem
838 1868 1000 1909 volunt.
1062 1870 1144 1910 Sed
1168 1883 1352 1924 quonam
1377 1869 1505 1909 modo

80 1924 294 1979 accipient
318 1925 582 1965 severitatem
605 1929 765 1966 meam?
798 1924 941 1965 Multa
962 1926 1074 1966 enim
1099 1925 1204 1966 falsa
1223 1926 1276 1966 de
1297 1940 1365 1965 me
1386 1925 1506 1974 audi-

81 1990 226 2022 erunt:
250 1982 383 2021 multa
404 1982 454 2022 ad
478 1996 549 2022 eos
573 1982 756 2037 improbi
779 1982 1035 2023 detulerunt.
1059 1997 1239 2037 quorum
1263 1982 1503 2033 commoda,

78 2047 129 2078 ut
151 2052 224 2078 vos
246 2040 398 2093 optimi
423 2049 549 2078 testes
571 2041 685 2089 estis,
708 2052 874 2094 semper
889 2053 970 2093 ego
990 2041 1214 2087 sententia,
1233 2039 1502 2090 auctoritate,

79 2094 272 2134 oratione
295 2095 481 2136 firmavi:
509 2096 578 2136 sed
599 2095 777 2136 credunt
794 2097 1014 2150 improbis,
1037 2098 1216 2137 creduut
1230 2095 1500 2146 turbulentis,

77 2151 257 2204 credunt
286 2152 385 2192 suis.
446 2152 555 2192 Sunt
587 2162 728 2192 autem
762 2152 892 2192 fortes
925 2153 981 2192 illi
1014 2153 1201 2207 quidem,
1224 2152 1292 2192 sed
1327 2161 1500 2207 propter

77 2209 327 2248 memoriam
350 2223 503 2257 rerum,
525 2224 628 2263 quas
651 2220 871 2264 gesseruut
896 2224 971 2263 pro
995 2210 1140 2265 populi
1168 2210 1350 2250 Romani
1374 2209 1499 2249 liber-

78 2273 180 2315 tate,
201 2275 244 2305 et
266 2265 399 2306 salute
428 2266 689 2321 reipublicae,
724 2266 849 2306 nimis
874 2266 1052 2315 feroces,
1081 2276 1124 2306 et
1145 2269 1181 2300 47
1198 2266 1249 2306 ad
1273 2281 1390 2306 suam
1415 2266 1500 2306 vim

76 2322 221 2363 onmia
242 2332 386 2363 nostra
406 2323 582 2363 consilia
605 2332 866 2363 revocante&
923 2325 962 2354 48
979 2323 1145 2364 Horum
1170 2338 1251 2379 ego
1273 2323 1500 2377 cogitatio·
1514 2334 1568 2367 30

117 2480 159 2508 44
178 2479 261 2516 leges
275 2478 360 2508 inter
373 2488 416 2515 se,
431 2479 682 2518 conditionesque
696 2488 767 2508 con·
810 2478 893 2510 Ven.
908 2477 996 2509 Med.
1019 2484 1055 2510 at
1069 2480 1096 2509 εἰ
1107 2491 1116 2508 .·
1137 2479 1208 2510 Vic.
1223 2483 1253 2509 et
1267 2480 1306 2515 εἰ,
1327 2482 1365 2509 ut
1383 2479 1423 2509 ad
1437 2489 1503 2519 seq.

76 2520 238 2559 tulerunt]
270 2520 406 2551 Secutus
430 2531 501 2550 sum
532 2521 713 2551 Ferrarium
736 2525 770 2550 et
813 2521 982 2550 referatur.
1028 2521 1105 2552 Tuti
1119 2528 1168 2551 est
1190 2532 1207 2551 e
1227 2523 1415 2561 conjectura
1435 2531 1504 2552 eer-

78 2561 194 2592 Lamb.
219 2563 287 2600 qui,
302 2564 362 2592 etsi
378 2563 415 2593 de
431 2564 629 2602 conjectura,
650 2564 694 2593 sic
716 2562 770 2592 de·
812 2563 939 2593 tissima
954 2563 1120 2594 Ubaldini.

77 2603 164 2633 dere.
188 2613 263 2633 nani
285 2603 354 2633 haec
373 2611 422 2634 est
440 2605 510 2644 ipsa
527 2606 634 2635 forma
648 2605 769 2635 oratio·
853 2605 894 2635 46
906 2605 1304 2645 quoecumquepostulabz't]
1321 2605 1383 2636 Ms.
1397 2605 1504 2646 Huyd.

79 2645 129 2674 nis
144 2645 379 2675 Ciceronianae:
403 2647 456 2676 hic
472 2656 625 2676 numerus
642 2648 771 2678 Cicero-
806 2648 996 2684 postulavit.
1018 2657 1059 2677 an
1076 2647 1139 2677 fuit
1150 2647 1326 2686 postularit
1337 2648 1353 2676 ?

77 2687 138 2716 nis.
175 2687 215 2716 ab
243 2687 314 2717 aliis
342 2690 493 2718 omnibus
520 2689 638 2728 copula
663 2690 768 2719 abest:
853 2691 892 2721 47
919 2689 965 2718 ad
982 2699 1076 2719 suam
1093 2690 1158 2718 vim
1173 2699 1201 2718 o.
1217 2697 1250 2718 n.
1266 2698 1293 2718 c.
1310 2689 1504 2728 revocantes]

77 2728 163 2758 unde
179 2729 309 2767 quidam
325 2729 520 2761 alterutrum
535 2731 668 2760 verbum
683 2730 770 2760 dele·
814 2730 1009 2770 Eleganter:
1041 2731 1153 2761 omnia
1174 2729 1290 2759 volunt
1313 2730 1382 2760 fieri
1406 2741 1423 2760 e
1449 2740 1508 2760 suo

78 2774 152 2799 tum
171 2770 313 2802 voluere.
412 2773 415 2775 ’
812 2782 922 2808 sensu,
944 2777 978 2802 et
1000 2773 1040 2803 ad
1062 2782 1135 2802 suas
1159 2772 1300 2801 rationes
1324 2782 1508 2802 accommo-

118 2814 160 2841 45
183 2820 269 2852 oeque
282 2823 345 2844 esse
358 2813 435 2853 tuti]
458 2814 549 2845 Libri
567 2823 628 2844 scr.
650 2817 683 2843 et
698 2813 769 2844 edd.
813 2814 900 2850 date,
915 2823 1049 2854 propter
1064 2815 1216 2844 timorem
1231 2813 1348 2842 virium
1363 2823 1508 2844 suarum.

77 2857 159 2885 vett.
183 2854 258 2885 inde
278 2856 319 2887 ab
341 2855 425 2886 Aldu
446 2861 484 2886 ut
505 2857 559 2887 lai.-
582 2855 654 2886 edd.
673 2855 770 2887 Rom.
854 2858 896 2886 48
925 2855 1056 2887 Horum
1080 2866 1107 2887 e.
1134 2855 1375 2895 cogitationem]
1404 2855 1462 2886 Est
1490 2865 1510 2887 a
