1785 3185
515 103 863 142 PHILIPPICA
890 103 1092 142 SEXTA.
1424 107 1518 146 1847

97 216 277 260 nostras,
299 206 347 249 L.
367 205 620 256 Antonium,
638 206 711 260 qui
732 220 806 247 vos
828 220 975 246 omnes
998 208 1040 247 in
1060 207 1186 247 fidem
1207 222 1325 248 suam
1345 207 1520 263 recepit.

94 265 291 320 negatis?
335 277 435 304 num
471 262 684 318 quispiam
711 272 776 302 cst
807 262 1009 313 vestrum,
1030 263 1103 317 qui
1140 264 1296 304 tribum
1327 279 1410 306 non
1447 266 1521 306 ha-

97 323 226 363 beat?
254 329 369 362 certe
391 332 531 360 nemo.
590 319 725 373 Atqui
747 318 864 359 illum
892 319 1081 373 quinque
1102 327 1146 359 et
1176 321 1355 374 triginta
1385 323 1520 364 tribus

97 387 326 435 patronum
344 375 616 431 adoptarunt.
650 375 813 417 Rursus
833 375 1099 417 reclamatis?
1129 375 1353 431 Adspicite
1372 394 1396 418 a
1419 379 1522 419 sini-

98 444 185 476 stra
205 434 318 475 illam
339 441 579 488 equestrem
601 441 785 474 statuam
808 432 1059 483 inauratam,
1082 432 1124 473 in
1149 447 1233 487 qua
1248 433 1349 487 quid
1373 435 1522 475 inscri-

93 500 217 550 ptum
255 492 347 531 est?
389 503 615 541 ρυιΝρυΕ
662 503 721 531 ΕΤ
763 503 1007 531 TleNTA
1049 503 1228 531 TRIBUS
1275 503 1522 534 PATRONO.

96 547 252 604 Populi
285 546 471 587 Romani
501 547 634 602 igitur
664 556 728 587 est
758 556 962 603 patronus
1000 547 1047 587 L.
1078 545 1323 589 Antonius?
1367 549 1522 591 malam

93 605 266 661 quidem
297 604 355 645 illi
388 604 574 660 pestem!
637 602 824 645 Clamori
855 604 967 644 enim
999 613 1140 644 vestro
1170 604 1391 644 assentior.
1433 619 1522 647 non

93 662 225 704 modo
257 661 329 702 hic
361 661 494 712 latr03
536 675 661 716 quem
695 660 894 701 clientem
927 660 1084 701 habere
1116 675 1242 702 nemo
1275 660 1404 702 velit:
1448 663 1519 704 sed

92 720 188 775 quis
214 732 416 772 umquam
445 719 574 758 tantis
598 718 768 773 opibus,
801 718 929 758 tantis
957 718 1080 758 rebus
1104 718 1235 773 gestis
1258 716 1354 768 fuit,
1379 719 1450 773 qui
1476 734 1520 760 se

89 775 240 832 populi
264 775 464 826 Romani,
487 775 661 815 victoris
682 774 931 829 dominique
951 775 1142 815 omnium
1166 775 1375 829 gentium,
1402 777 1519 816 ¹2tu-

91 843 227 874 torem
247 832 387 873 dicere
403 831 604 872 auderet?
645 829 695 871 In
714 831 807 871 foro
830 831 878 871 L.
897 831 1076 872 Antonii
1099 842 1282 872 statuam
1303 832 1514 875 videmus:
1532 851 1577 885 13

92 890 206 932 sicut
226 889 340 930 illam
363 888 421 933 Q.
442 887 645 938 Tremuli,
667 888 739 943 qui
761 887 974 929 Hernicos
995 888 1169 937 devicit,
1191 900 1288 930 ante
1310 888 1516 932 Castoris,

88 945 130 988 Ο
163 945 469 1002 impudentiam
496 944 813 987 incredibilem!
859 955 1082 986 tantumne
1115 946 1196 986 sibi
1230 946 1396 997 sumsit,
1418 948 1520 1002 quia

88 1002 276 1060 Mylasis
316 1000 517 1042 mirmillo
558 1001 766 1043 Thracem
799 1002 1035 1057 jugulavit,
1074 1002 1326 1043 familiarem
1369 1008 1520 1047 suum?

89 1074 277 1116 quonam
309 1058 438 1100 modo
471 1059 602 1099 istum
634 1058 742 1099 ferre
777 1074 1010 1114 possemus,
1035 1060 1066 1100 si
1099 1060 1141 1099 in
1175 1059 1258 1100 hoc
1294 1059 1402 1111 foro,
1425 1075 1521 1117 spe-

87 1117 305 1159 ctantibus
329 1115 466 1166 vobis,
488 1116 801 1172 depugnasset?
862 1116 944 1157 Sed
976 1116 1069 1157 haec
1096 1131 1179 1157 una
1202 1127 1356 1158 statua.
1389 1117 1522 1158 altera

88 1175 144 1215 ab
175 1173 392 1230 equitibus
427 1172 651 1224 Romanis,
686 1176 721 1203 1³³·
736 1187 846 1228 equo
877 1173 1075 1229 publico:
1118 1174 1190 1228 qui
1225 1174 1326 1214 item
1361 1174 1520 1216 adscri-

90 1231 213 1282 bunt,
234 1243 483 1272 PATRONO.
537 1230 678 1276 Quem
708 1245 909 1285 umquam
930 1231 1010 1271 iste
1037 1230 1143 1271 ordo
1166 1239 1393 1286 patronum
1418 1232 1520 1273 ado·
1531 1261 1562 1292 p.
1579 1255 1650 1286 2²08.

93 1288 256 1344 ptavit?
287 1287 321 1328 si
345 1301 618 1343 quemquam,
653 1287 803 1328 debuit
835 1302 918 1329 me.
943 1288 1016 1328 sed
1050 1302 1117 1328 me
1141 1288 1312 1329 omitto.
1375 1288 1516 1335 Quem
1531 1305 1560 1325 a.

89 1346 342 1387 censorem?
387 1358 514 1399 quem
554 1345 883 1400 imperatorem?
947 1345 1115 1401 Agrum
1153 1344 1218 1385 his
1255 1345 1415 1386 divisit.
1477 1342 1581 1388 014

89 1402 298 1452 sordidos,
322 1403 361 1432 ¹4
374 1401 447 1456 qui
466 1401 735 1457 acceperint!
769 1403 1029 1457 improbum,
1051 1402 1125 1457 qui
1152 1402 1339 1444 dederit!
1375 1403 1520 1444 Statu-

90 1470 216 1501 erunt
251 1459 382 1500 etiam
422 1458 582 1499 tribuni
619 1458 837 1510 militares,
865 1460 939 1514 qui
973 1459 1015 1500 in
1044 1459 1307 1500 exercitibus
1337 1459 1521 1502 Caesaris

87 1516 256 1558 duobus
288 1516 475 1557 fuerunt.
536 1515 646 1562 Quis
677 1527 741 1557 est
770 1517 851 1557 iste
882 1516 1014 1558 ordo?
1046 1516 1172 1557 multi
1205 1517 1379 1557 fuerunt
1413 1517 1522 1558 mul-.

87 1574 142 1614 tis
172 1574 216 1615 in
247 1573 490 1630 legionibus
521 1587 596 1628 per
637 1582 700 1613 tot
729 1588 878 1615 annos.
939 1573 1023 1614 His
1053 1587 1225 1630 quoque
1261 1574 1409 1615 divisit
1444 1574 1520 1615 Se-

86 1631 288 1672 murium.
350 1629 540 1685 Campus
569 1629 755 1670 Martius
795 1631 996 1682 restabat,
1029 1632 1111 1672 nisi
1146 1631 1262 1686 prius
1295 1646 1393 1672 cum
1432 1630 1517 1672 fra-

84 1696 150 1729 tre
190 1687 386 1744 fugisset.
446 1686 530 1727 Sed
564 1687 659 1728 haec
694 1702 895 1743 agrorum
934 1687 1170 1744 assignatio
1212 1687 1354 1743 paullo
1403 1698 1516 1741 ante,

89 1744 296 1796 Quirites,
347 1744 397 1786 L.
439 1744 638 1795 Caesaris,
685 1745 907 1786 clarissimi
951 1745 1045 1796 viri,
1089 1754 1133 1786 et
1173 1745 1516 1800 praestantissimi

95 1802 317 1853 senatoris,
350 1801 562 1842 sententia
594 1801 800 1843 dissoluta
833 1811 911 1843 est.
941 1801 1043 1843 huic
1070 1802 1184 1843 enim
1219 1802 1393 1853 assensi,
1423 1816 1519 1858 sep-

87 1859 318 1900 temvirfim
367 1868 465 1899 acta
510 1858 772 1900 sustulimus.
844 1859 1002 1902 Jacent
1044 1859 1254 1900 beneficia
1307 1859 1517 1902 Nuculae:

85 1916 216 1972 friget
249 1924 452 1972 patronus
483 1914 714 1957 Antonius.
757 1931 856 1957 nam
895 1931 1156 1971 possessores
1198 1917 1342 1957 animo
1385 1917 1519 1971 aequi-

85 1987 159 2015 ore
191 1972 435 2014 discedent:
468 1972 626 2015 nullam
657 1973 894 2028 impensam
930 1977 966 2004 15
980 1973 1197 2015 fecerunt:
1229 1973 1419 2014 nondum
1452 1973 1517 2014 in·-

76 2039 349 2081 ·struxerunt,
373 2030 528 2085 partim
552 2030 653 2084 quia
680 2045 766 2070 non
799 2030 1096 2080 considebant,
1119 2031 1273 2086 partim
1307 2031 1407 2084 quia
1428 2045 1514 2071 non

84 2087 318 2129 habebant.
345 2086 429 2127 Sed
455 2085 526 2126 illa
548 2095 689 2127 statua
715 2086 928 2142 palmaris,
950 2087 1003 2127 de
1025 2102 1124 2142 qua,
1146 2088 1179 2128 si
1210 2086 1386 2127 meliora
1408 2096 1577 2147 tem-15

80 2158 192 2201 pora
225 2153 379 2195 essent,
411 2158 497 2184 non
531 2158 700 2200 possem
730 2145 820 2185 sine
858 2145 943 2186 risu
976 2144 1144 2190 dicere:
1190 2144 1239 2186 L.
1271 2143 1516 2186 ANTONlo

129 2269 167 2299 12
190 2268 344 2308 tutorem]
370 2269 423 2299 sic
445 2268 517 2300 edd.
543 2273 624 2300 vett.
653 2274 687 2300 at
711 2269 776 2299 Ms.
819 2273 869 2299 tes
897 2268 992 2299 Rom.
1015 2279 1135 2308 equum
1161 2267 1332 2309 publicum
1353 2268 1515 2307 habuere:¹

84 2310 192 2342 Vatic.
202 2316 400 2351 patronum.-
415 2311 500 2351 quod
514 2311 687 2353 praetulere
702 2311 777 2341 Mu-
821 2311 981 2342 annulum
998 2321 1132 2341 aureum
1150 2320 1274 2342 omnes.
1311 2310 1373 2340 Sed
1388 2311 1469 2341 illud
1483 2323 1516 2342 e-

84 2356 188 2390 retus,
203 2354 350 2384 Graevius
366 2355 425 2384 &c.
448 2364 564 2394 nempe
587 2355 662 2393 quia
681 2353 777 2384 refer·
821 2364 880 2393 quo
890 2354 1018 2392 publico
1033 2353 1115 2383 mihi
1129 2358 1316 2393 suspectum
1329 2357 1391 2389 est,
1406 2358 1440 2383 et
1455 2364 1516 2394 pu·

85 2399 142 2425 tur
163 2394 204 2426 ad
229 2396 497 2435 inscriptionem:
532 2395 587 2427 sed
611 2405 707 2426 sensu
730 2395 777 2425 ml
820 2405 856 2426 to
876 2407 894 2426 a
913 2395 1092 2434 glossatore
1111 2396 1333 2435 adscriptum:
1366 2404 1443 2426 nam
1467 2401 1519 2431 est

60 2452 62 2454 ·
86 2437 263 2468 admodum
285 2437 394 2468 differt
409 2442 561 2475 tutorem,
576 2437 662 2477 quod
677 2438 776 2468 etiam
821 2444 938 2468 contra
957 2438 1241 2475 consuetudinem,
1261 2438 1323 2468 hoc
1347 2437 1382 2467 in
1401 2438 1459 2468 tali
1483 2448 1521 2469 re

86 2479 129 2510 ad
143 2479 298 2510 invidiam
314 2480 439 2510 dictum
455 2489 523 2511 esse
539 2486 658 2521 potest.
682 2489 778 2510 nemo
823 2480 911 2511 addi.

83 2521 215 2560 quidem
229 2526 408 2560 patronum
432 2528 540 2553 mutet
561 2524 594 2553 in
616 2527 755 2552 tutore-m
771 2534 779 2551 :
869 2525 905 2552 14
927 2524 983 2562 qui
995 2522 1287 2561 accepmunt—qui
1301 2521 1439 2561 dederit]
1455 2521 1519 2552 Oc·

84 2569 122 2593 at
134 2573 194 2603 pro
215 2563 278 2593 hoc
292 2564 374 2594 illud
394 2564 538 2604 positum
556 2574 626 2594 esse
639 2569 746 2604 potest
761 2574 782 2594 a
823 2565 926 2594 currit
946 2565 980 2594 in
1002 2564 1126 2601 οευὶοε,
1145 2564 1320 2603 legendum
1340 2572 1408 2593 esse
1430 2573 1520 2594 acce·

85 2603 233 2642 librario,
253 2610 312 2635 aut
331 2606 478 2637 additum
496 2618 514 2636 a
537 2607 729 2646 glossatore,
747 2606 782 2637 in
818 2608 949 2646 pez-int:
971 2612 1010 2637 ut
1027 2606 1213 2637 consentiat
1227 2606 1334 2635 alteri.

85 2649 216 2677 textum
229 2647 366 2678 venisse.
409 2648 503 2678 Nihil
517 2649 656 2680 mutavi.
871 2652 907 2679 15
923 2646 1381 2687 jecerant—irestru.rerant]
1404 2648 1520 2678 Sermo

129 2691 166 2719 13
187 2699 266 2728 equo
287 2690 430 2729 publico]
460 2690 550 2721 Male
573 2691 626 2721 hic
656 2690 777 2721 Manu·
819 2695 870 2721 est
885 2691 923 2720 de
944 2691 1072 2726 futuro,
1089 2700 1156 2720 non
1177 2689 1358 2729 praeteritO.
1404 2688 1520 2726 Itaque

84 2730 164 2768 tius,
186 2741 260 2761 cum
282 2741 409 2769 omnes,
435 2734 490 2770 qui
512 2733 671 2772 equestris
692 2733 778 2763 ordi·
821 2733 944 2763 correxi
961 2733 1030 2762 sine
1054 2729 1521 2770 haesitationejecerunt—in.

85 2771 136 2802 nis
151 2777 272 2810 essent,
295 2783 418 2812 equum
435 2775 604 2813 publicum
630 2775 779 2805 habuisse
822 2779 1026 2805 struxerunt.
1053 2775 1151 2805 aliter
1170 2777 1270 2812 esset,
1283 2773 1310 2803 si
1322 2772 1520 2814 praeccderet

83 2813 180 2846 dicit:
204 2825 270 2854 quo
289 2821 412 2852 sumto,
428 2816 511 2847 illud
529 2826 606 2856 equo
614 2818 708 2856 publ.
726 2826 782 2847 su·
824 2818 1050 2848 discesserunt.

73 2857 281 2896 'pervacuum
295 2863 357 2891 est.
378 2857 458 2892 Non
472 2867 586 2892 omnes
601 2864 675 2891 tum
692 2859 782 2899 equi-

742 2907 867 2949 484-
