1785 3185
471 104 824 145 PH1L11³1>1cA
851 98 1145 142 SECUNDA.
1426 89 1526 139 1205

87 206 132 253 in
154 207 268 251 illam
289 209 485 250 miseram
509 218 596 250 tam
627 221 793 267 spurce,
816 214 901 247 tam
938 204 1069 260 impie
1101 203 1291 244 dixeris?
1351 199 1434 244 Sed
1466 201 1517 243 ad
1532 197 1607 253 39

86 266 376 322 chirographa
394 266 628 306 redeamus.
652 265 691 298 39
705 279 802 318 quae
825 272 899 303 tua
921 260 1004 301 fuit
1024 259 1218 315 cognitio
1239 262 1252 301 ?
1282 268 1379 300 acta
1405 257 1518 300 enim
1535 264 1610 303 100

90 319 274 373 Caesaris
299 323 414 378 pacis
437 336 565 363 causa
595 320 851 363 confirmata
878 326 977 358 sunt
997 331 1022 357 a
1043 325 1207 366 senatu,
1229 330 1326 379 quae
1347 316 1522 370 quidem

86 378 233 420 Caesar
265 379 436 434 egisset,
471 393 556 419 non
590 393 654 428 ea,
678 393 774 433 quae
811 375 1026 417 Caesarem
1059 373 1197 428 egisse
1229 373 1411 412 dixisset
1432 372 1525 413 An-

88 435 247 476 tonius.
310 435 433 477 Unde
456 437 537 476 ista
558 435 818 490 erumpunt?
849 446 935 488 quo
957 438 1130 472 auctore
1154 427 1457 491 proferuntur?
1488 429 1522 469 si

86 503 186 533 sunt
207 491 326 544 falsa,
349 508 424 534 cur
448 493 710 547 probantur?
737 491 768 531 si
791 504 904 540 vera,
927 501 1003 528 cur
1025 487 1239 549 veneunt}
1269 483 1330 525 At
1351 499 1411 526 stc
1436 485 1524 540 pla-

83 558 245 600 encrat,
267 558 313 590 ut
347 564 402 591 ex
439 549 642 591 Kalendis
674 547 817 590 Juniis
849 546 902 587 dc
936 541 1119 586 Caesaris
1151 551 1258 584 actis
1290 555 1388 582 cum
1418 556 1520 583 con-

81 605 176 646 silio
216 606 550 662 cognosceretis.
622 605 751 652 Quod
793 603 874 644 fuit
911 601 1166 642 consilium?
1209 603 1389 653 90quem
1426 612 1521 640 um-

81 676 213 716 quam
255 664 501 705 advocasti?
538 676 642 718 quas
687 660 900 703 Kalendas
937 658 1089 701 Junias
1131 656 1389 712 exspectasti
1411 657 1425 697 ?
1462 671 1515 697 an

81 732 167 770 cas,
190 719 241 760 ad
264 735 368 775 quas
404 730 457 770 tc,
492 719 727 776 peragratis
751 727 1046 760 veteranorum
1080 714 1276 766 coloniis,
1307 715 1513 769 stipatum
1528 723 1559 754 b.

81 777 209 817 armis
233 777 411 818 retulisti
434 780 447 818 ?

143 832 184 874 O
222 833 470 890 praeclaram
509 832 621 873 illam
658 825 1019 889 percursationem
1054 836 1169 871 tuam
1201 837 1346 870 mense
1377 822 1515 884 Aprili

88 897 219 945 atquc
245 890 384 943 Maio,
421 900 527 941 tum,
546 904 645 930 cum
673 890 801 931 etiam
833 889 1026 944 Capuam
1064 887 1275 928 coloniam
1309 886 1519 926 deducere

83 956 265 988 conatus
284 962 327 988 es
346 949 354 988 !
414 948 790 994 Quemadmodum
815 946 931 986 illinc
950 945 1120 995 abieris,
1143 944 1207 985 vel
1230 943 1374 999 potius
1393 953 1517 999 paene

77 1016 165 1044 non
188 1004 356 1055 abieris,
379 1005 551 1045 scimus.
613 1003 695 1045 Cui
717 1013 763 1044 tu
786 1003 881 1044 urbi
907 1003 1131 1043 minitaris.
1162 1000 1327 1042 utinam
1347 1014 1515 1050 conere,
1531 1003 1598 1041 101

81 1068 130 1100 ut
151 1060 381 1116 aliquando
415 1061 679 1116 illud‚poene,
706 1058 902 1102 tollatur!
963 1058 1023 1100 At
1046 1073 1171 1114 quam
1201 1057 1430 1099 nobilitata
1453 1067 1518 1097 est

81 1122 156 1157 tua
182 1117 253 1158 illa
273 1119 589 1174 peregrinatio?
620 1118 723 1173 quid
752 1117 1028 1173 prandiorum
1057 1124 1301 1172 apparatus,
1324 1114 1427 1169 qnid
1451 1113 1518 1154 fu-

77 1173 236 1216 riosam
271 1175 548 1216 vinolentiam
586 1184 704 1216 tuam
743 1174 987 1230 proferam?
1029 1182 1102 1213 tua
1143 1172 1225 1212 ista
1261 1171 1522 1212 detrimenta.

79 1240 204 1273 sunt:
237 1231 308 1273 illa
331 1242 490 1273 nostra.
549 1231 716 1288 Agrum
750 1231 1036 1286 Campanum,
1059 1229 1131 1284 qui
1165 1243 1263 1269 cum
1297 1229 1349 1268 de
1384 1228 1518 1269 vecti-—

79 1287 248 1344 galibus
275 1290 560 1340 eximebatur,
582 1299 631 1329 ut
654 1288 860 1330 militibus
883 1288 1070 1338 daretur,
1094 1296 1233 1327 tamen
1264 1285 1401 1342 infligi
1426 1299 1515 1326 ma-

81 1358 214 1385 ‹rnum
238 1346 487 1402 reipublicae
511 1346 662 1387 vulnus
690 1346 970 1402 putabamus:
997 1344 1110 1385 hunc
1134 1352 1178 1384 tu
1201 1342 1517 1398 compransori-

78 1376 158 1442 lius
187 1403 269 1444 tuis
301 1412 344 1444 et
366 1403 648 1445 collusoribus
682 1403 918 1444 dividebas.
962 1401 1117 1442 mimos
1151 1400 1250 1441 dico
1279 1408 1321 1439 et
1348 1399 1517 1450 mimas,

77 1467 221 1514 patres
244 1459 493 1516 conscripti,
517 1461 559 1500 in
592 1474 696 1516 agro
720 1459 944 1515 Campano
980 1458 1226 1500 collocatos.
1288 1456 1405 1502 Quid
1421 1456 1517 1511 jam

79 1529 232 1570 querar
273 1517 326 1558 de
367 1532 471 1572 agro
514 1516 758 1558 Leontino?
805 1514 1153 1572 quandoquidem
1191 1514 1260 1556 hae
1297 1514 1518 1569 quondam

76 1574 343 1614 9¹arationes
379 1574 590 1630 Campani
624 1583 666 1614 ct
690 1573 889 1614 Leontini
915 1574 957 1614 in
982 1571 1129 1628 populi
1163 1570 1349 1613 Romani
1384 1571 1518 1626 patri-

74 1629 225 1675 monio
248 1631 398 1686 grandi
421 1631 592 1673 foenore
609 1642 653 1672 et
674 1630 906 1672 fructuosae
929 1629 1190 1670 ferebantur.
1234 1628 1412 1669 Medico
1431 1628 1515 1668 tria

77 1686 447 1744 milliajugerum,
465 1691 506 1723 92
519 1687 639 1743 quasi
661 1696 703 1728 te
723 1702 872 1729 sanum
889 1687 1085 1729 fecisset:
1109 1686 1269 1727 rhetori
1291 1682 1315 1726 d
1325 1697 1392 1736 uo,
1406 1696 1509 1743 qua-

73 1742 111 1783 si
140 1744 346 1785 disertum
377 1745 516 1786 facere
538 1745 762 1801 potuisset.
823 1744 907 1785 Sed
929 1744 981 1784 ad
1004 1744 1084 1784 iter
1113 1742 1369 1799 Italiamque
1390 1742 1510 1784 rede-

74 1814 211 1842 amus.
273 1801 506 1843 Deduxisti
527 1801 739 1843 coloniam
764 1800 1018 1851 Casilinum,
1039 1815 1126 1856 quo
1149 1799 1296 1843 Caesar
1316 1808 1416 1841 ante
1436 1799 1508 1840 de·
1520 1804 1592 1855 40

74 1857 292 1906 duxerat„
334 1858 599 1900 Consuluisti
624 1874 691 1900 me
715 1873 788 1915 per
808 1858 970 1900 litteras
992 1858 1045 1898 de
1065 1857 1217 1915 Capua
1239 1867 1282 1898 tu
1305 1856 1478 1913 quidem
1496 1873 1595 1910 3102

74 1914 147 1955 sed
178 1914 291 1956 idem
322 1916 376 1956 de
399 1916 589 1957 Casilino
617 1915 955 1972 respondissem:
999 1928 1215 1970 possesne,
1238 1914 1312 1956 ubi
1337 1913 1521 1955 colonia<
1586 1916 1590 1919 “

75 1980 201 2023 esset,
222 1986 273 2013 eo
306 1972 519 2013 coloniam
553 1988 710 2014 novam
735 1973 835 2028 jure
854 1972 1078 2013 deducere.
1141 1971 1324 2027 Negavi,
1347 1971 1390 2012 in
1412 1984 1509 2012 eam

72 2027 304 2081 coloniam,
326 2044 424 2085 quae
457 2039 568 2071 esset
595 2030 817 2086 auspicato
849 2029 1048 2079 deducta,
1065 2028 1168 2070 dum
1199 2037 1311 2069 esset
1342 2026 1508 2069 incolu-

42 2110 49 2117 ι
72 2085 171 2136 mis,
192 2085 406 2128 coloniam
435 2101 592 2128 novam
616 2086 716 2141 jure
741 2086 920 2128 deduci:
952 2085 1129 2128 colonos
1160 2098 1296 2126 novos
1319 2083 1507 2140 adscribi

71 2155 200 2199 posse
238 2143 449 2200 rescripsi.
489 2153 535 2185 tu
568 2152 712 2184 autem
739 2142 967 2184 insolentia
997 2142 1147 2194 elatus,
1169 2142 1287 2184 omni
1322 2142 1509 2198 auspici-

75 2213 199 2243 orum
222 2199 322 2256 jure
344 2201 532 2253 turbato,
555 2200 793 2242 Casilinum
815 2199 1029 2241 coloniam
1053 2199 1286 2251 deduxisti,
1307 2214 1393 2256 quo
1417 2207 1510 2244 erat

73 2258 225 2313 paucis
244 2257 366 2315 ann-is
388 2267 488 2299 ante
505 2258 704 2311 deducta,
721 2260 761 2293 93
776 2266 823 2299 ut
842 2256 1044 2301 vexillum
1066 2255 1248 2310 tolleres,
1260 2265 1304 2298 et
1321 2264 1511 2310 aratrum

115 2413 156 2446 89
177 2421 247 2452 quoe
268 2418 328 2445 tua
341 2413 417 2456 fuit
438 2415 592 2457 cognitio]
617 2425 661 2446 se.
679 2416 771 2446 acto-

854 2416 891 2450 91
908 2416 1071 2449 arationes
1088 2413 1201 2455 camp.
1217 2417 1248 2447 ee
1261 2412 1428 2459 Leontini]
1442 2417 1509 2451 Alii

73 2459 148 2485 rum
180 2455 328 2495 Caesaris,
358 2467 430 2496 quae
461 2459 490 2489 ei
519 2462 553 2489 et
579 2457 770 2498 quibusdam

818 2456 989 2498 Campana
1016 2461 1048 2489 et
1075 2457 1259 2497 Leontina:
1285 2458 1340 2491 alii
1371 2459 1510 2493 insititia

74 2494 146 2526 aliis
165 2507 184 2527 a
199 2502 315 2529 senatu
329 2499 487 2531 mandata
503 2505 586 2537 erat,
599 2505 638 2530 ut
657 2500 771 2530 statim

73 2542 150 2577 post
164 2538 254 2571 dicit.
300 2539 344 2571 Hi
362 2542 462 2572 etiam
487 2542 526 2573 de
547 2541 771 2582 chirographis

75 2580 212 2612 Caesaris
229 2590 422 2621 cognoscere
439 2581 613 2615 debebant.

116 2625 158 2656 90
179 2631 273 2662 quem
296 2633 442 2664 unquam
464 2625 643 2665 advocasti]
668 2625 772 2656 Nem-

74 2669 127 2702 pe,
151 2669 190 2694 ut
211 2666 271 2696 tibi
294 2666 419 2698 adesset
443 2668 476 2699 in
499 2665 648 2699 consilio.
691 2666 772 2708 Qui-

75 2704 153 2736 dam
169 2717 185 2736 e
201 2707 266 2739 Ms.
281 2707 357 2738 Vat.
375 2711 574 2741 convocasti.-
596 2708 682 2750 quod
696 2719 772 2740 cum

74 2752 142 2776 non
168 2748 250 2780 bene
278 2751 452 2783 conveniat
479 2753 650 2792 singulari,
682 2751 773 2781 Grae-

75 2787 147 2818 vius
170 2790 241 2821 vult
264 2791 329 2834 legi
351 2803 435 2835 quos,
478 2795 662 2840 Vulgatum
686 2798 774 2827 recte

74 2837 110 2862 te
125 2830 235 2864 habet.

814 2498 884 2530 haec
900 2501 997 2531 verba
1011 2500 1145 2540 putant,
1161 2500 1248 2539 quod
1261 2501 1370 2534 credo,

856 2545 897 2577 92
925 2543 1019 2582 quasi
1046 2546 1077 2574 te
1102 2543 1383 2584 sanum—quasi
1409 2543 1510 2574 dise-r·

814 2584 900 2624 tum]
925 2584 1078 2615 Muretus
1093 2593 1110 2614 e
1130 2584 1194 2615 MS.
1211 2585 1285 2616 Vat.
1302 2585 1415 2623 edidit,
1432 2583 1513 2625 quid

813 2626 974 2675 s{=quid
999 2626 1038 2658 si.
1066 2625 1151 2665 quod
1179 2635 1248 2658 non
1270 2629 1398 2659 notavit
1419 2628 1510 2660 Grae-

814 2677 898 2700 vius.

856 2714 897 2745 93
920 2715 958 2741 ut
978 2711 1136 2742 vexillum
1158 2709 1298 2750 tolleres]
1323 2709 1375 2741 Sic
1398 2721 1415 2742 e
1430 2708 1508 2741 vat.

815 2751 941 2783 editum
965 2757 1027 2789 est,
1042 2753 1143 2784 etiam
1166 2762 1185 2783 a
1207 2752 1348 2789 Graevio,
1365 2761 1425 2792 pro
1441 2752 1510 2782 vul⁴

815 2798 893 2834 gato
910 2796 1044 2825 videres.
1088 2794 1148 2825 Est
1172 2798 1284 2824 autem
1298 2795 1409 2826 tollere
1424 2795 1456 2825 in
1472 2802 1512 2825 ez

816 2845 850 2866 re
874 2837 1007 2867 verbum
1030 2837 1212 2878 proprium,
1230 2835 1414 2878 diciturque
1431 2834 1511 2870 ,toul

731 2883 859 2919 41³2
