1769 3174
415 122 493 160 DE
518 121 871 162 HARUSPICUM
896 121 1190 161 RESPONSIS.
1444 127 1526 164 925

80 224 253 276 ceteris,
287 223 577 267 reticuissem:
621 225 694 267 sed
735 225 830 267 haec
868 226 1006 266 oratio
1039 226 1179 266 omnis
1212 224 1296 266 fuit
1330 240 1417 268 non
1449 243 1524 269 au-

83 282 299 323 ctoritatis
321 297 444 334 meze,
467 283 539 324 sed
567 282 753 339 publicae
788 282 1023 338 religionis.
1045 285 1086 312 ³0
1106 297 1201 323 mea
1224 283 1397 324 fuerunt
1430 299 1521 326 ver-
1536 298 1569 330 b.

80 337 138 380 ba
160 338 338 381 fortasse
361 340 503 395 plura:
537 340 760 380 sententiae
782 339 956 395 quidem
978 353 1126 380 omnes
1147 339 1443 396 haruspicum:
1468 342 1524 383 ad

75 409 186 451 quos
219 406 294 438 aut
315 397 458 437 referri
491 398 688 438 nuntiata
719 406 889 438 ostenta
919 411 1005 437 non
1028 397 1246 448 convenit,
1278 407 1353 437 aut
1373 412 1521 440 eorum

79 454 296 509 responsis
334 454 596 495 commoveri
631 467 809 494 necesse
846 466 924 494 est.
986 453 1155 500 Quodsi
1200 463 1342 495 cetera
1381 456 1582 511 inagis&

79 510 333 567 pervulgata
352 525 430 551 nos
452 525 566 566 saepe
587 519 631 551 et
652 511 811 561 levio-ra
832 520 1083 553 moverunt:
1117 525 1202 551 vox
1228 511 1321 566 ipsa
1342 511 1520 553 deorum

78 566 386 611 immortalium
408 583 496 609 non
516 577 681 609 mentes
704 570 894 609 omnium
918 568 1214 624 permovebit?
1238 568 1387 609 Nolite
1404 570 1521 610 enim

77 622 123 665 id
152 635 303 680 putare
325 625 517 667 accidere
550 640 688 681 posse,
711 626 825 680 quod
850 627 891 666 in
913 626 1069 667 fabulis
1092 639 1206 682 saepe
1238 626 1390 666 videtis
1414 627 1521 678 fieri,

78 690 128 722 ut
159 682 262 723 deus
295 682 448 737 aliquis
470 682 665 739 ³¹lapsus
700 683 752 723 de
783 683 914 734 coelo,
950 692 1092 723 coetus
1126 683 1351 723 hominum
1381 684 1520 736 adeat,

77 749 268 780 versetur
301 740 343 780 in
368 740 502 790 terris,
525 755 623 781 cum
648 740 894 781 hominibus
924 743 1208 794 colicquatur.
1231 741 1422 796 cogitate
1446 756 1521 797 ge-

73 809 154 836 nus
178 796 341 837 sonitus
365 797 472 852 ejus,
494 811 622 852 quem
650 797 916 838 Latinienses
947 799 1224 839 nuntiarunt:
1258 798 1518 839 recordami-

72 852 119 893 ni
142 852 245 894 illud
259 854 404 907 etiam,
427 858 467 884 32
481 855 596 909 quod
617 855 806 895 nondum
827 865 892 895 est
911 854 1105 904 relatum,
1123 855 1239 909 quod
1259 855 1409 895 eodem
1430 854 1519 896 fere

73 918 267 966 tempore
290 912 427 952 factus
461 911 504 951 in
537 926 642 967 agro
668 911 828 952 Piceno
865 911 1078 952 Potentiae
1113 913 1338 952 nuntiatur
1370 921 1518 954 terrae-

14 998 20 1005 .
68 976 218 1009 motus
251 968 482 1019 horribilis,
504 983 601 1009 cum
632 969 890 1023 quibusdam
924 969 1070 1009 multis
1101 969 1428 1025 metuendisque
1451 985 1516 1010 re-

71 1024 165 1066 bus.
197 1024 292 1067 haec
322 1026 470 1067 eadem
504 1025 712 1081 profecto,
742 1028 781 1057 33
795 1041 892 1081 quae
925 1027 1070 1067 futura
1098 1027 1400 1082 prospicimus,
1432 1027 1512 1068 im-

26 1100 27 1103 *
69 1082 303 1138 pendentia
340 1084 664 1139 pertimescetiS.
727 1083 899 1124 Etenim
938 1084 1033 1124 haec
1069 1084 1247 1124 deorum
1288 1084 1509 1126 immorta-
1522 1089 1569 1129 63

69 1139 176 1182 lium
201 1155 300 1191 vox,
324 1140 418 1181 haec
439 1155 561 1196 paene
580 1140 972 1196 oratio-judicanda
992 1150 1174 1192 est‚cum
1195 1141 1287 1198 ipse
1309 1142 1509 1195 mundus,
1536 1185 1544 1197 l

68 1210 169 1237 cum
191 1197 266 1239 a'er
287 1208 415 1252 atque
437 1207 576 1249 terrae,
601 1207 719 1238 motu
742 1198 930 1253 quodam
954 1213 1067 1238 novo
1090 1199 1445 1250 contremiscunt,
1467 1210 1512 1241 et

68 1253 276 1296 inusitato
314 1255 476 1311 aliquid
500 1270 620 1306 sono,
659 1256 987 1310 incredibilique
1020 1255 1275 1311 praedicunt.
1338 1256 1387 1296 In
1423 1272 1512 1313 quo

65 1311 382 1353 constituendae
405 1313 530 1354 nobis
553 1312 726 1368 quidem
757 1322 856 1354 sunt
877 1313 1215 1368 procurationes,
1238 1322 1282 1354 et
1314 1315 1514 1355 obsecra-

18 1400 23 1402 -
66 1368 146 1420 tio,
167 1370 530 1424 quemadmodum
563 1384 803 1411 monemur.
827 1370 901 1410 sed
923 1370 1069 1411 faciles
1093 1380 1191 1411 sunt
1225 1384 1373 1426 preces
1396 1373 1513 1427 apud

66 1440 155 1477 εοε,
177 1427 250 1481 qui
287 1427 398 1468 ultro
422 1427 546 1469 nobis
581 1428 692 1468 viam
718 1427 865 1468 salutis
898 1427 1154 1468 ostendunt:
1195 1438 1355 1470 nostrae
1387 1430 1512 1474 nobis

2 1483 5 1489 ¹
63 1493 168 1528 sunt
189 1484 300 1526 inter
321 1498 400 1526 nos
421 1484 497 1526 irae
519 1484 833 1540 discordiaeque
855 1484 1094 1541 placandae.

61 1630 251 1671 parenthesi
264 1629 500 1670 accipiendum.
537 1631 692 1664 Ceterum
707 1630 767 1661 du-
807 1631 854 1661 sic
865 1631 961 1662 estin
984 1631 1034 1662 ed.
1049 1630 1089 1662 R.
1112 1629 1169 1662 ΒΓ.
1190 1630 1281 1663 Med.
1296 1631 1412 1672 Itaque
1427 1631 1513 1664 edidi

26 1672 29 1679 “
64 1673 130 1703 rius
142 1672 254 1713 paullo
267 1676 337 1703 tam
351 1672 502 1712 frequens
517 1680 566 1703 est
579 1674 644 1704 sed.
688 1672 767 1705 For·
809 1675 920 1714 lapsus
934 1675 973 1704 de
983 1675 1069 1704 coelo.

57 1718 144 1746 tasse
157 1714 333 1755 legendum
349 1719 509 1746 attamen.
850 1719 891 1746 32
917 1717 1002 1755 quod
1024 1716 1167 1746 nondum
1193 1720 1240 1746 est
1266 1715 1425 1757 relatum]
1459 1717 1513 1752 Ad

106 1759 148 1788 30
170 1767 244 1788 mea
255 1756 405 1797 ficerunt
427 1757 538 1797 verba]
564 1757 644 1788 Mea
673 1758 767 1788 abest
807 1763 972 1789 senatum.
988 1758 1043 1788 sed
1057 1763 1105 1788 est
1122 1767 1179 1797 pro
1193 1758 1350 1789 delatum.

62 1797 128 1830 MS.
143 1799 197 1830 Fr.
208 1799 259 1830 ed.
270 1799 325 1829 W.
338 1802 372 1829 et
385 1799 532 1830 Graevius
544 1799 660 1830 mallet
672 1801 763 1831 abes.
847 1803 886 1831 33
909 1800 1111 1841 quoesutura
1121 1801 1350 1840 prospicimus]
1376 1800 1511 1832 Futura

60 1850 107 1872 se.
150 1841 213 1872 Sed
227 1842 366 1872 refertur
381 1842 422 1872 ad
436 1842 647 1881 haruspicum
660 1854 669 1872 .-
690 1852 762 1873 ver-
805 1842 897 1873 abest
911 1843 990 1873 Mss.
1005 1843 1075 1873 Erf.
1092 1843 1144 1873 Fr.
1161 1842 1267 1873 ectw.
1288 1845 1378 1874 1480.
1393 1843 1510 1874 deleri-

57 1884 104 1915 «ba
115 1885 392 1915 mem—sententioe
403 1886 628 1924 haruspicum.
804 1895 865 1924 que
894 1885 967 1915 vult
993 1885 1149 1915 Graevius.
1202 1885 1416 1922 Delevissem,
1446 1886 1509 1916 nisi

103 1927 141 1956 31
166 1927 315 1966 delapsus
333 1927 450 1967 ecoelo]
477 1926 540 1958 Ed.
556 1930 639 1957 vett.
658 1937 760 1967 prope
803 1927 970 1957 videretur
996 1938 1016 1957 a
1041 1928 1198 1959 Cicerone
1224 1926 1372 1957 additum
1400 1927 1441 1957 ad
1464 1938 1508 1957 ae-

59 1976 175 1998 omnes
189 1970 328 2008 elapsus,
341 1969 390 1999 ed.
405 1969 460 2000 W.
475 1968 553 2000 Ald.
570 1970 689 2008 lapsus.
706 1970 760 2000 de·
803 1969 933 2009 quanda
957 1969 1122 2000 membra:
1141 1968 1272 2008 futura
1291 1970 1508 2012 prospician

56 2011 171 2049 lapsus
183 2014 233 2040 est
247 2021 267 2040 a.
279 2010 451 2041 Lambino.
467 2021 483 2041 ε
501 2011 592 2042 abest
607 2011 671 2042 Ms.
686 2012 758 2043 Erf.
802 2012 1316 2054 —impemlenciapertimescens.

55 2051 167 2091 delabi
179 2052 220 2084 de
232 2053 306 2084 coelo
324 2052 458 2093 dicitur,
473 2062 540 2085 non
552 2064 570 2085 e
586 2055 674 2090 coelo.
716 2054 762 2088 Et

118 2924 226 2952 von.
251 2925 305 2953 11.
330 2925 371 2952 P.
396 2925 452 2952 11.
758 2915 782 2951 3
808 2923 833 2951 P
