1812 3147
257 88 332 122 884
852 80 1100 119 ORATIO

256 186 402 243 nagris
443 186 715 228 simulacrum
752 200 776 227 e
810 200 1021 226 marmore
1051 186 1094 226 in
1137 184 1330 240 sepulcro
1372 185 1558 240 positum
1596 183 1696 226 fuit.

260 244 362 285 Hoc
385 246 423 278 87
436 243 607 298 quidam
632 243 761 284 homo
792 243 962 293 nobilis,
986 258 1069 283 non
1102 241 1262 283 alienus
1294 243 1348 283 ab
1381 241 1462 282 hoc
1493 241 1693 298 religioso

263 301 495 342 Libertatis
531 300 764 351 sacerdote,
790 300 843 340 ad
876 310 1074 340 ornatum
1115 299 1332 339 aedilitatis
1370 313 1457 339 suae
1496 297 1695 354 deporta-

262 358 342 398 vit.
402 356 572 398 Etenim
595 358 807 412 cogitarat
830 370 975 397 omnes
999 357 1234 411 superiores
1256 356 1442 396 muneris
1474 354 1697 410 splendore

266 428 476 469 superare.
523 413 673 468 Itaque
690 414 834 454 omnia
856 413 992 468 signa,
1017 412 1196 462 tabulas,
1218 421 1564 452 ornamentorum
1584 409 1700 465 quod

267 471 479 526 superfuit
507 471 550 510 in
583 470 706 520 fanis,
747 479 789 510 et
831 470 1130 510 communibus
1162 468 1280 519 locis,
1321 478 1413 509 tota
1451 482 1474 508 e
1513 466 1701 517 Graecia,

268 537 396 583 atque
417 527 563 568 insulis
582 528 796 576 omnibus,
817 526 991 566 honoris
1012 524 1157 580 populi
1181 525 1364 565 Romani
1386 539 1527 575 causa,
1549 526 1588 555 88
1602 536 1703 563 sane

183 596 256 630 112
269 583 490 639 frugaliter
519 584 693 624 domum
726 597 844 623 suam
879 581 1135 637 deportavit.
1198 581 1238 621 Is
1270 591 1548 636 posteaquam
1579 579 1703 620 intel-

266 641 388 691 lexit,
411 655 535 696 posse
567 653 623 690 se,
646 640 931 679 winter-versa
961 638 1179 687 aedilitate,
1212 653 1237 678 a
1267 638 1316 678 L.
1343 637 1498 678 Pisone
1529 636 1703 677 consule

266 708 493 754 praetorein
525 696 772 746 renuntiari,
803 696 835 736 si
867 695 995 735 modo
1016 698 1056 729 90
1069 695 1216 735 eadem
1249 695 1384 750 prima
1414 694 1555 735 littera
1584 707 1704 734 com-

264 755 494 810 petitorem
526 752 744 794 habuisset
774 752 983 806 aliquem:
1018 751 1264 792 aedilitatem
1297 752 1463 792 duobus
1496 751 1538 791 in
1581 749 1702 800 locis,

266 812 423 867 partim
447 811 489 850 in
512 825 623 859 arca,
646 810 800 864 partim
835 810 876 849 iu
909 808 1042 849 hortis
1065 808 1149 848 suis
1171 807 1423 850 collocavit:
1457 807 1627 864 signum
1648 807 1703 847 de

267 869 394 908 busto
437 866 670 907 meretricis
713 866 903 906 ablatum
943 866 1010 905 isti
1054 865 1186 914 dedit,
1223 866 1336 919 quod
1381 875 1491 906 esset
1532 864 1704 919 signum

268 927 305 958 9¹
323 924 460 979 magis
502 924 693 973 istorum,
735 937 862 977 quam
906 921 1089 977 publicae
1128 921 1350 962 libertatis.
1412 921 1539 962 Hanc
1580 921 1704 961 deam

268 982 500 1035 quisquam·
521 980 676 1020 violare
694 980 862 1030 audeat,
884 979 1116 1034 imaginem
1139 978 1387 1029 meretricis,
1406 986 1704 1019 ornamentum

270 1038 467 1093 sepulcri,
490 1052 513 1076 a
544 1037 636 1077 fure
667 1036 892 1086 sublatam,
915 1050 939 1076 a
968 1034 1174 1090 sacrilego
1210 1035 1490 1077 collocatam?
1521 1035 1614 1075 haee
1636 1048 1704 1075 me

137 1094 400 1149 p.236.d01n0
431 1107 526 1134 mea
555 1093 710 1149 pellet?
741 1092 891 1134 92haec
934 1092 1063 1132 ultrix
1109 1093 1281 1133 afflicta:
1324 1091 1527 1142 civitatis,
1562 1091 1704 1146 reipu-

227 1151 397 1192 a-blicae
422 1150 568 1206 spoliis
591 1150 843 1191 ornabitur?
876 1149 970 1190 haec
1000 1149 1082 1190 erit
1112 1149 1154 1188 iu
1186 1163 1236 1189 eo
1273 1158 1567 1199 monumento,
1588 1147 1704 1203 quod

270 1208 459 1263 positum
482 1214 560 1258 est,
584 1216 630 1247 ut
659 1217 770 1248 esset
799 1205 1005 1246 indicium
1038 1206 1227 1261 oppressi
1260 1215 1428 1246 senatus
1459 1205 1512 1246 ad
1542 1219 1704 1245 memo-

187 1264 375 1309 113riam
409 1264 709 1319 sempiternam
751 1263 1055 1318 turpitudinis?
1099 1262 1139 1304 Ο
1172 1263 1228 1308 Q.
1265 1262 1431 1314 Catule,
1464 1269 1705 1318 (patremne

270 1321 496 1377 appellem,
511 1335 562 1361 an
577 1320 740 1361 filium?
763 1319 975 1361 recentior
996 1319 1202 1360 memoria
1218 1318 1293 1360 filii
1313 1328 1391 1370 est,
1413 1327 1567 1361 etcum
1581 1319 1706 1359 rebus

270 1379 375 1419 meis
418 1378 550 1434 gestis
591 1377 905 1431 conjunctiorz)
938 1385 1160 1416 tantumne
1202 1385 1244 1416 te
1282 1375 1448 1426 fefellit,
1471 1390 1568 1417 cum
1598 1374 1706 1416 mihi

270 1449 437 1475 summa
465 1444 509 1475 et
538 1434 731 1489 quotidie
762 1433 927 1488 majora
957 1433 1133 1488 praemia
1163 1433 1204 1473 in
1238 1432 1457 1489 republica
1496 1433 1588 1474 fore
1627 1447 1706 1488 pu-

268 1493 417 1535 tabas?
447 1494 487 1525 93
502 1491 690 1547 negabas
708 1490 770 1531 fas
791 1504 896 1541 esse,
918 1490 1024 1530 duos
1043 1490 1237 1531 consules
1259 1504 1348 1530 esse
1367 1490 1408 1530 in
1428 1490 1508 1531 hac
1530 1490 1706 1531 civitate

269 1549 468 1590 inimicos
500 1547 763 1603 reipublicae.
832 1546 933 1588 Duo
965 1557 1062 1587 sunt
1093 1547 1272 1597 inventi,
1303 1547 1376 1602 qui
1407 1556 1603 1588 senatum
1633 1546 1710 1587 tri-

270 1606 387 1646 buno
429 1605 587 1646 furenti
629 1603 909 1646 constrictum
953 1604 1188 1646 traderent:
1227 1604 1300 1658 qui
1344 1618 1420 1660 pro
1459 1618 1527 1645 me
1568 1612 1709 1659 patres

270 1662 538 1718 conscriptos
589 1661 821 1717 deprecari,
861 1669 904 1702 et
951 1660 1110 1716 populo
1162 1661 1374 1717 supplices
1411 1674 1515 1712 esse,
1557 1660 1710 1702 edictis

271 1729 400 1774 atque
424 1717 603 1774 imperio
635 1726 848 1769 vetarent3
879 1717 1034 1773 quibus
1066 1718 1405 1773 inspectantibus
1435 1718 1586 1758 domus
1617 1731 1713 1758 mea

273 1776 597 1826 disturbaretur,
616 1775 891 1830 diriperetur:
914 1775 987 1830 qui
1000 1775 1183 1829 denique
1202 1775 1419 1815 ambustas
1441 1774 1710 1815 fortunarum

277 1847 465 1873 mearum
516 1832 728 1887 reliquias,
773 1846 868 1872 suas
918 1832 959 1872 in
1007 1832 1158 1873 domos
1198 1831 1457 1887 comportari
1491 1831 1711 1885 juberent.

194 1889 417 1933 114Venio
460 1904 572 1930 nune
615 1889 667 1930 ad
707 1897 886 1944 patrem.
945 1887 1026 1939 Tu,
1069 1889 1126 1934 Q.
1167 1887 1334 1938 Catule,
1366 1887 1432 1928 M.
1465 1887 1603 1929 Fulvii
1635 1887 1712 1929 do-

276 1961 410 1998 mum,
435 1961 532 1988 cum
564 1946 598 1987 is
621 1945 761 1986 fratris
785 1945 847 1986 tui
869 1959 988 1986 socer
1009 1945 1173 1997 fuisset,
1196 1954 1521 1987 monumentum
1543 1954 1712 1986 tuarum

332 2062 370 2093 87
407 2060 540 2099 quidam
569 2061 658 2089 homo
684 2058 810 2098 nobilis]
849 2058 972 2098 Appius

1015 2059 1138 2099 fragiis,
1154 2059 1186 2090 in
1203 2060 1317 2099 quibus
1332 2063 1464 2090 tantum
1486 2059 1594 2099 prima
1613 2057 1712 2089 litera

276 2101 447 2138 Claudius,
465 2102 564 2132 frater
580 2101 699 2137 Clodii,
716 2102 770 2140 qui
787 2100 887 2131 aedilis
903 2101 971 2130 fieri

1016 2102 1177 2132 candidati
1214 2103 1420 2137 scriberetur,
1447 2111 1543 2141 quem
1577 2101 1712 2140 quisque

276 2144 455 2183 cogitabat,
469 2144 524 2173 sed
536 2144 641 2173 faetus
655 2153 720 2173 non
735 2149 796 2180 est,
813 2143 888 2182 quia
900 2147 974 2183 post

276 2186 395 2216 maluit
410 2191 529 2225 pra‘tor
546 2186 627 2215 sieri.

320 2230 358 2258 88
386 2237 464 2257 saue
475 2226 680 2266 ⁸frug-snmter]
712 2227 788 2257 Sine
814 2227 973 2266 impensa,

277 2270 428 2299 omnibus
443 2279 500 2309 ροι-
515 2269 659 2298 fraudem
673 2274 706 2297 et
722 2269 786 2298 vim
803 2269 931 2298 ablatis.

320 2314 360 2345 89
391 2313 568 2341 interversa
598 2310 765 2349 oezlilitate]
805 2310 976 2349 Quomodo

277 2355 471 2388 interversa,
487 2362 561 2382 cum
582 2353 648 2392 ipse
662 2362 719 2382 sua
734 2360 850 2392 sponte
867 2353 977 2391 petiti-

279 2404 376 2425 onem
409 2395 554 2424 omiserit
583 2400 616 2423 et
645 2403 678 2423 se
708 2395 748 2423 ad
780 2394 976 2433 petitionem

279 2443 431 2477 proeturae
459 2436 659 2466 contulerit?
686 2435 736 2465 An
759 2436 904 2474 legemus
926 2438 976 2465 in-

281 2480 430 2508 termissa
442 2479 458 2507 ?
480 2488 538 2518 pro
547 2478 767 2517 praetermfssa
778 2491 787 2509 .·
811 2478 886 2516 quia
901 2478 976 2507 redi·

282 2521 410 2551 litatem
425 2521 457 2550 in
473 2520 585 2550 ordine
597 2519 847 2557 magistratuum
864 2525 976 2559 peten-

281 2563 397 2592 dorum
413 2562 565 2591 omittere
581 2561 718 2591 volebat.

324 2608 365 2637 90
387 2606 497 2634 eudem
517 2613 570 2642 pr.
593 2606 615 2633 l.
632 2603 747 2642 comp]
773 2603 874 2634 Valde
896 2603 928 2634 h.
954 2604 974 2634 l.

281 2651 450 2685 torquent,
473 2651 531 2675 aut
557 2651 658 2675 semet
687 2646 770 2684 ipsos
794 2646 852 2675 riri
877 2646 974 2676 docti.

282 2688 455 2718 Manutius
479 2688 577 2717 refert
599 2688 638 2717 ad
667 2687 793 2717 tabulas
817 2688 975 2726 publicas,

282 2740 459 2767 earumque
475 2729 687 2769 corruptelas,
704 2730 840 2759 mutatis
863 2731 977 2760 ceteris

285 2772 425 2802 nominis
442 2772 554 2802 literis.
587 2772 732 2802 Pertinet
747 2780 823 2801 sanc
839 2771 879 2801 ad
892 2773 977 2801 frau-

283 2814 368 2851 dem,
385 2813 451 2851 sed,
466 2819 503 2845 ut
515 2814 643 2855 opinor,
655 2814 849 2845 tabellarum
866 2815 901 2844 in
914 2814 978 2845 suf-

1017 2148 1152 2174 crearet.

1058 2189 1094 2219 91
1123 2186 1229 2225 magis
1243 2184 1393 2225 istorum]
1421 2184 1633 2215 Claudiorum
1648 2183 1712 2215 fra-

1019 2232 1118 2263 trum,
1135 2227 1307 2258 hominum
1321 2227 1580 2257 libidinosorum.

1059 2271 1099 2303 9⁴2
1115 2271 1180 2299 lzoec
1190 2271 1294 2300 ultrix
1306 2269 1436 2310 afflicta?
1452 2268 1606 2309 civitatis]
1625 2269 1715 2309 Quo-

1020 2312 1116 2342 modo
1132 2312 1176 2341 sie
1199 2311 1324 2342 dicatur
1348 2311 1403 2341 illa
1426 2312 1509 2347 Dea,
1526 2320 1593 2341 non
1615 2311 1714 2342 intel-

1019 2352 1097 2391 ligo.
1123 2353 1228 2383 Immo
1243 2355 1360 2383 rictri.r
1375 2353 1510 2383 fortasse
1525 2352 1713 2391 legendum,

1020 2395 1106 2433 qnod
1127 2396 1245 2435 passim
1262 2405 1335 2425 eum
1354 2396 1458 2425 ullrt'oe
1472 2398 1714 2425 commutatum

1019 2442 1066 2466 cst
1079 2449 1085 2465 :
1111 2438 1227 2467 viceris
1241 2437 1296 2473 illa
1312 2437 1432 2467 dicitur
1445 2436 1625 2476 eleganter,
1640 2446 1715 2475 quae

1020 2479 1109 2517 quasi
1138 2479 1175 2509 de
1204 2479 1326 2509 afflicta
1355 2478 1487 2509 ciiitate
1515 2477 1714 2517 triumphat,

1020 2531 1082 2558 quo
1099 2521 1194 2550 modo
1209 2521 1288 2550 illud
1301 2521 1433 2551 verbum
1448 2525 1482 2550 et
1495 2519 1570 2550 alibi
1580 2519 1712 2551 dieitur.

1018 2562 1088 2592 Nisi
1116 2572 1190 2592 vero
1215 2562 1302 2592 aliud
1326 2563 1459 2592 verbum
1490 2563 1524 2592 in
1551 2572 1589 2591 eo
1616 2561 1712 2599 latet,

1019 2604 1104 2642 quod
1127 2604 1319 2643 respondeat
1340 2607 1459 2643 sJJoliis,
1474 2610 1513 2634 ut
1534 2604 1650 2634 civitas
1664 2614 1714 2634 re-

1019 2646 1156 2685 spondet
1170 2647 1305 2684 reipubl.

1061 2692 1099 2721 913
1123 2687 1332 2726 ufgabasfas
1346 2687 1423 2727 esse]
1446 2689 1466 2718 i.
1481 2698 1510 2718 e.
1525 2686 1594 2717 fieri
1611 2695 1715 2726 posse,

1020 2730 1103 2767 quod
1119 2730 1151 2759 id
1163 2739 1206 2759 sc.
1225 2731 1321 2759 nimis
1345 2730 1434 2761 nefas
1456 2735 1552 2761 esset.
1576 2728 1638 2760 vid.
1656 2728 1713 2759 Or.

1022 2772 1054 2802 in
1071 2773 1145 2803 ὅρη.
1162 2782 1193 2812 p.
1210 2772 1289 2804 Reti.
1306 2783 1332 2802 c.
1348 2774 1378 2802 4.
