1785 3185
427 108 545 145 PRO
569 108 616 144 T.
650 105 843 144 ANNIO
877 105 1129 145 MILONE.
1393 112 1493 151 1177

55 210 159 253 dum
188 220 268 262 est,
300 210 343 251 id
374 225 551 266 agamus
582 211 680 252 hic:
713 210 827 264 quod
861 211 1083 250 tormentis
1115 210 1306 251 invenire
1340 211 1416 261 vis,
1449 212 1491 253 id

57 268 254 309 fatemur.
315 267 451 308 Manu
476 281 575 308 vero
598 282 673 308 cur
694 267 871 316 miserit,
888 267 921 306 si
941 267 984 306 id
1008 267 1150 321 potius
1173 269 1342 320 quaeris,
1362 284 1491 322 quam

56 337 133 365 cur
153 338 303 379 parum
325 324 476 380 amplis
499 323 689 365 affecerit
720 323 933 379 praemiis:
966 323 1102 364 nescis
1133 324 1292 363 inimici
1328 325 1488 366 suctum

57 381 380 435 reprehendere.
443 380 571 422 Dixit
610 381 725 421 enim
759 380 828 421 hic
862 380 990 430 idem,
1028 380 1101 434 qui
1139 381 1284 420 omnia
1325 387 1550 437 seinperSS

57 445 304 478 constanter
325 446 370 479 et
389 437 572 489 fortiter,
597 437 663 478 M.
688 438 814 487 Cato,
832 437 1028 491 dixitque
1056 437 1098 476 in
1123 436 1367 477 turbulenta
1389 454 1491 479 con-

57 493 198 544 cione,
213 509 312 550 quae
335 504 478 536 tamen
499 495 626 550 hujus
649 495 904 536 auctoritate
922 494 1088 549 placata
1102 502 1166 533 est
1189 507 1273 534 non
1298 493 1493 536 libertate

60 550 214 601 solum,
244 551 315 592 sed
353 553 483 593 etiam
514 553 713 593 omnibus
746 552 933 607 praemiis
956 551 1229 606 dignissimos
1254 550 1397 600 fuisse,
1421 553 1494 606 qui

59 607 226 648 domini
267 620 399 665 caput
439 608 743 650 defendissent.
805 608 935 654 Quod
975 609 1089 648 enim
1130 607 1354 662 praemium
1394 610 1495 649 satis

61 677 269 720 magnum
291 676 356 706 est
383 675 470 707 tam
493 666 717 715 benivolis,
740 674 827 706 tam
859 666 999 717 bonis,
1021 674 1106 706 tam
1131 664 1327 704 fidelibus
1350 666 1495 715 servis,

62 730 241 778 propter
272 737 380 778 quos
412 723 551 764 vivit?
582 723 662 763 etsi
693 722 746 763 >id
790 722 963 776 quidem
997 736 1082 763 non
1112 722 1220 762 tanti
1253 731 1331 771 est,
1367 737 1496 776 quam

60 779 177 834 quod
199 789 373 836 propter
393 780 564 820 eosdem
589 794 673 820 non
697 779 905 834 sanguine
935 789 978 820 et
1009 778 1253 819 vulneribus
1285 779 1370 818 suis
1401 794 1496 819 cru-

61 835 267 877 delissimi
300 836 464 877 inimici
494 846 681 877 mentem
713 836 945 891 oculosque
967 836 1152 876 satiavit.
1175 850 1282 890 quos
1304 836 1382 876 nisi
1409 851 1497 877 ma-

62 893 324 943 numisisset,
347 894 570 934 tormentis
593 894 723 934 etiam
754 893 936 934 dedendi
968 893 1147 934 fuissent
1177 903 1496 933 conservatores

62 949 243 1001 domini,
264 949 422 990 ultores
453 949 636 1002 sceleris,
659 949 902 991 defensores
935 950 1065 991 necis.
1127 949 1214 990 Hic
1258 964 1357 990 vero
1392 951 1497 991 nihil

61 1003 196 1046 habet
236 1007 282 1047 in
320 1006 387 1048 his
427 1007 564 1058 malis,
592 1011 633 1041 79
649 1007 763 1062 quod
805 1008 945 1048 minus
988 1006 1168 1048 moleste
1208 1005 1330 1056 ferat,
1354 1022 1497 1062 quam,

62 1063 231 1103 etiamsi
250 1063 354 1118 quid
376 1063 458 1119 ipsi
480 1064 662 1115 accidat,
675 1077 765 1105 esse
783 1074 925 1105 tamen
946 1064 1027 1104 illis
1050 1064 1249 1104 meritum
1272 1065 1498 1119 praemium

61 1120 342 1175 persolutum.
403 1121 487 1162 Sed
519 1122 777 1176 quaestiones
815 1132 971 1178 urgent
1005 1120 1232 1172 Milonem,
1263 1135 1358 1175 quae
1399 1132 1558 1168 sunt59

62 1176 227 1218 habitae
261 1192 376 1218 nunc
414 1178 458 1218 in
491 1179 600 1220 atrio
634 1178 879 1219 Libertatis.
941 1178 1213 1224 Quibusnam
1250 1178 1303 1218 dc
1340 1180 1497 1222 servis?

64 1237 220 1290 rogas?
250 1234 303 1275 de
335 1234 386 1276 P.
419 1233 577 1277 Clodii.
639 1235 748 1282 Quis
786 1249 858 1277 eos
891 1235 1157 1291 postulavit?
1189 1234 1371 1290 Appius.
1405 1236 1500 1291 quis

64 1291 301 1347 produxit?
322 1290 506 1348 Appius.
530 1293 668 1334 unde?
690 1293 744 1334 ab
767 1291 927 1348 Appio.
989 1292 1062 1333 Dii
1084 1292 1210 1333 boni!
1234 1293 1336 1346 quid
1360 1303 1503 1348 potest

66 1346 138 1404 agi
161 1349 375 1391 severius?
407 1348 476 1389 De
497 1351 627 1391 servis
655 1349 770 1391 nulla
800 1350 983 1405 quaestio
1005 1359 1069 1389 est
1094 1349 1136 1390 in
1159 1349 1396 1402 dominum,
1418 1351 1501 1392 nisi

66 1404 122 1446 de
159 1404 339 1457 incestu,
372 1415 419 1447 ut
454 1406 536 1448 fuit
571 1407 615 1448 in
659 1406 876 1448 Clodium.
939 1406 1143 1447 Proxime
1183 1407 1285 1447 deos
1324 1409 1504 1449 accessit

69 1460 264 1514 Clodius,
287 1464 464 1519 propius
486 1478 615 1519 quam
639 1473 746 1515 tum,
761 1479 860 1505 cum
882 1465 933 1505 ad
957 1464 1072 1520 ipsos
1090 1473 1355 1519 penetrarat:
1380 1465 1501 1520 cujus

67 1518 123 1559 de
143 1530 295 1572 morte,
318 1529 537 1576 tamquam
559 1521 611 1562 de
641 1521 908 1562 caeremoniis
931 1521 1114 1571 violatis,
1137 1521 1356 1576 quaeritur.
1419 1523 1503 1564 Sed

67 1585 213 1617 tamen
243 1577 426 1632 majores
460 1578 592 1619 nostri
623 1578 668 1619 in
698 1579 922 1619 dominum
953 1579 1006 1619 de
1041 1592 1162 1618 servo
1190 1579 1323 1632 quaeri
1355 1580 1504 1621 nolue-

67 1642 183 1685 runt,
206 1636 247 1664 80
259 1649 344 1675 non
367 1635 471 1690 quin
492 1650 579 1676 non
602 1645 746 1691 posset
769 1650 916 1676 verum
947 1635 1143 1685 inveniri,
1168 1636 1238 1676 sed
1263 1637 1364 1690 quia
1385 1638 1502 1679 vide-

68 1690 196 1731 batur
226 1690 453 1747 indignum
483 1706 588 1744 esse,
619 1702 662 1733 et
702 1693 886 1734 dominis
917 1703 1055 1734 morte
1085 1693 1179 1748 ipsa
1212 1692 1388 1735 tristius.
1449 1695 1501 1736 In

66 1761 188 1788 reum
217 1748 270 1789 de
300 1750 435 1790 servis
466 1750 725 1791 accusatoris
760 1764 859 1790 cum
889 1750 1110 1805 quaeritur7
1139 1763 1286 1790 verum
1319 1751 1501 1793 inveniri

68 1807 240 1859 potest?
270 1803 366 1861 Age
395 1820 510 1858 vero,
531 1822 629 1862 quae
659 1814 764 1858 erat,
786 1816 860 1848 aut
889 1808 1025 1862 qualis
1056 1806 1268 1862 quaestio?
1300 1806 1423 1850 Heus
1454 1819 1496 1851 tu
1511 1821 1562 1855 60

70 1863 109 1892 31
127 1860 304 1913 Ruscio,
327 1863 445 1904 verbi
467 1878 608 1916 causa,
630 1879 734 1906 cave
753 1864 808 1905 sis
829 1865 1062 1906 mentiaris.
1124 1863 1302 1905 Clodius
1323 1865 1540 1910 insidiasv·
1565 1872 1630 1903 ¹13-

71 1916 177 1959 fecit
206 1917 392 1962 Miloni?
425 1920 559 1962 Fecit.
621 1921 751 1962 Certa
780 1935 902 1963 crux.
964 1921 1113 1962 Nullas
1144 1920 1262 1962 fecit.
1323 1923 1542 1979 Sperataa·

69 1973 260 2017 libertas.
319 1976 438 2023 Quid
475 1977 555 2019 hac
593 1979 831 2033 quaestione
861 1979 1045 2021 certius?
1077 1978 1232 2021 Subito
1263 1981 1419 2036 arrepti
1458 1982 1504 2023 in

71 2032 372 2088 quaestionem,
393 2043 536 2075 tamen
567 2045 815 2091 separantur
845 2051 870 2076 a
899 2036 1066 2085 ceteris,
1088 2045 1132 2076 et
1162 2036 1203 2076 in
1227 2050 1344 2077 arcas
1365 2038 1506 2093 conji-

72 2089 260 2141 ciuntur,
282 2105 336 2131 ne
362 2091 458 2146 quis
489 2106 588 2133 cum
617 2092 669 2133 iis
700 2092 885 2147 colloqui
908 2093 1057 2148 possit.
1118 2092 1181 2133 Hi
1212 2104 1384 2135 centum
1414 2096 1505 2137 dies

71 2159 204 2201 penes
225 2158 518 2189 accusatorem
538 2163 635 2189 cum
658 2148 852 2200 fuissent,
874 2150 928 2190 ab
950 2164 1000 2191 eo
1023 2150 1117 2205 ipso
1138 2159 1385 2193 accusatore
1406 2168 1505 2209 pro-

71 2203 190 2244 ducti
214 2213 327 2246 sunt.
371 2205 489 2252 Quid
511 2205 591 2247 hac
609 2206 849 2262 quaestione
870 2207 956 2248 dici
981 2216 1123 2263 potest
1144 2206 1379 2264 integrius?
1401 2211 1505 2265 quid

74 2258 363 2317 incorruptius
377 2264 390 2304 ?
549 2266 551 2268 ’
770 2292 773 2294 -

133 2317 300 2364 Quodsi
321 2319 512 2360 nondum
535 2319 636 2360 satis
654 2320 842 2371 cernitis,
863 2335 962 2361 cum
983 2336 1047 2361 res
1071 2321 1162 2376 ipsa
1184 2331 1249 2363 tot
1272 2331 1358 2364 tam
1380 2324 1504 2366 claris
1516 2326 1585 2374 23

75 2376 337 2429 argumentis
369 2376 587 2432 signisque
616 2377 770 2427 luceat,
793 2392 898 2433 pura
915 2388 1057 2419 mente
1078 2389 1206 2434 atque
1228 2381 1395 2436 integra
1414 2381 1562 2430 Mi-61

74 2429 232 2482 Ionem,
247 2432 363 2473 nullo
385 2432 541 2474 scelere
561 2434 790 2485 imbutum,
812 2435 926 2476 nullo
947 2446 1062 2477 metu
1088 2438 1374 2491 perterritum,
1392 2439 1506 2480 nulla

74 2489 339 2530 conscientia
366 2490 675 2543 exanimatum,
707 2491 892 2533 Romam
923 2493 1169 2535 revertisse:
1206 2496 1505 2547 recordamini,

122 2645 164 2674 79
185 2643 269 2682 quod
289 2645 397 2674 minus
423 2646 551 2676 moleste
560 2645 674 2685 serat]
708 2647 770 2678 Per
812 2657 879 2678 non
901 2654 1092 2689 paruerunt.
1137 2648 1176 2679 Id
1199 2654 1248 2680 est
1273 2658 1351 2681 sane
1375 2651 1505 2683 melius.

79 2682 291 2732 pflqcav‚·pr0‚
304 2696 369 2724 quo
382 2696 415 2716 se
431 2688 548 2727 erigat,
564 2689 768 2719 consoletur:
812 2690 852 2720 111
867 2690 932 2721 fine
946 2701 1010 2721 esse
1024 2701 1100 2722 casu
1114 2692 1234 2721 excidit
1250 2692 1283 2721 in
1297 2693 1506 2726 Gruteriana.

82 2735 144 2773 nisi
158 2727 360 2758 scribendum
375 2738 447 2768 quo,
462 2730 483 2760 i.
498 2740 526 2759 e.
543 2736 676 2769 propter
686 2731 771 2769 quod
855 2735 891 2762 81
917 2733 1049 2768 Ruseko,
1064 2744 1093 2764 v.
1110 2744 1137 2762 e.
1159 2743 1236 2763 cave
1257 2735 1300 2763 sis
1321 2737 1506 2776 mentiaris]

83 2776 190 2797 minus
205 2768 340 2799 moleste
354 2770 438 2801 ferat
454 2772 540 2801 mala
553 2782 623 2802 sua.
816 2773 941 2805 Ultima
957 2775 1138 2805 addidimus
1154 2785 1228 2805 cum
1252 2776 1381 2807 Graevio
1395 2788 1413 2808 e
1428 2778 1508 2809 Mss-

126 2811 166 2840 80
187 2819 250 2840 non
263 2812 339 2849 quia
362 2812 437 2851 non]
464 2813 610 2844 Graevius
636 2824 674 2843 ex
702 2814 771 2844 Erf.
815 2826 886 2855 quae
904 2827 962 2847 nec
977 2817 1118 2848 Grutero
1133 2817 1359 2857 displicebant.

84 2860 147 2882 non
161 2853 238 2891 quin
252 2861 315 2883 non
337 2854 434 2894 recipi
458 2854 574 2892 voluit,
590 2855 644 2886 sed
666 2865 773 2895 operae
