1785 3185
528 104 876 144 PHILIPPICA
901 105 1138 146 TERTIA.
1457 109 1553 152 1311

124 204 250 248 431110
268 207 361 263 ipso
383 207 452 250 die
471 210 513 239 44
530 208 784 264 vespertina,
809 209 1122 264 provinciarum
1146 211 1344 267 religiosa
1361 212 1556 255 sortitio:

122 261 270 305 divina
293 279 391 306 vero
412 265 727 321 opportunitas,
750 275 810 316 ut,
832 280 929 321 quae
951 267 1108 322 cuique
1129 277 1231 322 apta
1250 279 1375 319 essct,
1396 284 1446 311 ea
1466 271 1555 311 cui-

122 332 206 372 que
227 322 465 362 obveniret.
527 321 738 364 Praeclare
774 323 907 378 igitur
939 322 1096 373 facitis,
1119 324 1279 365 tribuni
1314 325 1620 382 plebis.‚qu⁴'2;

119 375 174 416 de
192 378 392 433 praesidio
413 378 636 420 consulum
663 388 918 434 senatusque
951 379 1167 421 referatis:
1214 382 1452 436 meritoque
1487 398 1556 424 ve-

122 442 211 475 stro
236 436 447 476 maximas
472 437 592 478 vobis
624 437 782 492 gratias
804 451 953 478 omnes
975 447 1017 477 et
1039 451 1166 494 agere
1185 446 1230 477 et
1251 436 1407 478 habere
1430 440 1560 481 debe-

118 503 230 531 mus.
261 492 334 547 qui
357 492 470 533 enim
492 496 533 524 45
546 507 689 535 carere
710 503 825 534 metu
849 503 892 535 et
914 495 1104 550 periculo
1125 509 1349 550 possumus
1374 495 1415 535 in
1440 506 1560 538 tanta

118 545 345 590 hominum
367 550 606 606 cupiditate
626 561 670 592 et
690 552 896 593 audacia?
961 550 1035 592 llle
1056 561 1199 592 autem
1220 551 1350 592 homo
1372 552 1559 599 afflictus

118 614 163 645 et
186 606 393 661 perditus,
410 622 508 662 quae
524 608 576 649 de
595 623 638 648 se
653 617 878 664 exspectat
893 608 1061 663 judicia
1079 608 1290 665 graviora,
1304 623 1432 663 quam
1452 611 1558 651 ami-

117 675 265 704 corum
300 667 502 706 suorum?
537 664 889 707 familiarissimus
924 666 1031 719 ejus,
1066 666 1170 706 mihi
1210 665 1341 706 homo
1374 667 1557 721 conjun-

117 727 229 771 ctuS,
254 721 302 762 L.
327 721 547 772 Lentulus,
569 733 613 762 et
637 721 686 762 P.
712 722 844 773 Naso,
866 723 984 763 omni
1016 737 1164 763 carens
1187 723 1440 778 cupiditate,
1463 726 1557 765 nul-

114 773 202 817 lam
244 793 288 819 se
331 779 487 819 habere
537 779 818 835 provinciam,
861 779 1019 820 nullam
1062 779 1242 820 Antonii
1285 781 1555 823 sortitionem

116 831 582 890 fuissejudicaverunt.
613 836 728 891 quod
747 836 859 876 idem
883 836 987 877 fecit
1004 837 1045 867 46
1061 837 1108 878 L.
1133 836 1375 893 Philippus,
1396 838 1458 878 vir
1481 854 1555 895 pa-

115 898 193 941 tre,
218 906 314 944 avo,
339 891 575 948 majoribus
603 893 703 944 suis,
725 893 1020 949 dignissimus.
1081 893 1132 935 In
1163 894 1311 935 eadem
1344 896 1556 937 sententia

115 945 201 988 fuit
222 948 352 991 homo
383 964 550 991 summa
581 950 830 1005 integritate
862 961 991 1006 atque
1021 951 1283 1000 innocentia,
1308 951 1375 992 M.
1399 951 1553 993 Turra-

112 1003 228 1045 nius.
249 1007 362 1048 idem
393 1006 497 1048 feeit
517 1010 557 1042 47
574 1007 624 1048 P.
647 1007 833 1063 OppiuS,
856 1008 936 1064 ipsi
959 1009 1105 1059 etiam,
1127 1009 1200 1064 qui
1223 1009 1459 1050 amicitiam
1485 1009 1552 1051 M.

91 1059 295 1104 ·=Antonii
327 1064 466 1115 veriti,
498 1063 592 1121 plus
628 1065 668 1105 ei
712 1065 967 1116 tribuerunt,
997 1080 1126 1120 quam
1166 1065 1346 1107 fortasse
1380 1066 1551 1117 vellent,

110 1115 182 1159 ”Μ.
208 1119 325 1171 Piso,
349 1136 466 1162 meus
496 1123 774 1173 necessarius,
792 1131 836 1163 et
859 1123 922 1163 vir
947 1133 990 1164 et
1010 1123 1118 1164 civis
1137 1124 1351 1179 egregius,
1373 1125 1552 1180 parique

110 1174 361 1220 innocentia
383 1178 451 1220 M.
474 1179 684 1229 Vehilius,
708 1189 877 1220 senatus
894 1180 1142 1221 auctoritati
1166 1194 1208 1220 se
1227 1182 1550 1236 obtemperatu-

108 1246 181 1273 ros
212 1249 304 1276 esse
326 1236 544 1278 dixerunt.
602 1239 643 1268 48
659 1237 776 1284 Quid
801 1251 884 1293 ego
905 1237 959 1278 de
986 1237 1034 1278 L.
1058 1236 1202 1278 Cinna
1223 1236 1403 1293 loquar?
1424 1239 1548 1295 cujus
1561 1249 1611 1284 28

111 1301 304 1346 spectata
325 1294 470 1335 multis
505 1294 757 1350 magnisque
789 1296 915 1336 rebus
949 1294 1175 1350 singularis
1206 1294 1447 1351 integritas,
1468 1297 1550 1338 mi-

107 1360 190 1388 nus
220 1350 514 1392 admirabilem
537 1354 579 1385 49
596 1350 700 1393 facit
734 1351 861 1407 hujus
896 1352 1187 1393 honestissimi
1212 1352 1316 1393 facti
1339 1352 1548 1408 gloriam:

109 1405 184 1459 qui
206 1407 384 1448 omnino
407 1408 672 1465 provinciam
694 1409 913 1464 neglexit:
945 1424 1074 1465 quam
1098 1409 1201 1450 item
1224 1424 1383 1466 magno
1405 1411 1550 1453 animo

108 1471 154 1502 et
175 1465 391 1506 constanti
417 1465 468 1507 C.
487 1465 699 1507 Caesetius
721 1467 978 1522 repudiavit.
1041 1467 1130 1513 Qui
1161 1477 1261 1507 sunt
1291 1468 1424 1522 igitur
1454 1468 1569 1509 reli--

105 1520 198 1573 qui,
216 1535 323 1576 quos
349 1537 437 1563 sors
459 1523 606 1564 divina
623 1523 834 1566 delectet?
865 1526 904 1554 50
923 1524 974 1565 C.
995 1523 1225 1575 Antonius,
1248 1532 1291 1565 et
1312 1527 1348 1555 51
1366 1523 1435 1566 M.
1457 1525 1549 1566 An-

107 1577 268 1620 tonius.
329 1578 570 1621 O=felicem
600 1582 853 1636 utrumque!
894 1581 1002 1622 nihil
1031 1582 1145 1622 enim
1177 1581 1433 1623 maluerunt.
1495 1582 1548 1624 C.

101 1632 324 1678 *Antonius
357 1636 680 1679 Macedoniam.
713 1638 828 1679 hune
859 1653 1031 1694 quoque
1062 1637 1257 1680 felicem!
1290 1639 1401 1680 hane
1432 1640 1550 1681 enim

106 1704 274 1747 semper
304 1694 493 1736 habebat
524 1695 568 1735 in
598 1710 671 1736 ore
703 1696 984 1751 provinciam.
1017 1694 1070 1737 C.
1091 1695 1305 1737 Calvisius
1336 1695 1547 1739 Africam.

103 1748 214 1791 nihil
235 1749 417 1793 felicius.
446 1752 579 1792 modo
597 1753 711 1793 enim
742 1767 797 1794 ex
820 1752 971 1795 Africa
991 1753 1243 1803 decesserat,
1265 1763 1309 1794 et
1339 1755 1459 1808 quasi
1482 1754 1548 1795 di-

104 1805 257 1849 vinans
278 1824 323 1850 se
346 1808 598 1861 rediturum,
619 1810 727 1851 duos
744 1810 910 1866 legatos
942 1810 1085 1852 Uticae
1116 1810 1358 1865 reliquerat.
1390 1811 1545 1853 deinde

141 1922 186 1951 43
206 1921 264 1953 illo
283 1924 351 1963 ipso
372 1922 437 1963 die]
463 1923 578 1954 Delevi
599 1925 635 1954 in
650 1929 728 1955 ante
744 1926 801 1955 illo
844 1923 917 1955 aliis
931 1923 1069 1964 Papius,
1084 1923 1229 1965 praetuli.
1277 1924 1372 1965 Oppii
1387 1924 1444 1955 illo
1458 1929 1545 1955 tem-

102 1971 178 1999 eum
196 1964 324 1996 Faerno
338 1969 373 1996 et
389 1967 592 2005 sequacibus.
636 1967 739 1997 Abest
752 1973 801 1997 et-

100 2005 170 2078 igm
196 2007 261 2038 Ms.
284 2008 394 2039 Guelf.
420 2017 480 2039 nec
508 2017 647 2048 usquam
677 2009 800 2040 addidit

132 2058 229 2081 icero.

130 2093 174 2121 44
187 2091 386 2133 vespertina]
404 2092 534 2133 Nempe
547 2099 666 2124 contra
678 2092 798 2133 legem,

100 2142 176 2172 quae
189 2141 265 2174 post
278 2135 355 2166 solis
369 2145 521 2166 occasum
535 2135 659 2175 aliquid
673 2137 726 2176 agi
738 2146 799 2176 pu·

98 2174 183 2206 blice
198 2182 300 2208 vetat.

138 2219 181 2248 45
203 2228 233 2250 e.
249 2224 338 2251 metu
360 2224 391 2250 et
407 2220 555 2260 periculo
570 2219 624 2260 p.]
649 2219 744 2250 Metu
767 2224 798 2250 ec

96 2259 234 2294 sustulit
262 2272 338 2292 cum
367 2262 482 2293 iisdem
508 2263 654 2293 Graevius
681 2266 799 2293 contra

95 2300 209 2344 libros.
243 2304 322 2336 Non
337 2314 466 2335 sensere
480 2305 540 2334 viri
554 2304 703 2345 praeclari
718 2314 797 2334 con-

96 2344 295 2377 cinnitatem
319 2347 460 2387 vulgati,
484 2351 573 2378 metu
596 2353 628 2378 et
646 2347 796 2387 periculo

95 2388 189 2426 paria
201 2393 281 2420 sunt
300 2399 387 2429 seqq.
403 2389 582 2430 eupiditate
596 2394 627 2421 et
641 2389 795 2420 audacia.

96 2426 181 2463 Edd-
195 2441 244 2471 pr.
254 2441 432 2471 possemus,
447 2433 528 2462 item
543 2431 608 2462 Ms.
625 2432 669 2462 H.

137 2472 180 2503 46
195 2473 440 2514 L..P}zilippus]
455 2474 534 2504 Non
547 2474 682 2504 vitricus
696 2473 796 2504 Oeta-

97 2514 159 2545 vii:
185 2525 263 2546 nam
284 2517 312 2546 is
334 2516 448 2547 multis
470 2517 565 2547 annis
587 2521 666 2546 ante
681 2516 797 2546 consul

37 2556 45 2559 ⁷
94 2556 206 2588 fuerat
230 2568 307 2589 cum
333 2558 477 2589 Lentulo
504 2558 712 2596 Marcellino,
736 2568 796 2589 nec

96 2602 173 2629 tum
197 2600 308 2631 sortiri
333 2602 537 2642 provinciam
561 2605 714 2641 poterat:
739 2600 795 2631 sed

94 2640 183 2672 filius
204 2644 286 2683 ejuS.
302 2653 333 2674 v.
351 2643 442 2674 Clav.
457 2643 539 2674 Mss.
555 2643 594 2674 L.
611 2643 656 2674 H.
671 2643 795 2674 habent

96 2693 174 2715 mox
188 2684 438 2726 majoribusque.

138 2729 177 2760 47
218 2725 264 2758 P.
294 2727 431 2767 Oppius]
468 2726 564 2758 Hanc
600 2727 792 2764 lectionem,

94 2777 192 2808 quam
219 2769 364 2810 plerique
387 2770 466 2800 Mss.
488 2771 589 2800 etiam
613 2769 704 2800 Leid.
729 2769 793 2799 Gu.

93 2808 230 2849 habent,
242 2822 281 2842 ex
294 2813 401 2851 quain
415 2811 486 2843 aliis
503 2813 594 2843 libris
609 2812 734 2842 factum
745 2811 792 2842 P.

93 2851 231 2894 Appius,
247 2853 333 2894 quod
350 2854 422 2886 edd.
439 2863 488 2897 pr.
503 2859 626 2887 secutae
647 2858 740 2893 sunt,
757 2853 792 2883 in

843 1976 921 2006 pore
946 1966 1050 2004 fuere,
1074 1968 1130 2006 qui
1153 1967 1366 2005 magistratus
1392 1973 1546 2007 peterent

843 2019 881 2040 ac
897 2015 1062 2048 gererent,
1078 2019 1146 2040 non
1166 2009 1252 2049 Opii.

884 2053 925 2082 48
948 2051 1043 2092 ‚Quid
1060 2051 1132 2092 ego]
1162 2051 1241 2090 Ego
1266 2060 1333 2081 non
1354 2049 1453 2082 habet
1476 2051 1541 2083 Ms.

843 2092 954 2133 Huyd.
970 2095 1064 2130 bene,
1080 2095 1210 2134 opinor.

882 2134 1034 2175 49fucc't]
1053 2136 1105 2166 Sic
1119 2135 1193 2166 libri
1207 2137 1287 2165 vett.
1303 2134 1424 2175 plures,
1440 2136 1541 2167 etiam

841 2177 902 2208 Gu.
919 2178 957 2208 L.
977 2177 1020 2208 H.
1038 2178 1124 2209 unde
1148 2177 1304 2215 Faernus,
1320 2177 1485 2207 Feri-'arius
1507 2184 1542 2208 et

840 2220 900 2250 Gr.
917 2220 1044 2250 edidere
1061 2230 1120 2261 pro
1130 2218 1230 2259 feeit.
1249 2223 1283 2250 et
1304 2218 1351 2250 sic
1367 2221 1441 2260 jam
1464 2220 1538 2251 edd.

841 2261 881 2292 R.
897 2267 932 2293 et
947 2262 1021 2293 aliae
1037 2263 1162 2303 primae.

883 2307 922 2336 50
935 2304 979 2335 L.
993 2303 1168 2344 Antonius]
1187 2303 1310 2335 Omnes
1327 2303 1543 2333 consentiunt

840 2346 882 2378 L.
897 2356 965 2377 esse
979 2347 1146 2384 vitiosum,
1169 2351 1353 2387 putantque
1368 2346 1427 2376 viri
1450 2343 1540 2376 docti

839 2389 882 2420 L.
895 2389 1025 2420 Annius
1040 2396 1099 2421 aut
1118 2388 1152 2419 C.
1165 2388 1243 2419 Am.
1260 2387 1435 2428 legendum
1457 2397 1539 2418 esse.

839 2431 904 2462 Ms.
932 2431 1041 2463 Guelf.
1064 2431 1165 2462 habet
1189 2434 1214 2462 t.
1238 2440 1312 2470 quae
1333 2430 1432 2461 litera
1452 2439 1540 2470 saepe

839 2483 915 2504 cum
939 2484 966 2504 e.
983 2474 1017 2504 in
1039 2475 1202 2514 scriptura
1225 2473 1346 2503 minori
1369 2477 1538 2512 permuta-

839 2520 907 2547 tur.
939 2515 1002 2546 Sed
1016 2521 1050 2546 et
1067 2516 1110 2546 H.
1125 2516 1166 2547 T.
1196 2515 1312 2554 Itaque
1328 2515 1444 2554 recepi.
1476 2514 1539 2544 Est

839 2557 940 2589 frater
955 2558 1094 2590 Antonii
1116 2558 1304 2596 triumviri3
1328 2567 1348 2586 a
1362 2566 1426 2595 quo
1451 2555 1538 2586 alter

839 2599 1049 2631 C.Antonius
1063 2601 1221 2638 diversus,
1234 2600 1290 2639 qui
1305 2598 1540 2629 Macedoniam

837 2644 974 2673 sortitus
989 2648 1050 2673 est.

881 2687 915 2716 51
941 2685 992 2716 M.
1008 2683 1184 2722 Antonius]
1214 2683 1293 2713 Non
1317 2681 1454 2718 Consul,
1479 2682 1536 2720 qul

835 2732 910 2767 post
923 2728 1086 2757 triumvir.
1100 2735 1177 2756 nam
1193 2726 1219 2755 is
1232 2723 1374 2754 Galliam
1387 2722 1535 2764 petebat,

836 2779 903 2799 non
925 2770 1147 2799 sortiebatur:
1171 2773 1206 2799 et
1228 2776 1302 2798 eam
1324 2765 1381 2799 ille
1401 2765 1534 2807 provin·

835 2811 921 2843 ciam
935 2811 1142 2854 deposuerat.

748 2901 880 2947 499.
