<?xml version="1.0" encoding="UTF-8"?>
<!DOCTYPE html PUBLIC "-//W3C//DTD XHTML 1.0 Transitional//EN"
    "http://www.w3.org/TR/xhtml1/DTD/xhtml1-transitional.dtd">
<html xmlns="http://www.w3.org/1999/xhtml" xml:lang="en" lang="en">
 <head>
  <title>
</title>
<meta http-equiv="Content-Type" content="text/html;charset=utf-8" />
  <meta name='ocr-system' content='tesseract 3.04.00' />
  <meta name='ocr-capabilities' content='ocr_page ocr_carea ocr_par ocr_line ocrx_word'/>
</head>
<body>
  <div class='ocr_page' id='page_1' title='image "./p2operaomnia02ciceuoft_0328.png"; bbox 0 0 1769 3174; ppageno 0'>
   <div class='ocr_carea' id='block_1_1' title="bbox 195 104 1034 141">
    <p class='ocr_par' dir='ltr' id='par_1_1' title="bbox 195 104 1034 141">
     <span class='ocr_line' id='line_1_1' title="bbox 195 104 1034 141; baseline 0.006 -5"><span class='ocrx_word' id='word_1_1' title='bbox 195 104 293 136; x_wconf 82' lang='lat'>1044</span> <span class='ocrx_word' id='word_1_2' title='bbox 785 104 1034 141; x_wconf 78' lang='lat' dir='ltr'>ORATIO</span> 
     </span>
    </p>
   </div>
   <div class='ocr_carea' id='block_1_2' title="bbox 145 203 1645 1970">
    <p class='ocr_par' dir='ltr' id='par_1_2' title="bbox 145 203 1645 1970">
     <span class='ocr_line' id='line_1_2' title="bbox 205 203 1635 259; baseline 0.003 -17"><span class='ocrx_word' id='word_1_3' title='bbox 205 203 398 254; x_wconf 82' lang='lat' dir='ltr'>comiter,</span> <span class='ocrx_word' id='word_1_4' title='bbox 419 218 518 245; x_wconf 88' lang='lat' dir='ltr'>cum</span> <span class='ocrx_word' id='word_1_5' title='bbox 539 205 790 248; x_wconf 79' lang='lat' dir='ltr'>facinorosis</span> <span class='ocrx_word' id='word_1_6' title='bbox 813 211 852 239; x_wconf 83' lang='lat'>22</span> <span class='ocrx_word' id='word_1_7' title='bbox 865 208 1081 259; x_wconf 79' lang='lat' dir='ltr'>audacter,</span> <span class='ocrx_word' id='word_1_8' title='bbox 1103 223 1202 249; x_wconf 81' lang='lat' dir='ltr'>cum</span> <span class='ocrx_word' id='word_1_9' title='bbox 1234 207 1474 248; x_wconf 81' lang='lat' dir='ltr'>libidinosis</span> <span class='ocrx_word' id='word_1_10' title='bbox 1506 206 1635 248; x_wconf 81' lang='lat' dir='ltr'>luxu-</span> 
     </span>
     <span class='ocr_line' id='line_1_3' title="bbox 147 261 1636 320; baseline 0.005 -22"><span class='ocrx_word' id='word_1_11' title='bbox 147 266 190 298; x_wconf 62' lang='lat'>14</span> <span class='ocrx_word' id='word_1_12' title='bbox 208 261 316 301; x_wconf 87' lang='lat' dir='ltr'>riose</span> <span class='ocrx_word' id='word_1_13' title='bbox 339 261 494 302; x_wconf 82' lang='lat' dir='ltr'>vivere.</span> <span class='ocrx_word' id='word_1_14' title='bbox 554 261 653 305; x_wconf 90' lang='lat' dir='ltr'>Hac</span> <span class='ocrx_word' id='word_1_15' title='bbox 675 264 744 305; x_wconf 88' lang='lat' dir='ltr'>ille</span> <span class='ocrx_word' id='word_1_16' title='bbox 766 275 853 306; x_wconf 89' lang='lat' dir='ltr'>tam</span> <span class='ocrx_word' id='word_1_17' title='bbox 878 266 992 306; x_wconf 82' lang='lat' dir='ltr'>varia</span> <span class='ocrx_word' id='word_1_18' title='bbox 1013 265 1327 320; x_wconf 83' lang='lat' dir='ltr'>multiplicique</span> <span class='ocrx_word' id='word_1_19' title='bbox 1349 274 1513 314; x_wconf 84' lang='lat' dir='ltr'>natura,</span> <span class='ocrx_word' id='word_1_20' title='bbox 1535 278 1636 305; x_wconf 89' lang='lat' dir='ltr'>cum</span> 
     </span>
     <span class='ocr_line' id='line_1_4' title="bbox 203 319 1637 378; baseline 0.003 -22"><span class='ocrx_word' id='word_1_21' title='bbox 203 331 351 358; x_wconf 88' lang='lat' dir='ltr'>omnes</span> <span class='ocrx_word' id='word_1_22' title='bbox 386 319 586 361; x_wconf 87' lang='lat' dir='ltr'>omnibus</span> <span class='ocrx_word' id='word_1_23' title='bbox 623 335 677 362; x_wconf 78' lang='lat' dir='ltr'>ex</span> <span class='ocrx_word' id='word_1_24' title='bbox 715 323 834 363; x_wconf 85' lang='lat' dir='ltr'>terris</span> <span class='ocrx_word' id='word_1_25' title='bbox 874 322 1067 363; x_wconf 86' lang='lat' dir='ltr'>homines</span> <span class='ocrx_word' id='word_1_26' title='bbox 1110 324 1328 378; x_wconf 86' lang='lat' dir='ltr'>improbos</span> <span class='ocrx_word' id='word_1_27' title='bbox 1369 321 1637 374; x_wconf 82' lang='lat' dir='ltr'>audacesque</span> 
     </span>
     <span class='ocr_line' id='line_1_5' title="bbox 203 373 1638 434; baseline 0.003 -21"><span class='ocrx_word' id='word_1_28' title='bbox 203 373 457 429; x_wconf 79' lang='lat' dir='ltr'>collegerat:</span> <span class='ocrx_word' id='word_1_29' title='bbox 490 386 581 418; x_wconf 89' lang='lat' dir='ltr'>tum</span> <span class='ocrx_word' id='word_1_30' title='bbox 612 379 742 419; x_wconf 85' lang='lat' dir='ltr'>etiam</span> <span class='ocrx_word' id='word_1_31' title='bbox 772 379 929 420; x_wconf 83' lang='lat' dir='ltr'>multos</span> <span class='ocrx_word' id='word_1_32' title='bbox 953 379 1083 420; x_wconf 87' lang='lat' dir='ltr'>fortes</span> <span class='ocrx_word' id='word_1_33' title='bbox 1121 381 1230 420; x_wconf 72' lang='lat' dir='ltr'>viros</span> <span class='ocrx_word' id='word_1_34' title='bbox 1255 389 1297 420; x_wconf 88' lang='lat' dir='ltr'>et</span> <span class='ocrx_word' id='word_1_35' title='bbox 1333 379 1466 419; x_wconf 82' lang='lat' dir='ltr'>bonos</span> <span class='ocrx_word' id='word_1_36' title='bbox 1494 377 1638 434; x_wconf 82' lang='lat' dir='ltr'>specie</span> 
     </span>
     <span class='ocr_line' id='line_1_6' title="bbox 202 431 1636 491; baseline 0.003 -21"><span class='ocrx_word' id='word_1_37' title='bbox 202 431 385 485; x_wconf 84' lang='lat' dir='ltr'>quadam</span> <span class='ocrx_word' id='word_1_38' title='bbox 411 432 578 475; x_wconf 80' lang='lat' dir='ltr'>vlrtutis</span> <span class='ocrx_word' id='word_1_39' title='bbox 599 435 857 476; x_wconf 63' lang='lat' dir='ltr'>assimulatae</span> <span class='ocrx_word' id='word_1_40' title='bbox 882 437 1068 476; x_wconf 84' lang='lat' dir='ltr'>tenebat.</span> <span class='ocrx_word' id='word_1_41' title='bbox 1093 451 1228 491; x_wconf 80' lang='lat' dir='ltr'>neque</span> <span class='ocrx_word' id='word_1_42' title='bbox 1252 450 1450 490; x_wconf 85' lang='lat' dir='ltr'>umquam</span> <span class='ocrx_word' id='word_1_43' title='bbox 1485 449 1539 475; x_wconf 84' lang='lat' dir='ltr'>ex</span> <span class='ocrx_word' id='word_1_44' title='bbox 1564 433 1636 475; x_wconf 81' lang='lat' dir='ltr'>illo</span> 
     </span>
     <span class='ocr_line' id='line_1_7' title="bbox 203 488 1637 548; baseline 0.002 -20"><span class='ocrx_word' id='word_1_45' title='bbox 203 488 371 530; x_wconf 85' lang='lat' dir='ltr'>delendi</span> <span class='ocrx_word' id='word_1_46' title='bbox 394 489 522 545; x_wconf 83' lang='lat' dir='ltr'>hujus</span> <span class='ocrx_word' id='word_1_47' title='bbox 545 492 712 547; x_wconf 88' lang='lat' dir='ltr'>imperii</span> <span class='ocrx_word' id='word_1_48' title='bbox 738 503 821 532; x_wconf 82' lang='lat' dir='ltr'>tam</span> <span class='ocrx_word' id='word_1_49' title='bbox 845 493 1157 533; x_wconf 82' lang='lat' dir='ltr'>consceleratus</span> <span class='ocrx_word' id='word_1_50' title='bbox 1178 494 1361 548; x_wconf 87' lang='lat' dir='ltr'>impetus</span> <span class='ocrx_word' id='word_1_51' title='bbox 1385 492 1637 542; x_wconf 77' lang='lat' dir='ltr'>exstitisset,</span> 
     </span>
     <span class='ocr_line' id='line_1_8' title="bbox 204 545 1639 604; baseline 0.002 -19"><span class='ocrx_word' id='word_1_52' title='bbox 204 545 286 585; x_wconf 88' lang='lat' dir='ltr'>nisi</span> <span class='ocrx_word' id='word_1_53' title='bbox 318 556 383 586; x_wconf 90' lang='lat' dir='ltr'>tot</span> <span class='ocrx_word' id='word_1_54' title='bbox 415 548 616 588; x_wconf 76' lang='lat' dir='ltr'>vitiorum</span> <span class='ocrx_word' id='word_1_55' title='bbox 650 559 769 589; x_wconf 79' lang='lat' dir='ltr'>tanta</span> <span class='ocrx_word' id='word_1_56' title='bbox 795 550 1039 590; x_wconf 81' lang='lat' dir='ltr'>innnanitas</span> <span class='ocrx_word' id='word_1_57' title='bbox 1061 550 1318 604; x_wconf 86' lang='lat' dir='ltr'>quibusdam</span> <span class='ocrx_word' id='word_1_58' title='bbox 1349 548 1567 589; x_wconf 82' lang='lat' dir='ltr'>facilitatis</span> <span class='ocrx_word' id='word_1_59' title='bbox 1593 557 1639 588; x_wconf 86' lang='lat' dir='ltr'>et.</span> 
     </span>
     <span class='ocr_line' id='line_1_9' title="bbox 205 603 1639 659; baseline 0.003 -17"><span class='ocrx_word' id='word_1_60' title='bbox 205 603 426 657; x_wconf 62' lang='lat' dir='ltr'>patienti-az</span> <span class='ocrx_word' id='word_1_61' title='bbox 457 604 670 645; x_wconf 81' lang='lat' dir='ltr'>radicibus</span> <span class='ocrx_word' id='word_1_62' title='bbox 703 606 923 646; x_wconf 72' lang='lat' dir='ltr'>niteretur.</span> <span class='ocrx_word' id='word_1_63' title='bbox 985 607 1128 652; x_wconf 79' lang='lat' dir='ltr'>Quare</span> <span class='ocrx_word' id='word_1_64' title='bbox 1160 610 1199 636; x_wconf 72' lang='lat'>23</span> <span class='ocrx_word' id='word_1_65' title='bbox 1215 607 1295 646; x_wconf 86' lang='lat' dir='ltr'>ista</span> <span class='ocrx_word' id='word_1_66' title='bbox 1332 605 1540 655; x_wconf 85' lang='lat' dir='ltr'>conditio,</span> <span class='ocrx_word' id='word_1_67' title='bbox 1563 604 1639 659; x_wconf 88' lang='lat' dir='ltr'>ju-</span> 
     </span>
     <span class='ocr_line' id='line_1_10' title="bbox 203 659 1639 716; baseline 0.003 -17"><span class='ocrx_word' id='word_1_68' title='bbox 203 659 333 710; x_wconf 82' lang='lat' dir='ltr'>dices,</span> <span class='ocrx_word' id='word_1_69' title='bbox 357 673 593 716; x_wconf 73' lang='lat' dir='ltr'>respuatur,</span> <span class='ocrx_word' id='word_1_70' title='bbox 615 676 694 703; x_wconf 81' lang='lat' dir='ltr'>nec</span> <span class='ocrx_word' id='word_1_71' title='bbox 714 662 913 703; x_wconf 77' lang='lat' dir='ltr'>Catilinae</span> <span class='ocrx_word' id='word_1_72' title='bbox 948 662 1247 703; x_wconf 76' lang='lat' dir='ltr'>familiaritatis</span> <span class='ocrx_word' id='word_1_73' title='bbox 1277 662 1438 703; x_wconf 85' lang='lat' dir='ltr'>crimen</span> <span class='ocrx_word' id='word_1_74' title='bbox 1463 662 1639 703; x_wconf 79' lang='lat' dir='ltr'>haereat.</span> 
     </span>
     <span class='ocr_line' id='line_1_11' title="bbox 203 717 1640 774; baseline 0.003 -19"><span class='ocrx_word' id='word_1_75' title='bbox 203 725 268 756; x_wconf 81' lang='lat' dir='ltr'>est</span> <span class='ocrx_word' id='word_1_76' title='bbox 300 717 412 756; x_wconf 87' lang='lat' dir='ltr'>enim</span> <span class='ocrx_word' id='word_1_77' title='bbox 444 733 673 760; x_wconf 83' lang='lat' dir='ltr'>commune</span> <span class='ocrx_word' id='word_1_78' title='bbox 706 735 803 760; x_wconf 89' lang='lat' dir='ltr'>cum</span> <span class='ocrx_word' id='word_1_79' title='bbox 839 719 998 770; x_wconf 83' lang='lat' dir='ltr'>multis,</span> <span class='ocrx_word' id='word_1_80' title='bbox 1021 731 1063 760; x_wconf 83' lang='lat' dir='ltr'>et</span> <span class='ocrx_word' id='word_1_81' title='bbox 1099 734 1196 760; x_wconf 84' lang='lat' dir='ltr'>cum</span> <span class='ocrx_word' id='word_1_82' title='bbox 1231 719 1486 774; x_wconf 84' lang='lat' dir='ltr'>quibusdam</span> <span class='ocrx_word' id='word_1_83' title='bbox 1507 718 1640 759; x_wconf 86' lang='lat' dir='ltr'>etiam</span> 
     </span>
     <span class='ocr_line' id='line_1_12' title="bbox 203 773 1641 840; baseline 0.002 -27"><span class='ocrx_word' id='word_1_84' title='bbox 203 773 343 814; x_wconf 89' lang='lat' dir='ltr'>bonis.</span> <span class='ocrx_word' id='word_1_85' title='bbox 406 773 482 815; x_wconf 84' lang='lat' dir='ltr'>Me</span> <span class='ocrx_word' id='word_1_86' title='bbox 505 775 660 831; x_wconf 84' lang='lat' dir='ltr'>ipsum,</span> <span class='ocrx_word' id='word_1_87' title='bbox 684 791 765 827; x_wconf 86' lang='lat' dir='ltr'>me,</span> <span class='ocrx_word' id='word_1_88' title='bbox 789 777 978 831; x_wconf 84' lang='lat' dir='ltr'>inquam,</span> <span class='ocrx_word' id='word_1_89' title='bbox 1009 777 1225 832; x_wconf 84' lang='lat' dir='ltr'>quondam</span> <span class='ocrx_word' id='word_1_90' title='bbox 1259 790 1381 832; x_wconf 81' lang='lat' dir='ltr'>paenc</span> <span class='ocrx_word' id='word_1_91' title='bbox 1418 776 1486 840; x_wconf 67' lang='lat' dir='ltr'>ille</span> <span class='ocrx_word' id='word_1_92' title='bbox 1517 776 1641 817; x_wconf 85' lang='lat' dir='ltr'>dece-</span> 
     </span>
     <span class='ocr_line' id='line_1_13' title="bbox 204 830 1638 890; baseline 0.002 -20"><span class='ocrx_word' id='word_1_93' title='bbox 204 830 282 885; x_wconf 89' lang='lat' dir='ltr'>pit,</span> <span class='ocrx_word' id='word_1_94' title='bbox 302 845 399 871; x_wconf 89' lang='lat' dir='ltr'>cum</span> <span class='ocrx_word' id='word_1_95' title='bbox 433 843 476 872; x_wconf 88' lang='lat' dir='ltr'>et</span> <span class='ocrx_word' id='word_1_96' title='bbox 508 833 613 873; x_wconf 79' lang='lat' dir='ltr'>civis</span> <span class='ocrx_word' id='word_1_97' title='bbox 648 833 752 873; x_wconf 78' lang='lat' dir='ltr'>mihi</span> <span class='ocrx_word' id='word_1_98' title='bbox 788 835 936 884; x_wconf 88' lang='lat' dir='ltr'>bonus,</span> <span class='ocrx_word' id='word_1_99' title='bbox 959 843 1002 874; x_wconf 87' lang='lat' dir='ltr'>et</span> <span class='ocrx_word' id='word_1_100' title='bbox 1031 835 1183 890; x_wconf 80' lang='lat' dir='ltr'>optimi</span> <span class='ocrx_word' id='word_1_101' title='bbox 1211 834 1419 888; x_wconf 82' lang='lat' dir='ltr'>cujusque</span> <span class='ocrx_word' id='word_1_102' title='bbox 1441 833 1638 889; x_wconf 85' lang='lat' dir='ltr'>cupidus,</span> 
     </span>
     <span class='ocr_line' id='line_1_14' title="bbox 203 886 1641 946; baseline 0.003 -21"><span class='ocrx_word' id='word_1_103' title='bbox 203 898 245 926; x_wconf 86' lang='lat' dir='ltr'>et</span> <span class='ocrx_word' id='word_1_104' title='bbox 269 886 414 928; x_wconf 80' lang='lat' dir='ltr'>firmus</span> <span class='ocrx_word' id='word_1_105' title='bbox 436 890 597 930; x_wconf 87' lang='lat' dir='ltr'>amicus</span> <span class='ocrx_word' id='word_1_106' title='bbox 631 906 680 930; x_wconf 83' lang='lat' dir='ltr'>ac</span> <span class='ocrx_word' id='word_1_107' title='bbox 719 890 853 931; x_wconf 82' lang='lat' dir='ltr'>fidelis</span> <span class='ocrx_word' id='word_1_108' title='bbox 877 891 1113 933; x_wconf 86' lang='lat' dir='ltr'>videretur:</span> <span class='ocrx_word' id='word_1_109' title='bbox 1146 894 1186 922; x_wconf 74' lang='lat'>‘2⁴</span> <span class='ocrx_word' id='word_1_110' title='bbox 1202 892 1324 946; x_wconf 79' lang='lat' dir='ltr'>cujus</span> <span class='ocrx_word' id='word_1_111' title='bbox 1345 905 1427 946; x_wconf 79' lang='lat' dir='ltr'>ego</span> <span class='ocrx_word' id='word_1_112' title='bbox 1447 890 1641 931; x_wconf 83' lang='lat' dir='ltr'>facinora</span> 
     </span>
     <span class='ocr_line' id='line_1_15' title="bbox 203 944 1641 1003; baseline 0.003 -20"><span class='ocrx_word' id='word_1_113' title='bbox 203 944 339 984; x_wconf 88' lang='lat' dir='ltr'>oculis</span> <span class='ocrx_word' id='word_1_114' title='bbox 360 946 491 1000; x_wconf 82' lang='lat' dir='ltr'>prius,</span> <span class='ocrx_word' id='word_1_115' title='bbox 505 961 632 1001; x_wconf 78' lang='lat' dir='ltr'>qnam</span> <span class='ocrx_word' id='word_1_116' title='bbox 653 947 872 1002; x_wconf 86' lang='lat' dir='ltr'>opinione,</span> <span class='ocrx_word' id='word_1_117' title='bbox 888 949 1085 989; x_wconf 82' lang='lat' dir='ltr'>manibus</span> <span class='ocrx_word' id='word_1_118' title='bbox 1105 958 1216 998; x_wconf 87' lang='lat' dir='ltr'>ante,</span> <span class='ocrx_word' id='word_1_119' title='bbox 1235 962 1361 1003; x_wconf 81' lang='lat' dir='ltr'>quam</span> <span class='ocrx_word' id='word_1_120' title='bbox 1381 947 1641 1002; x_wconf 84' lang='lat' dir='ltr'>suspicione,</span> 
     </span>
     <span class='ocr_line' id='line_1_16' title="bbox 204 1000 1641 1060; baseline 0.003 -20"><span class='ocrx_word' id='word_1_121' title='bbox 204 1000 487 1055; x_wconf 76' lang='lat' dir='ltr'>deprehendi:</span> <span class='ocrx_word' id='word_1_122' title='bbox 522 1003 649 1058; x_wconf 81' lang='lat' dir='ltr'>hujus</span> <span class='ocrx_word' id='word_1_123' title='bbox 693 1006 735 1044; x_wconf 88' lang='lat' dir='ltr'>in</span> <span class='ocrx_word' id='word_1_124' title='bbox 777 1005 945 1060; x_wconf 81' lang='lat' dir='ltr'>magnis</span> <span class='ocrx_word' id='word_1_125' title='bbox 985 1006 1165 1046; x_wconf 85' lang='lat' dir='ltr'>catervis</span> <span class='ocrx_word' id='word_1_126' title='bbox 1198 1006 1449 1055; x_wconf 88' lang='lat' dir='ltr'>amicorum,</span> <span class='ocrx_word' id='word_1_127' title='bbox 1485 1005 1519 1045; x_wconf 87' lang='lat' dir='ltr'>si</span> <span class='ocrx_word' id='word_1_128' title='bbox 1555 1003 1641 1045; x_wconf 82' lang='lat' dir='ltr'>suit</span> 
     </span>
     <span class='ocr_line' id='line_1_17' title="bbox 203 1057 1640 1118; baseline 0.003 -21"><span class='ocrx_word' id='word_1_129' title='bbox 203 1058 334 1098; x_wconf 85' lang='lat' dir='ltr'>etiam</span> <span class='ocrx_word' id='word_1_130' title='bbox 369 1057 552 1110; x_wconf 80' lang='lat' dir='ltr'>Coelius,</span> <span class='ocrx_word' id='word_1_131' title='bbox 579 1061 716 1116; x_wconf 82' lang='lat' dir='ltr'>magis</span> <span class='ocrx_word' id='word_1_132' title='bbox 747 1072 827 1112; x_wconf 87' lang='lat' dir='ltr'>est,</span> <span class='ocrx_word' id='word_1_133' title='bbox 853 1072 898 1102; x_wconf 89' lang='lat' dir='ltr'>ut</span> <span class='ocrx_word' id='word_1_134' title='bbox 925 1063 1015 1118; x_wconf 86' lang='lat' dir='ltr'>ipsc</span> <span class='ocrx_word' id='word_1_135' title='bbox 1048 1062 1225 1103; x_wconf 79' lang='lat' dir='ltr'>moleste</span> <span class='ocrx_word' id='word_1_136' title='bbox 1255 1063 1364 1103; x_wconf 77' lang='lat' dir='ltr'>fcrat</span> <span class='ocrx_word' id='word_1_137' title='bbox 1387 1076 1545 1102; x_wconf 84' lang='lat' dir='ltr'>errasse</span> <span class='ocrx_word' id='word_1_138' title='bbox 1581 1075 1640 1112; x_wconf 86' lang='lat' dir='ltr'>se,</span> 
     </span>
     <span class='ocr_line' id='line_1_18' title="bbox 205 1114 1641 1175; baseline 0.003 -21"><span class='ocrx_word' id='word_1_139' title='bbox 205 1114 331 1154; x_wconf 84' lang='lat' dir='ltr'>sicuti</span> <span class='ocrx_word' id='word_1_140' title='bbox 367 1130 689 1172; x_wconf 81' lang='lat' dir='ltr'>nonnumquam</span> <span class='ocrx_word' id='word_1_141' title='bbox 724 1119 768 1159; x_wconf 87' lang='lat' dir='ltr'>in</span> <span class='ocrx_word' id='word_1_142' title='bbox 798 1119 948 1160; x_wconf 85' lang='lat' dir='ltr'>eodem</span> <span class='ocrx_word' id='word_1_143' title='bbox 982 1119 1157 1160; x_wconf 87' lang='lat' dir='ltr'>homine</span> <span class='ocrx_word' id='word_1_144' title='bbox 1185 1134 1253 1160; x_wconf 86' lang='lat' dir='ltr'>me</span> <span class='ocrx_word' id='word_1_145' title='bbox 1288 1133 1458 1175; x_wconf 89' lang='lat' dir='ltr'>quoque</span> <span class='ocrx_word' id='word_1_146' title='bbox 1487 1118 1641 1159; x_wconf 85' lang='lat' dir='ltr'>erroris</span> 
     </span>
     <span class='ocr_line' id='line_1_19' title="bbox 206 1171 1639 1229; baseline 0.003 -19"><span class='ocrx_word' id='word_1_147' title='bbox 206 1171 289 1211; x_wconf 88' lang='lat' dir='ltr'>mci</span> <span class='ocrx_word' id='word_1_148' title='bbox 320 1173 521 1226; x_wconf 72' lang='lat' dir='ltr'>poenitet,</span> <span class='ocrx_word' id='word_1_149' title='bbox 543 1189 667 1229; x_wconf 87' lang='lat' dir='ltr'>quam</span> <span class='ocrx_word' id='word_1_150' title='bbox 706 1185 750 1215; x_wconf 88' lang='lat' dir='ltr'>ut</span> <span class='ocrx_word' id='word_1_151' title='bbox 786 1176 908 1217; x_wconf 84' lang='lat' dir='ltr'>istius</span> <span class='ocrx_word' id='word_1_152' title='bbox 941 1176 1144 1218; x_wconf 81' lang='lat' dir='ltr'>amicitiae</span> <span class='ocrx_word' id='word_1_153' title='bbox 1180 1177 1341 1218; x_wconf 87' lang='lat' dir='ltr'>crimen</span> <span class='ocrx_word' id='word_1_154' title='bbox 1374 1175 1639 1216; x_wconf 85' lang='lat' dir='ltr'>reformidet.</span> 
     </span>
     <span class='ocr_line' id='line_1_20' title="bbox 159 1220 1640 1289; baseline 0.003 -22"><span class='ocrx_word' id='word_1_155' title='bbox 159 1220 189 1273; x_wconf 78' lang='lat'><strong>7</strong></span> <span class='ocrx_word' id='word_1_156' title='bbox 207 1227 412 1285; x_wconf 75' lang='lat' dir='ltr'>25Itaque</span> <span class='ocrx_word' id='word_1_157' title='bbox 445 1246 470 1270; x_wconf 86' lang='lat' dir='ltr'>a</span> <span class='ocrx_word' id='word_1_158' title='bbox 503 1231 739 1272; x_wconf 82' lang='lat' dir='ltr'>maledictis</span> <span class='ocrx_word' id='word_1_159' title='bbox 774 1234 994 1288; x_wconf 79' lang='lat' dir='ltr'>pudicitiae</span> <span class='ocrx_word' id='word_1_160' title='bbox 1017 1234 1069 1274; x_wconf 81' lang='lat' dir='ltr'>ad</span> <span class='ocrx_word' id='word_1_161' title='bbox 1098 1233 1408 1289; x_wconf 83' lang='lat' dir='ltr'>conjurationis</span> <span class='ocrx_word' id='word_1_162' title='bbox 1431 1232 1640 1273; x_wconf 87' lang='lat' dir='ltr'>invidiam</span> 
     </span>
     <span class='ocr_line' id='line_1_21' title="bbox 145 1286 1639 1346; baseline 0.005 -23"><span class='ocrx_word' id='word_1_163' title='bbox 145 1290 191 1323; x_wconf 86' lang='lat'>15</span> <span class='ocrx_word' id='word_1_164' title='bbox 205 1286 342 1326; x_wconf 79' lang='lat' dir='ltr'>oratio</span> <span class='ocrx_word' id='word_1_165' title='bbox 368 1296 433 1327; x_wconf 84' lang='lat' dir='ltr'>est</span> <span class='ocrx_word' id='word_1_166' title='bbox 466 1298 606 1329; x_wconf 85' lang='lat' dir='ltr'>vestra</span> <span class='ocrx_word' id='word_1_167' title='bbox 633 1289 818 1346; x_wconf 85' lang='lat' dir='ltr'>delapsa.</span> <span class='ocrx_word' id='word_1_168' title='bbox 882 1290 1091 1331; x_wconf 84' lang='lat' dir='ltr'>Posuistis</span> <span class='ocrx_word' id='word_1_169' title='bbox 1120 1293 1250 1342; x_wconf 87' lang='lat' dir='ltr'>enim,</span> <span class='ocrx_word' id='word_1_170' title='bbox 1272 1301 1400 1346; x_wconf 85' lang='lat' dir='ltr'>atque</span> <span class='ocrx_word' id='word_1_171' title='bbox 1428 1290 1472 1330; x_wconf 89' lang='lat' dir='ltr'>id</span> <span class='ocrx_word' id='word_1_172' title='bbox 1496 1299 1639 1330; x_wconf 85' lang='lat' dir='ltr'>tamen</span> 
     </span>
     <span class='ocr_line' id='line_1_22' title="bbox 161 1338 1644 1403; baseline 0.003 -22"><span class='ocrx_word' id='word_1_173' title='bbox 161 1338 191 1369; x_wconf 89' lang='lat' dir='ltr'>b.</span> <span class='ocrx_word' id='word_1_174' title='bbox 207 1341 444 1384; x_wconf 83' lang='lat' dir='ltr'>titubanter</span> <span class='ocrx_word' id='word_1_175' title='bbox 476 1353 518 1385; x_wconf 86' lang='lat' dir='ltr'>et</span> <span class='ocrx_word' id='word_1_176' title='bbox 551 1346 748 1398; x_wconf 86' lang='lat' dir='ltr'>strictim,</span> <span class='ocrx_word' id='word_1_177' title='bbox 780 1347 1090 1402; x_wconf 71' lang='lat' dir='ltr'>conjurationis</span> <span class='ocrx_word' id='word_1_178' title='bbox 1129 1348 1258 1398; x_wconf 89' lang='lat' dir='ltr'>hunc,</span> <span class='ocrx_word' id='word_1_179' title='bbox 1289 1356 1464 1403; x_wconf 83' lang='lat' dir='ltr'>propter</span> <span class='ocrx_word' id='word_1_180' title='bbox 1494 1345 1644 1387; x_wconf 89' lang='lat' dir='ltr'>amici-</span> 
     </span>
     <span class='ocr_line' id='line_1_23' title="bbox 205 1398 1644 1460; baseline 0.004 -22"><span class='ocrx_word' id='word_1_181' title='bbox 205 1398 308 1439; x_wconf 86' lang='lat' dir='ltr'>tiam</span> <span class='ocrx_word' id='word_1_182' title='bbox 332 1399 548 1453; x_wconf 86' lang='lat' dir='ltr'>Catilinae,</span> <span class='ocrx_word' id='word_1_183' title='bbox 570 1403 821 1460; x_wconf 83' lang='lat' dir='ltr'>participem</span> <span class='ocrx_word' id='word_1_184' title='bbox 853 1405 1007 1451; x_wconf 84' lang='lat' dir='ltr'>fuisse:</span> <span class='ocrx_word' id='word_1_185' title='bbox 1042 1406 1082 1445; x_wconf 90' lang='lat' dir='ltr'>in</span> <span class='ocrx_word' id='word_1_186' title='bbox 1118 1420 1203 1460; x_wconf 90' lang='lat' dir='ltr'>quo</span> <span class='ocrx_word' id='word_1_187' title='bbox 1236 1419 1320 1445; x_wconf 91' lang='lat' dir='ltr'>non</span> <span class='ocrx_word' id='word_1_188' title='bbox 1355 1404 1485 1445; x_wconf 86' lang='lat' dir='ltr'>modo</span> <span class='ocrx_word' id='word_1_189' title='bbox 1506 1405 1546 1435; x_wconf 61' lang='lat'>2¹6</span> <span class='ocrx_word' id='word_1_190' title='bbox 1560 1403 1644 1444; x_wconf 89' lang='lat' dir='ltr'>cri-</span> 
     </span>
     <span class='ocr_line' id='line_1_24' title="bbox 200 1458 1645 1511; baseline 0.003 -16"><span class='ocrx_word' id='word_1_191' title='bbox 200 1469 298 1496; x_wconf 85' lang='lat' dir='ltr'>men</span> <span class='ocrx_word' id='word_1_192' title='bbox 334 1472 419 1498; x_wconf 88' lang='lat' dir='ltr'>non</span> <span class='ocrx_word' id='word_1_193' title='bbox 454 1458 660 1511; x_wconf 65' lang='lat' dir='ltr'>haerebat,</span> <span class='ocrx_word' id='word_1_194' title='bbox 689 1462 760 1502; x_wconf 81' lang='lat' dir='ltr'>sed</span> <span class='ocrx_word' id='word_1_195' title='bbox 794 1462 867 1502; x_wconf 88' lang='lat' dir='ltr'>vix</span> <span class='ocrx_word' id='word_1_196' title='bbox 898 1462 1042 1503; x_wconf 85' lang='lat' dir='ltr'>diserti</span> <span class='ocrx_word' id='word_1_197' title='bbox 1083 1462 1363 1503; x_wconf 80' lang='lat' dir='ltr'>adolescentis</span> <span class='ocrx_word' id='word_1_198' title='bbox 1396 1461 1645 1504; x_wconf 74' lang='lat' dir='ltr'>cohaerebat</span> 
     </span>
     <span class='ocr_line' id='line_1_25' title="bbox 208 1514 1645 1574; baseline 0.003 -21"><span class='ocrx_word' id='word_1_199' title='bbox 208 1514 361 1554; x_wconf 80' lang='lat' dir='ltr'>oratio.</span> <span class='ocrx_word' id='word_1_200' title='bbox 423 1515 511 1561; x_wconf 82' lang='lat' dir='ltr'>Qui</span> <span class='ocrx_word' id='word_1_201' title='bbox 549 1518 664 1557; x_wconf 89' lang='lat' dir='ltr'>enim</span> <span class='ocrx_word' id='word_1_202' title='bbox 708 1527 850 1559; x_wconf 87' lang='lat' dir='ltr'>tantus</span> <span class='ocrx_word' id='word_1_203' title='bbox 892 1518 1010 1559; x_wconf 84' lang='lat' dir='ltr'>furor</span> <span class='ocrx_word' id='word_1_204' title='bbox 1048 1521 1090 1559; x_wconf 91' lang='lat' dir='ltr'>in</span> <span class='ocrx_word' id='word_1_205' title='bbox 1131 1519 1301 1561; x_wconf 78' lang='lat' dir='ltr'>Coelio?</span> <span class='ocrx_word' id='word_1_206' title='bbox 1332 1519 1447 1574; x_wconf 86' lang='lat' dir='ltr'>quod</span> <span class='ocrx_word' id='word_1_207' title='bbox 1476 1528 1645 1559; x_wconf 83' lang='lat' dir='ltr'>tantum</span> 
     </span>
     <span class='ocr_line' id='line_1_26' title="bbox 208 1571 1644 1631; baseline 0.004 -22"><span class='ocrx_word' id='word_1_208' title='bbox 208 1579 282 1610; x_wconf 87' lang='lat' dir='ltr'>aut</span> <span class='ocrx_word' id='word_1_209' title='bbox 301 1571 341 1611; x_wconf 90' lang='lat' dir='ltr'>in</span> <span class='ocrx_word' id='word_1_210' title='bbox 364 1572 555 1613; x_wconf 88' lang='lat' dir='ltr'>moribus</span> <span class='ocrx_word' id='word_1_211' title='bbox 588 1584 821 1630; x_wconf 81' lang='lat' dir='ltr'>naturaque</span> <span class='ocrx_word' id='word_1_212' title='bbox 853 1576 1019 1626; x_wconf 84' lang='lat' dir='ltr'>vulnus,</span> <span class='ocrx_word' id='word_1_213' title='bbox 1041 1586 1115 1617; x_wconf 87' lang='lat' dir='ltr'>aut</span> <span class='ocrx_word' id='word_1_214' title='bbox 1145 1577 1186 1616; x_wconf 90' lang='lat' dir='ltr'>in</span> <span class='ocrx_word' id='word_1_215' title='bbox 1219 1591 1262 1617; x_wconf 91' lang='lat' dir='ltr'>re</span> <span class='ocrx_word' id='word_1_216' title='bbox 1293 1585 1421 1631; x_wconf 85' lang='lat' dir='ltr'>atque</span> <span class='ocrx_word' id='word_1_217' title='bbox 1444 1575 1644 1616; x_wconf 85' lang='lat' dir='ltr'>fortuna?</span> 
     </span>
     <span class='ocr_line' id='line_1_27' title="bbox 208 1627 1644 1688; baseline 0.005 -22"><span class='ocrx_word' id='word_1_218' title='bbox 208 1627 281 1667; x_wconf 90' lang='lat' dir='ltr'>ubi</span> <span class='ocrx_word' id='word_1_219' title='bbox 304 1628 489 1684; x_wconf 90' lang='lat' dir='ltr'>denique</span> <span class='ocrx_word' id='word_1_220' title='bbox 512 1641 576 1671; x_wconf 84' lang='lat' dir='ltr'>est</span> <span class='ocrx_word' id='word_1_221' title='bbox 605 1632 646 1672; x_wconf 90' lang='lat' dir='ltr'>in</span> <span class='ocrx_word' id='word_1_222' title='bbox 682 1631 763 1672; x_wconf 86' lang='lat' dir='ltr'>ista</span> <span class='ocrx_word' id='word_1_223' title='bbox 797 1634 1040 1688; x_wconf 79' lang='lat' dir='ltr'>suspicione</span> <span class='ocrx_word' id='word_1_224' title='bbox 1072 1633 1203 1674; x_wconf 80' lang='lat' dir='ltr'>Coelii</span> <span class='ocrx_word' id='word_1_225' title='bbox 1233 1648 1389 1675; x_wconf 88' lang='lat' dir='ltr'>nomen</span> <span class='ocrx_word' id='word_1_226' title='bbox 1420 1633 1644 1674; x_wconf 84' lang='lat' dir='ltr'>auditum?</span> 
     </span>
     <span class='ocr_line' id='line_1_28' title="bbox 208 1682 1644 1746; baseline 0.003 -23"><span class='ocrx_word' id='word_1_227' title='bbox 208 1682 405 1725; x_wconf 68' lang='lat' dir='ltr'>Nimium</span> <span class='ocrx_word' id='word_1_228' title='bbox 447 1687 583 1728; x_wconf 84' lang='lat' dir='ltr'>multa</span> <span class='ocrx_word' id='word_1_229' title='bbox 616 1689 668 1729; x_wconf 81' lang='lat' dir='ltr'>de</span> <span class='ocrx_word' id='word_1_230' title='bbox 705 1704 747 1729; x_wconf 85' lang='lat' dir='ltr'>re</span> <span class='ocrx_word' id='word_1_231' title='bbox 789 1691 964 1731; x_wconf 87' lang='lat' dir='ltr'>minime</span> <span class='ocrx_word' id='word_1_232' title='bbox 1002 1691 1134 1731; x_wconf 88' lang='lat' dir='ltr'>dubia</span> <span class='ocrx_word' id='word_1_233' title='bbox 1167 1691 1342 1746; x_wconf 88' lang='lat' dir='ltr'>loquor:</span> <span class='ocrx_word' id='word_1_234' title='bbox 1380 1690 1462 1731; x_wconf 87' lang='lat' dir='ltr'>hoc</span> <span class='ocrx_word' id='word_1_235' title='bbox 1500 1699 1644 1730; x_wconf 81' lang='lat' dir='ltr'>tamen</span> 
     </span>
     <span class='ocr_line' id='line_1_29' title="bbox 205 1741 1645 1802; baseline 0.003 -21"><span class='ocrx_word' id='word_1_236' title='bbox 205 1741 329 1783; x_wconf 87' lang='lat' dir='ltr'>dico:</span> <span class='ocrx_word' id='word_1_237' title='bbox 362 1757 446 1784; x_wconf 92' lang='lat' dir='ltr'>non</span> <span class='ocrx_word' id='word_1_238' title='bbox 472 1745 601 1786; x_wconf 88' lang='lat' dir='ltr'>modo</span> <span class='ocrx_word' id='word_1_239' title='bbox 631 1745 663 1786; x_wconf 92' lang='lat' dir='ltr'>si</span> <span class='ocrx_word' id='word_1_240' title='bbox 693 1747 833 1787; x_wconf 87' lang='lat' dir='ltr'>socius</span> <span class='ocrx_word' id='word_1_241' title='bbox 856 1748 1181 1802; x_wconf 76' lang='lat' dir='ltr'>conjurationi5‚</span> <span class='ocrx_word' id='word_1_242' title='bbox 1200 1748 1271 1788; x_wconf 85' lang='lat' dir='ltr'>sed</span> <span class='ocrx_word' id='word_1_243' title='bbox 1295 1748 1375 1788; x_wconf 90' lang='lat' dir='ltr'>nisi</span> <span class='ocrx_word' id='word_1_244' title='bbox 1399 1745 1645 1788; x_wconf 88' lang='lat' dir='ltr'>inimicissi-</span> 
     </span>
     <span class='ocr_line' id='line_1_30' title="bbox 207 1799 1644 1860; baseline 0.004 -22"><span class='ocrx_word' id='word_1_245' title='bbox 207 1811 299 1838; x_wconf 87' lang='lat' dir='ltr'>mus</span> <span class='ocrx_word' id='word_1_246' title='bbox 323 1799 445 1841; x_wconf 88' lang='lat' dir='ltr'>istius</span> <span class='ocrx_word' id='word_1_247' title='bbox 476 1801 643 1842; x_wconf 87' lang='lat' dir='ltr'>sceleris</span> <span class='ocrx_word' id='word_1_248' title='bbox 677 1802 841 1854; x_wconf 82' lang='lat' dir='ltr'>fuisset,</span> <span class='ocrx_word' id='word_1_249' title='bbox 863 1819 1096 1858; x_wconf 83' lang='lat' dir='ltr'>numquam</span> <span class='ocrx_word' id='word_1_250' title='bbox 1129 1805 1440 1860; x_wconf 83' lang='lat' dir='ltr'>conjurationis</span> <span class='ocrx_word' id='word_1_251' title='bbox 1469 1817 1644 1845; x_wconf 82' lang='lat' dir='ltr'>accusa·</span> 
     </span>
     <span class='ocr_line' id='line_1_31' title="bbox 206 1855 1644 1916; baseline 0.003 -21"><span class='ocrx_word' id='word_1_252' title='bbox 206 1855 324 1896; x_wconf 87' lang='lat' dir='ltr'>tione</span> <span class='ocrx_word' id='word_1_253' title='bbox 355 1857 684 1900; x_wconf 86' lang='lat' dir='ltr'>adolescentiam</span> <span class='ocrx_word' id='word_1_254' title='bbox 719 1875 837 1901; x_wconf 80' lang='lat' dir='ltr'>suain</span> <span class='ocrx_word' id='word_1_255' title='bbox 868 1862 1137 1916; x_wconf 86' lang='lat' dir='ltr'>potissimum</span> <span class='ocrx_word' id='word_1_256' title='bbox 1165 1862 1464 1903; x_wconf 81' lang='lat' dir='ltr'>commendare</span> <span class='ocrx_word' id='word_1_257' title='bbox 1488 1861 1644 1902; x_wconf 84' lang='lat' dir='ltr'>voluis-</span> 
     </span>
     <span class='ocr_line' id='line_1_32' title="bbox 146 1914 1644 1970; baseline 0.004 -18"><span class='ocrx_word' id='word_1_258' title='bbox 146 1914 192 1946; x_wconf 78' lang='lat'>16</span> <span class='ocrx_word' id='word_1_259' title='bbox 206 1923 284 1954; x_wconf 89' lang='lat' dir='ltr'>set.</span> <span class='ocrx_word' id='word_1_260' title='bbox 344 1916 382 1948; x_wconf 70' lang='lat'>27</span> <span class='ocrx_word' id='word_1_261' title='bbox 400 1914 545 1967; x_wconf 82' lang='lat' dir='ltr'>Quod,</span> <span class='ocrx_word' id='word_1_262' title='bbox 579 1916 692 1957; x_wconf 85' lang='lat' dir='ltr'>haud</span> <span class='ocrx_word' id='word_1_263' title='bbox 726 1919 830 1970; x_wconf 82' lang='lat' dir='ltr'>scio,</span> <span class='ocrx_word' id='word_1_264' title='bbox 853 1933 905 1958; x_wconf 82' lang='lat' dir='ltr'>an</span> <span class='ocrx_word' id='word_1_265' title='bbox 945 1919 996 1959; x_wconf 81' lang='lat' dir='ltr'>de</span> <span class='ocrx_word' id='word_1_266' title='bbox 1026 1919 1207 1969; x_wconf 81' lang='lat' dir='ltr'>ambitu,</span> <span class='ocrx_word' id='word_1_267' title='bbox 1237 1928 1279 1960; x_wconf 88' lang='lat' dir='ltr'>et</span> <span class='ocrx_word' id='word_1_268' title='bbox 1309 1919 1361 1960; x_wconf 89' lang='lat' dir='ltr'>de</span> <span class='ocrx_word' id='word_1_269' title='bbox 1392 1918 1644 1959; x_wconf 82' lang='lat' dir='ltr'>criminibus</span> 
     </span>
    </p>
   </div>
   <div class='ocr_carea' id='block_1_3' title="bbox 202 2054 906 2130">
    <p class='ocr_par' dir='ltr' id='par_1_3' title="bbox 202 2054 906 2130">
     <span class='ocr_line' id='line_1_33' title="bbox 247 2054 906 2094; baseline 0.009 -12"><span class='ocrx_word' id='word_1_270' title='bbox 247 2056 286 2083; x_wconf 75' lang='lat'>22</span> <span class='ocrx_word' id='word_1_271' title='bbox 310 2054 499 2094; x_wconf 75' lang='lat' dir='ltr'>audaciter]</span> <span class='ocrx_word' id='word_1_272' title='bbox 525 2055 667 2087; x_wconf 85' lang='lat' dir='ltr'>Restitni</span> <span class='ocrx_word' id='word_1_273' title='bbox 691 2062 784 2088; x_wconf 70' lang='lat' dir='ltr'>vetus</span> <span class='ocrx_word' id='word_1_274' title='bbox 801 2058 906 2088; x_wconf 76' lang='lat' dir='ltr'>autla-</span> 
     </span>
     <span class='ocr_line' id='line_1_34' title="bbox 202 2097 597 2130; baseline 0.013 -7"><span class='ocrx_word' id='word_1_275' title='bbox 202 2099 282 2130; x_wconf 74' lang='lat' dir='ltr'>cler,</span> <span class='ocrx_word' id='word_1_276' title='bbox 299 2104 336 2124; x_wconf 88' lang='lat' dir='ltr'>ut</span> <span class='ocrx_word' id='word_1_277' title='bbox 351 2097 438 2126; x_wconf 81' lang='lat' dir='ltr'>alibi.</span> <span class='ocrx_word' id='word_1_278' title='bbox 455 2108 484 2127; x_wconf 88' lang='lat' dir='ltr'>v.</span> <span class='ocrx_word' id='word_1_279' title='bbox 502 2098 597 2128; x_wconf 65' lang='lat' dir='ltr'>clav.-</span> 
     </span>
    </p>
   </div>
   <div class='ocr_carea' id='block_1_4' title="bbox 245 2138 905 2181">
    <p class='ocr_par' dir='ltr' id='par_1_4' title="bbox 245 2138 905 2181">
     <span class='ocr_line' id='line_1_35' title="bbox 245 2138 905 2181; baseline 0.012 -15"><span class='ocrx_word' id='word_1_280' title='bbox 245 2138 283 2166; x_wconf 71' lang='lat'>223</span> <span class='ocrx_word' id='word_1_281' title='bbox 307 2138 368 2167; x_wconf 70' lang='lat' dir='ltr'>ista</span> <span class='ocrx_word' id='word_1_282' title='bbox 384 2140 521 2168; x_wconf 63' lang='lat' dir='ltr'>conditio</span> <span class='ocrx_word' id='word_1_283' title='bbox 536 2141 727 2181; x_wconf 75' lang='lat' dir='ltr'>respuatur]</span> <span class='ocrx_word' id='word_1_284' title='bbox 761 2142 905 2174; x_wconf 76' lang='lat' dir='ltr'>Comlitio</span> 
     </span>
    </p>
   </div>
   <div class='ocr_carea' id='block_1_5' title="bbox 949 2058 1644 2182">
    <p class='ocr_par' dir='ltr' id='par_1_5' title="bbox 949 2058 1644 2182">
     <span class='ocr_line' id='line_1_36' title="bbox 949 2058 1643 2099; baseline 0 -11"><span class='ocrx_word' id='word_1_285' title='bbox 949 2064 1010 2094; x_wconf 79' lang='lat' dir='ltr'>est,</span> <span class='ocrx_word' id='word_1_286' title='bbox 1029 2068 1140 2089; x_wconf 74' lang='lat' dir='ltr'>sensus</span> <span class='ocrx_word' id='word_1_287' title='bbox 1157 2064 1225 2091; x_wconf 84' lang='lat' dir='ltr'>est:</span> <span class='ocrx_word' id='word_1_288' title='bbox 1250 2065 1348 2099; x_wconf 85' lang='lat' dir='ltr'>atque</span> <span class='ocrx_word' id='word_1_289' title='bbox 1365 2069 1419 2090; x_wconf 78' lang='lat' dir='ltr'>vos</span> <span class='ocrx_word' id='word_1_290' title='bbox 1435 2059 1493 2099; x_wconf 83' lang='lat' dir='ltr'>ipsi</span> <span class='ocrx_word' id='word_1_291' title='bbox 1509 2058 1643 2089; x_wconf 84' lang='lat' dir='ltr'>videmi-</span> 
     </span>
     <span class='ocr_line' id='line_1_37' title="bbox 949 2100 1644 2143; baseline 0.001 -13"><span class='ocrx_word' id='word_1_292' title='bbox 949 2102 981 2130; x_wconf 88' lang='lat' dir='ltr'>ni</span> <span class='ocrx_word' id='word_1_293' title='bbox 994 2101 1054 2131; x_wconf 81' lang='lat' dir='ltr'>hoe</span> <span class='ocrx_word' id='word_1_294' title='bbox 1067 2103 1214 2138; x_wconf 77' lang='lat' dir='ltr'>sensisse,</span> <span class='ocrx_word' id='word_1_295' title='bbox 1226 2108 1459 2143; x_wconf 80' lang='lat' dir='ltr'>proptereaque</span> <span class='ocrx_word' id='word_1_296' title='bbox 1470 2100 1644 2131; x_wconf 79' lang='lat' dir='ltr'>maledicta</span> 
     </span>
     <span class='ocr_line' id='line_1_38' title="bbox 949 2143 1644 2182; baseline 0 -10"><span class='ocrx_word' id='word_1_297' title='bbox 949 2143 1125 2182; x_wconf 75' lang='lat' dir='ltr'>reliquistis</span> <span class='ocrx_word' id='word_1_298' title='bbox 1151 2151 1183 2174; x_wconf 68' lang='lat' dir='ltr'>et</span> <span class='ocrx_word' id='word_1_299' title='bbox 1212 2145 1349 2175; x_wconf 83' lang='lat' dir='ltr'>crimina</span> <span class='ocrx_word' id='word_1_300' title='bbox 1386 2143 1554 2174; x_wconf 85' lang='lat' dir='ltr'>intendere</span> <span class='ocrx_word' id='word_1_301' title='bbox 1579 2152 1644 2172; x_wconf 87' lang='lat' dir='ltr'>coe-</span> 
     </span>
    </p>
   </div>
   <div class='ocr_carea' id='block_1_6' title="bbox 186 2177 904 2895">
    <p class='ocr_par' dir='ltr' id='par_1_6' title="bbox 200 2177 904 2462">
     <span class='ocr_line' id='line_1_39' title="bbox 200 2177 904 2223; baseline 0.009 -16"><span class='ocrx_word' id='word_1_302' title='bbox 200 2177 253 2208; x_wconf 89' lang='lat' dir='ltr'>hic</span> <span class='ocrx_word' id='word_1_303' title='bbox 282 2180 484 2218; x_wconf 75' lang='lat' dir='ltr'>exquisitius,</span> <span class='ocrx_word' id='word_1_304' title='bbox 513 2190 545 2211; x_wconf 85' lang='lat' dir='ltr'>et</span> <span class='ocrx_word' id='word_1_305' title='bbox 574 2191 746 2223; x_wconf 79' lang='lat' dir='ltr'>propterca</span> <span class='ocrx_word' id='word_1_306' title='bbox 785 2184 904 2213; x_wconf 78' lang='lat' dir='ltr'>subob—</span> 
     </span>
     <span class='ocr_line' id='line_1_40' title="bbox 201 2222 902 2261; baseline 0.011 -13"><span class='ocrx_word' id='word_1_307' title='bbox 201 2229 292 2250; x_wconf 74' lang='lat' dir='ltr'>scure</span> <span class='ocrx_word' id='word_1_308' title='bbox 308 2222 444 2251; x_wconf 78' lang='lat' dir='ltr'>dicitur:</span> <span class='ocrx_word' id='word_1_309' title='bbox 469 2228 519 2253; x_wconf 85' lang='lat' dir='ltr'>est</span> <span class='ocrx_word' id='word_1_310' title='bbox 541 2225 687 2255; x_wconf 82' lang='lat' dir='ltr'>conditio</span> <span class='ocrx_word' id='word_1_311' title='bbox 704 2236 846 2261; x_wconf 86' lang='lat' dir='ltr'>reorum,</span> <span class='ocrx_word' id='word_1_312' title='bbox 865 2230 902 2256; x_wconf 84' lang='lat' dir='ltr'>ut</span> 
     </span>
     <span class='ocr_line' id='line_1_41' title="bbox 200 2263 899 2308; baseline 0.011 -18"><span class='ocrx_word' id='word_1_313' title='bbox 200 2263 326 2301; x_wconf 83' lang='lat' dir='ltr'>possint</span> <span class='ocrx_word' id='word_1_314' title='bbox 340 2263 461 2294; x_wconf 81' lang='lat' dir='ltr'>talibus</span> <span class='ocrx_word' id='word_1_315' title='bbox 484 2266 674 2297; x_wconf 78' lang='lat' dir='ltr'>criminibus</span> <span class='ocrx_word' id='word_1_316' title='bbox 697 2269 899 2308; x_wconf 80' lang='lat' dir='ltr'>oppugnari:</span> 
     </span>
     <span class='ocr_line' id='line_1_42' title="bbox 200 2305 900 2346; baseline 0.01 -13"><span class='ocrx_word' id='word_1_317' title='bbox 200 2314 303 2342; x_wconf 81' lang='lat' dir='ltr'>eaque</span> <span class='ocrx_word' id='word_1_318' title='bbox 317 2305 427 2335; x_wconf 70' lang='lat' dir='ltr'>valent</span> <span class='ocrx_word' id='word_1_319' title='bbox 443 2307 528 2346; x_wconf 82' lang='lat' dir='ltr'>apud</span> <span class='ocrx_word' id='word_1_320' title='bbox 537 2309 675 2346; x_wconf 65' lang='lat' dir='ltr'>jndices,</span> <span class='ocrx_word' id='word_1_321' title='bbox 700 2310 900 2340; x_wconf 76' lang='lat' dir='ltr'>lllnstrando</span> 
     </span>
     <span class='ocr_line' id='line_1_43' title="bbox 200 2345 901 2387; baseline 0.01 -12"><span class='ocrx_word' id='word_1_322' title='bbox 200 2345 276 2376; x_wconf 76' lang='lat' dir='ltr'>liuic</span> <span class='ocrx_word' id='word_1_323' title='bbox 293 2347 365 2376; x_wconf 90' lang='lat' dir='ltr'>loco</span> <span class='ocrx_word' id='word_1_324' title='bbox 383 2349 514 2387; x_wconf 76' lang='lat' dir='ltr'>prodest</span> <span class='ocrx_word' id='word_1_325' title='bbox 527 2349 609 2379; x_wconf 75' lang='lat' dir='ltr'>alius</span> <span class='ocrx_word' id='word_1_326' title='bbox 627 2351 754 2381; x_wconf 66' lang='grc' dir='ltr'>Μαι-οη.</span> <span class='ocrx_word' id='word_1_327' title='bbox 772 2354 824 2383; x_wconf 63' lang='grc'>98.</span> <span class='ocrx_word' id='word_1_328' title='bbox 842 2354 901 2382; x_wconf 84' lang='lat' dir='ltr'>mi-</span> 
     </span>
     <span class='ocr_line' id='line_1_44' title="bbox 200 2391 903 2433; baseline 0.013 -17"><span class='ocrx_word' id='word_1_329' title='bbox 200 2397 308 2418; x_wconf 63' lang='lat' dir='ltr'>seram</span> <span class='ocrx_word' id='word_1_330' title='bbox 336 2391 547 2420; x_wconf 78' lang='lat' dir='ltr'>condicionem</span> <span class='ocrx_word' id='word_1_331' title='bbox 576 2393 721 2424; x_wconf 71' lang='lat' dir='ltr'>instituet</span> <span class='ocrx_word' id='word_1_332' title='bbox 744 2396 903 2433; x_wconf 76' lang='lat' dir='ltr'>periculis</span> 
     </span>
     <span class='ocr_line' id='line_1_45' title="bbox 202 2438 382 2462; baseline 0.011 -3"><span class='ocrx_word' id='word_1_333' title='bbox 202 2438 382 2462; x_wconf 60' lang='lat' dir='ltr'>hommum.</span> 
     </span>
    </p>

    <p class='ocr_par' dir='ltr' id='par_1_7' title="bbox 186 2472 902 2848">
     <span class='ocr_line' id='line_1_46' title="bbox 243 2472 902 2516; baseline 0.009 -14"><span class='ocrx_word' id='word_1_334' title='bbox 243 2475 283 2503; x_wconf 74' lang='lat'>24</span> <span class='ocrx_word' id='word_1_335' title='bbox 305 2472 401 2513; x_wconf 79' lang='lat' dir='ltr'>cujus</span> <span class='ocrx_word' id='word_1_336' title='bbox 425 2474 633 2515; x_wconf 74' lang='lat' dir='ltr'>ego—cujus</span> <span class='ocrx_word' id='word_1_337' title='bbox 656 2478 691 2506; x_wconf 74' lang='lat' dir='ltr'>in</span> <span class='ocrx_word' id='word_1_338' title='bbox 718 2478 848 2516; x_wconf 76' lang='lat' dir='ltr'>magnis</span> <span class='ocrx_word' id='word_1_339' title='bbox 871 2488 902 2509; x_wconf 81' lang='lat' dir='ltr'>c,</span> 
     </span>
     <span class='ocr_line' id='line_1_47' title="bbox 202 2514 902 2553; baseline 0.011 -11"><span class='ocrx_word' id='word_1_340' title='bbox 202 2514 279 2553; x_wconf 52' lang='lat' dir='ltr'>fica]</span> <span class='ocrx_word' id='word_1_341' title='bbox 306 2515 383 2546; x_wconf 89' lang='lat' dir='ltr'>Non</span> <span class='ocrx_word' id='word_1_342' title='bbox 411 2515 509 2546; x_wconf 85' lang='lat' dir='ltr'>habet</span> <span class='ocrx_word' id='word_1_343' title='bbox 532 2519 638 2548; x_wconf 75' lang='lat' dir='ltr'>oratio</span> <span class='ocrx_word' id='word_1_344' title='bbox 655 2518 724 2548; x_wconf 70' lang='lat' dir='ltr'>haee</span> <span class='ocrx_word' id='word_1_345' title='bbox 747 2530 902 2550; x_wconf 84' lang='lat' dir='ltr'>consecu-</span> 
     </span>
     <span class='ocr_line' id='line_1_48' title="bbox 201 2556 900 2598; baseline 0.01 -13"><span class='ocrx_word' id='word_1_346' title='bbox 201 2556 326 2587; x_wconf 80' lang='lat' dir='ltr'>tionem</span> <span class='ocrx_word' id='word_1_347' title='bbox 342 2562 467 2598; x_wconf 84' lang='lat' dir='ltr'>aptam.</span> <span class='ocrx_word' id='word_1_348' title='bbox 513 2559 590 2589; x_wconf 75' lang='lat' dir='ltr'>Non</span> <span class='ocrx_word' id='word_1_349' title='bbox 604 2560 732 2597; x_wconf 84' lang='lat' dir='ltr'>dubito,</span> <span class='ocrx_word' id='word_1_350' title='bbox 746 2562 779 2591; x_wconf 91' lang='lat' dir='ltr'>in</span> <span class='ocrx_word' id='word_1_351' title='bbox 796 2562 900 2592; x_wconf 83' lang='lat' dir='ltr'>altero</span> 
     </span>
     <span class='ocr_line' id='line_1_49' title="bbox 200 2598 901 2643; baseline 0.01 -15"><span class='ocrx_word' id='word_1_352' title='bbox 200 2608 267 2628; x_wconf 56' lang='lat' dir='ltr'>esse</span> <span class='ocrx_word' id='word_1_353' title='bbox 303 2598 419 2630; x_wconf 81' lang='lat' dir='ltr'>debere</span> <span class='ocrx_word' id='word_1_354' title='bbox 456 2599 566 2639; x_wconf 71' lang='lat' dir='ltr'>hujus.</span> <span class='ocrx_word' id='word_1_355' title='bbox 619 2602 670 2632; x_wconf 80' lang='lat' dir='ltr'>lta</span> <span class='ocrx_word' id='word_1_356' title='bbox 705 2605 769 2633; x_wconf 73' lang='lat' dir='ltr'>erit</span> <span class='ocrx_word' id='word_1_357' title='bbox 804 2614 901 2643; x_wconf 75' lang='lat' dir='ltr'>argu-</span> 
     </span>
     <span class='ocr_line' id='line_1_50' title="bbox 197 2641 901 2685; baseline 0.01 -16"><span class='ocrx_word' id='word_1_358' title='bbox 197 2641 362 2671; x_wconf 70' lang='lat' dir='ltr'>mentatio</span> <span class='ocrx_word' id='word_1_359' title='bbox 389 2651 411 2674; x_wconf 69' lang='lat' dir='ltr'>a</span> <span class='ocrx_word' id='word_1_360' title='bbox 434 2643 553 2682; x_wconf 82' lang='lat' dir='ltr'>majori</span> <span class='ocrx_word' id='word_1_361' title='bbox 581 2644 620 2673; x_wconf 87' lang='lat' dir='ltr'>ad</span> <span class='ocrx_word' id='word_1_362' title='bbox 645 2646 773 2677; x_wconf 80' lang='lat' dir='ltr'>minus:</span> <span class='ocrx_word' id='word_1_363' title='bbox 807 2646 901 2685; x_wconf 61' lang='lat' dir='ltr'>cujus</span> 
     </span>
     <span class='ocr_line' id='line_1_51' title="bbox 198 2681 900 2727; baseline 0.011 -17"><span class='ocrx_word' id='word_1_364' title='bbox 198 2691 256 2719; x_wconf 65' lang='lat' dir='ltr'>rgo</span> <span class='ocrx_word' id='word_1_365' title='bbox 271 2681 434 2721; x_wconf 31' lang='lat' dir='ltr'>*facinora</span> <span class='ocrx_word' id='word_1_366' title='bbox 466 2686 567 2715; x_wconf 72' lang='lat' dir='ltr'>oeulis</span> <span class='ocrx_word' id='word_1_367' title='bbox 591 2687 684 2724; x_wconf 73' lang='lat' dir='ltr'>prius</span> <span class='ocrx_word' id='word_1_368' title='bbox 707 2688 765 2717; x_wconf 63' lang='grc' dir='ltr'>ἃς.</span> <span class='ocrx_word' id='word_1_369' title='bbox 789 2688 900 2727; x_wconf 55' lang='lat' dir='ltr'>depr&amp;</span> 
     </span>
     <span class='ocr_line' id='line_1_52' title="bbox 198 2724 900 2766; baseline 0.013 -15"><span class='ocrx_word' id='word_1_370' title='bbox 198 2725 314 2754; x_wconf 77' lang='lat' dir='ltr'>hendi:</span> <span class='ocrx_word' id='word_1_371' title='bbox 338 2724 436 2766; x_wconf 58' lang='lat' dir='ltr'>hujus</span> <span class='ocrx_word' id='word_1_372' title='bbox 463 2727 497 2756; x_wconf 77' lang='lat' dir='ltr'>in</span> <span class='ocrx_word' id='word_1_373' title='bbox 527 2729 660 2766; x_wconf 76' lang='lat' dir='ltr'>magnis</span> <span class='ocrx_word' id='word_1_374' title='bbox 685 2739 712 2759; x_wconf 86' lang='lat' dir='ltr'>c.</span> <span class='ocrx_word' id='word_1_375' title='bbox 737 2730 765 2759; x_wconf 82' lang='lat' dir='ltr'>si</span> <span class='ocrx_word' id='word_1_376' title='bbox 785 2730 900 2760; x_wconf 46' lang='lat' dir='ltr'>(filius</span> 
     </span>
     <span class='ocr_line' id='line_1_53' title="bbox 186 2765 898 2809; baseline 0.014 -16"><span class='ocrx_word' id='word_1_377' title='bbox 186 2765 262 2802; x_wconf 19' lang='lat' dir='ltr'>&gt;licit</span> <span class='ocrx_word' id='word_1_378' title='bbox 287 2767 343 2797; x_wconf 67' lang='grc' dir='ltr'>ἃς.</span> <span class='ocrx_word' id='word_1_379' title='bbox 389 2767 451 2798; x_wconf 86' lang='lat' dir='ltr'>Res</span> <span class='ocrx_word' id='word_1_380' title='bbox 474 2774 524 2799; x_wconf 78' lang='lat' dir='ltr'>est</span> <span class='ocrx_word' id='word_1_381' title='bbox 550 2769 598 2800; x_wconf 86' lang='lat' dir='ltr'>ita</span> <span class='ocrx_word' id='word_1_382' title='bbox 622 2770 766 2809; x_wconf 77' lang='lat' dir='ltr'>evidens,</span> <span class='ocrx_word' id='word_1_383' title='bbox 792 2776 830 2801; x_wconf 83' lang='lat' dir='ltr'>nt</span> <span class='ocrx_word' id='word_1_384' title='bbox 853 2773 898 2803; x_wconf 90' lang='lat' dir='ltr'>sic</span> 
     </span>
     <span class='ocr_line' id='line_1_54' title="bbox 196 2809 640 2848; baseline 0.016 -14"><span class='ocrx_word' id='word_1_385' title='bbox 196 2809 357 2848; x_wconf 54' lang='lat' dir='ltr'>corrigere</span> <span class='ocrx_word' id='word_1_386' title='bbox 372 2818 438 2840; x_wconf 88' lang='lat' dir='ltr'>non</span> <span class='ocrx_word' id='word_1_387' title='bbox 452 2811 640 2842; x_wconf 79' lang='lat' dir='ltr'>dubitarim.</span> 
     </span>
    </p>

    <p class='ocr_par' dir='ltr' id='par_1_8' title="bbox 243 2851 899 2895">
     <span class='ocr_line' id='line_1_55' title="bbox 243 2851 899 2895; baseline 0.012 -16"><span class='ocrx_word' id='word_1_388' title='bbox 243 2853 282 2880; x_wconf 66' lang='lat'>2¹5</span> <span class='ocrx_word' id='word_1_389' title='bbox 304 2851 419 2892; x_wconf 77' lang='lat' dir='ltr'>Itaque</span> <span class='ocrx_word' id='word_1_390' title='bbox 434 2863 454 2882; x_wconf 79' lang='grc' dir='ltr'>ιι</span> <span class='ocrx_word' id='word_1_391' title='bbox 471 2853 603 2893; x_wconf 53' lang='lat' dir='ltr'>malm]</span> <span class='ocrx_word' id='word_1_392' title='bbox 621 2855 654 2885; x_wconf 85' lang='lat' dir='ltr'>Si</span> <span class='ocrx_word' id='word_1_393' title='bbox 666 2856 775 2895; x_wconf 74' lang='lat' dir='ltr'>itaque</span> <span class='ocrx_word' id='word_1_394' title='bbox 788 2866 899 2887; x_wconf 76' lang='lat' dir='ltr'>verum</span> 
     </span>
    </p>
   </div>
   <div class='ocr_carea' id='block_1_7' title="bbox 942 2184 1643 2859">
    <p class='ocr_par' dir='ltr' id='par_1_9' title="bbox 947 2184 1640 2310">
     <span class='ocr_line' id='line_1_56' title="bbox 947 2184 1640 2224; baseline 0 -11"><span class='ocrx_word' id='word_1_395' title='bbox 947 2186 1051 2224; x_wconf 77' lang='lat' dir='ltr'>pistis.</span> <span class='ocrx_word' id='word_1_396' title='bbox 1098 2186 1159 2216; x_wconf 63' lang='lat' dir='ltr'>sed</span> <span class='ocrx_word' id='word_1_397' title='bbox 1182 2187 1214 2216; x_wconf 93' lang='lat' dir='ltr'>id</span> <span class='ocrx_word' id='word_1_398' title='bbox 1236 2187 1346 2216; x_wconf 84' lang='lat' dir='ltr'>durius</span> <span class='ocrx_word' id='word_1_399' title='bbox 1369 2191 1431 2222; x_wconf 85' lang='lat' dir='ltr'>est,</span> <span class='ocrx_word' id='word_1_400' title='bbox 1449 2195 1509 2215; x_wconf 84' lang='lat' dir='ltr'>nec</span> <span class='ocrx_word' id='word_1_401' title='bbox 1524 2184 1640 2223; x_wconf 76' lang='lat' dir='ltr'>proba-</span> 
     </span>
     <span class='ocr_line' id='line_1_57' title="bbox 947 2227 1640 2264; baseline 0.004 -9"><span class='ocrx_word' id='word_1_402' title='bbox 947 2227 1022 2264; x_wconf 83' lang='lat' dir='ltr'>bile,</span> <span class='ocrx_word' id='word_1_403' title='bbox 1051 2228 1111 2258; x_wconf 75' lang='lat' dir='ltr'>hoc</span> <span class='ocrx_word' id='word_1_404' title='bbox 1142 2228 1333 2259; x_wconf 83' lang='lat' dir='ltr'>Ciceronem</span> <span class='ocrx_word' id='word_1_405' title='bbox 1360 2227 1640 2258; x_wconf 77' lang='lat' dir='ltr'>dicere‘voluisse.</span> 
     </span>
     <span class='ocr_line' id='line_1_58' title="bbox 947 2269 1512 2310; baseline 0 -11"><span class='ocrx_word' id='word_1_406' title='bbox 947 2269 1041 2300; x_wconf 85' lang='lat' dir='ltr'>Forte</span> <span class='ocrx_word' id='word_1_407' title='bbox 1055 2271 1184 2310; x_wconf 81' lang='lat' dir='ltr'>scripsit</span> <span class='ocrx_word' id='word_1_408' title='bbox 1199 2271 1305 2310; x_wconf 76' lang='lat' dir='ltr'>Acque</span> <span class='ocrx_word' id='word_1_409' title='bbox 1319 2281 1340 2300; x_wconf 86' lang='grc' dir='ltr'><em>α</em></span> <span class='ocrx_word' id='word_1_410' title='bbox 1359 2271 1437 2300; x_wconf 75' lang='lat' dir='ltr'>mal.</span> <span class='ocrx_word' id='word_1_411' title='bbox 1453 2271 1512 2300; x_wconf 63' lang='lat' dir='ltr'>«Sec.</span> 
     </span>
    </p>

    <p class='ocr_par' dir='ltr' id='par_1_10' title="bbox 943 2310 1642 2560">
     <span class='ocr_line' id='line_1_59' title="bbox 986 2310 1642 2351; baseline -0.002 -9"><span class='ocrx_word' id='word_1_412' title='bbox 986 2313 1027 2342; x_wconf 59' lang='lat'>‘26</span> <span class='ocrx_word' id='word_1_413' title='bbox 1048 2314 1171 2342; x_wconf 79' lang='lat' dir='ltr'>crimen</span> <span class='ocrx_word' id='word_1_414' title='bbox 1185 2323 1247 2342; x_wconf 76' lang='lat' dir='ltr'>non</span> <span class='ocrx_word' id='word_1_415' title='bbox 1265 2311 1418 2351; x_wconf 65' lang='lat' dir='ltr'>ltoerebat]</span> <span class='ocrx_word' id='word_1_416' title='bbox 1455 2321 1499 2341; x_wconf 89' lang='lat' dir='ltr'>sc.</span> <span class='ocrx_word' id='word_1_417' title='bbox 1524 2310 1642 2348; x_wconf 74' lang='lat' dir='ltr'>cunno,</span> 
     </span>
     <span class='ocr_line' id='line_1_60' title="bbox 943 2353 1637 2394; baseline -0.001 -11"><span class='ocrx_word' id='word_1_418' title='bbox 943 2354 993 2383; x_wconf 82' lang='lat' dir='ltr'>vel</span> <span class='ocrx_word' id='word_1_419' title='bbox 1020 2355 1053 2383; x_wconf 87' lang='lat' dir='ltr'>in</span> <span class='ocrx_word' id='word_1_420' title='bbox 1078 2355 1193 2390; x_wconf 77' lang='lat' dir='ltr'>Coelio,</span> <span class='ocrx_word' id='word_1_421' title='bbox 1214 2356 1237 2384; x_wconf 90' lang='lat' dir='ltr'>i.</span> <span class='ocrx_word' id='word_1_422' title='bbox 1256 2365 1284 2384; x_wconf 80' lang='lat' dir='ltr'>e.</span> <span class='ocrx_word' id='word_1_423' title='bbox 1308 2364 1420 2385; x_wconf 82' lang='lat' dir='ltr'>verum</span> <span class='ocrx_word' id='word_1_424' title='bbox 1446 2353 1637 2394; x_wconf 80' lang='lat' dir='ltr'>putabatur.</span> 
     </span>
     <span class='ocr_line' id='line_1_61' title="bbox 945 2396 1641 2427; baseline 0 -2"><span class='ocrx_word' id='word_1_425' title='bbox 945 2405 976 2425; x_wconf 77' lang='lat' dir='ltr'>v.</span> <span class='ocrx_word' id='word_1_426' title='bbox 1004 2396 1096 2426; x_wconf 72' lang='lat' dir='ltr'>Clav.</span> <span class='ocrx_word' id='word_1_427' title='bbox 1121 2396 1202 2427; x_wconf 85' lang='lat' dir='ltr'>Edd.</span> <span class='ocrx_word' id='word_1_428' title='bbox 1227 2403 1308 2427; x_wconf 70' lang='lat' dir='ltr'>vett.</span> <span class='ocrx_word' id='word_1_429' title='bbox 1339 2397 1460 2427; x_wconf 78' lang='lat' dir='ltr'>habent</span> <span class='ocrx_word' id='word_1_430' title='bbox 1490 2396 1641 2425; x_wconf 73' lang='lat' dir='ltr'>hoerebal.</span> 
     </span>
     <span class='ocr_line' id='line_1_62' title="bbox 945 2437 1642 2475; baseline 0.001 -9"><span class='ocrx_word' id='word_1_431' title='bbox 945 2437 1061 2468; x_wconf 70' lang='lat' dir='ltr'>Lantb.</span> <span class='ocrx_word' id='word_1_432' title='bbox 1078 2438 1179 2468; x_wconf 82' lang='lat' dir='ltr'>edidit</span> <span class='ocrx_word' id='word_1_433' title='bbox 1202 2440 1389 2475; x_wconf 69' lang='lat' dir='ltr'>imum-ebat,</span> <span class='ocrx_word' id='word_1_434' title='bbox 1410 2449 1427 2468; x_wconf 90' lang='lat' dir='ltr'>e</span> <span class='ocrx_word' id='word_1_435' title='bbox 1449 2438 1540 2468; x_wconf 85' lang='lat' dir='ltr'>libris</span> <span class='ocrx_word' id='word_1_436' title='bbox 1562 2438 1642 2474; x_wconf 85' lang='lat' dir='ltr'>suis,</span> 
     </span>
     <span class='ocr_line' id='line_1_63' title="bbox 947 2479 1642 2520; baseline 0.003 -12"><span class='ocrx_word' id='word_1_437' title='bbox 947 2479 1040 2518; x_wconf 81' lang='lat' dir='ltr'>idque</span> <span class='ocrx_word' id='word_1_438' title='bbox 1057 2481 1273 2510; x_wconf 78' lang='lat' dir='ltr'>necessarium</span> <span class='ocrx_word' id='word_1_439' title='bbox 1284 2481 1431 2520; x_wconf 80' lang='lat' dir='ltr'>putabat.</span> <span class='ocrx_word' id='word_1_440' title='bbox 1447 2481 1586 2511; x_wconf 85' lang='lat' dir='ltr'>frustra:</span> <span class='ocrx_word' id='word_1_441' title='bbox 1604 2484 1642 2510; x_wconf 83' lang='lat' dir='ltr'>ut</span> 
     </span>
     <span class='ocr_line' id='line_1_64' title="bbox 947 2521 1369 2560; baseline 0.007 -10"><span class='ocrx_word' id='word_1_442' title='bbox 947 2521 1028 2551; x_wconf 76' lang='lat' dir='ltr'>bene</span> <span class='ocrx_word' id='word_1_443' title='bbox 1038 2522 1199 2560; x_wconf 81' lang='lat' dir='ltr'>judicavit</span> <span class='ocrx_word' id='word_1_444' title='bbox 1213 2523 1369 2553; x_wconf 85' lang='lat' dir='ltr'>Graevius.</span> 
     </span>
    </p>

    <p class='ocr_par' dir='ltr' id='par_1_11' title="bbox 942 2563 1643 2859">
     <span class='ocr_line' id='line_1_65' title="bbox 987 2563 1641 2604; baseline 0.002 -11"><span class='ocrx_word' id='word_1_445' title='bbox 987 2566 1026 2597; x_wconf 74' lang='grc'>27</span> <span class='ocrx_word' id='word_1_446' title='bbox 1042 2565 1141 2604; x_wconf 66' lang='lat' dir='ltr'>Quod</span> <span class='ocrx_word' id='word_1_447' title='bbox 1155 2566 1246 2594; x_wconf 76' lang='lat' dir='ltr'>haud</span> <span class='ocrx_word' id='word_1_448' title='bbox 1257 2567 1320 2595; x_wconf 74' lang='lat' dir='ltr'>scio</span> <span class='ocrx_word' id='word_1_449' title='bbox 1334 2575 1379 2595; x_wconf 87' lang='lat' dir='ltr'>an</span> <span class='ocrx_word' id='word_1_450' title='bbox 1394 2564 1470 2604; x_wconf 85' lang='lat' dir='ltr'>&amp;c.]</span> <span class='ocrx_word' id='word_1_451' title='bbox 1489 2564 1565 2594; x_wconf 92' lang='lat' dir='ltr'>Non</span> <span class='ocrx_word' id='word_1_452' title='bbox 1580 2563 1641 2594; x_wconf 81' lang='lat' dir='ltr'>hoc</span> 
     </span>
     <span class='ocr_line' id='line_1_66' title="bbox 943 2605 1641 2645; baseline 0.001 -11"><span class='ocrx_word' id='word_1_453' title='bbox 943 2605 1023 2635; x_wconf 83' lang='lat' dir='ltr'>dicit</span> <span class='ocrx_word' id='word_1_454' title='bbox 1047 2611 1085 2635; x_wconf 90' lang='lat' dir='ltr'>ut</span> <span class='ocrx_word' id='word_1_455' title='bbox 1113 2606 1266 2637; x_wconf 84' lang='lat' dir='ltr'>dubitans</span> <span class='ocrx_word' id='word_1_456' title='bbox 1294 2617 1380 2645; x_wconf 84' lang='lat' dir='ltr'>vere,</span> <span class='ocrx_word' id='word_1_457' title='bbox 1401 2612 1439 2637; x_wconf 90' lang='lat' dir='ltr'>ut</span> <span class='ocrx_word' id='word_1_458' title='bbox 1463 2607 1569 2636; x_wconf 83' lang='lat' dir='ltr'>visum</span> <span class='ocrx_word' id='word_1_459' title='bbox 1590 2610 1641 2636; x_wconf 87' lang='lat' dir='ltr'>est</span> 
     </span>
     <span class='ocr_line' id='line_1_67' title="bbox 943 2647 1643 2679; baseline 0.003 -2"><span class='ocrx_word' id='word_1_460' title='bbox 943 2647 1098 2678; x_wconf 81' lang='lat' dir='ltr'>Abramio</span> <span class='ocrx_word' id='word_1_461' title='bbox 1115 2650 1171 2678; x_wconf 69' lang='grc' dir='ltr'>διο.</span> <span class='ocrx_word' id='word_1_462' title='bbox 1185 2648 1240 2678; x_wconf 84' lang='lat' dir='ltr'>sed</span> <span class='ocrx_word' id='word_1_463' title='bbox 1255 2649 1433 2679; x_wconf 82' lang='lat' dir='ltr'>adfirmans</span> <span class='ocrx_word' id='word_1_464' title='bbox 1447 2648 1594 2679; x_wconf 83' lang='lat' dir='ltr'>modeste</span> <span class='ocrx_word' id='word_1_465' title='bbox 1607 2652 1643 2679; x_wconf 87' lang='lat' dir='ltr'>et</span> 
     </span>
     <span class='ocr_line' id='line_1_68' title="bbox 943 2689 1639 2729; baseline 0.004 -11"><span class='ocrx_word' id='word_1_466' title='bbox 943 2689 1121 2729; x_wconf 74' lang='lat' dir='ltr'>eleganter.</span> <span class='ocrx_word' id='word_1_467' title='bbox 1149 2702 1176 2719; x_wconf 82' lang='lat' dir='ltr'>v.</span> <span class='ocrx_word' id='word_1_468' title='bbox 1200 2691 1290 2721; x_wconf 78' lang='lat' dir='ltr'>Clav.</span> <span class='ocrx_word' id='word_1_469' title='bbox 1328 2692 1447 2721; x_wconf 87' lang='lat' dir='ltr'>Sensus</span> <span class='ocrx_word' id='word_1_470' title='bbox 1468 2700 1545 2729; x_wconf 87' lang='lat' dir='ltr'>ergo</span> <span class='ocrx_word' id='word_1_471' title='bbox 1568 2694 1639 2721; x_wconf 83' lang='lat' dir='ltr'>est:</span> 
     </span>
     <span class='ocr_line' id='line_1_69' title="bbox 942 2731 1642 2770; baseline 0.003 -10"><span class='ocrx_word' id='word_1_472' title='bbox 942 2739 1039 2770; x_wconf 79' lang='lat' dir='ltr'>atque</span> <span class='ocrx_word' id='word_1_473' title='bbox 1064 2731 1125 2762; x_wconf 88' lang='lat' dir='ltr'>hoc</span> <span class='ocrx_word' id='word_1_474' title='bbox 1140 2733 1224 2763; x_wconf 81' lang='lat' dir='ltr'>idem</span> <span class='ocrx_word' id='word_1_475' title='bbox 1241 2733 1279 2763; x_wconf 84' lang='lat' dir='ltr'>(le</span> <span class='ocrx_word' id='word_1_476' title='bbox 1295 2733 1486 2764; x_wconf 86' lang='lat' dir='ltr'>criminibus</span> <span class='ocrx_word' id='word_1_477' title='bbox 1508 2732 1549 2763; x_wconf 83' lang='lat' dir='ltr'>ad</span> <span class='ocrx_word' id='word_1_478' title='bbox 1571 2741 1642 2762; x_wconf 87' lang='lat' dir='ltr'>am-</span> 
     </span>
     <span class='ocr_line' id='line_1_70' title="bbox 943 2773 1642 2817; baseline 0.004 -16"><span class='ocrx_word' id='word_1_479' title='bbox 943 2773 1050 2804; x_wconf 84' lang='lat' dir='ltr'>bitum</span> <span class='ocrx_word' id='word_1_480' title='bbox 1062 2775 1302 2814; x_wconf 76' lang='lat' dir='ltr'>pertinentibus</span> <span class='ocrx_word' id='word_1_481' title='bbox 1317 2774 1579 2817; x_wconf 85' lang='lat' dir='ltr'>respondendum</span> <span class='ocrx_word' id='word_1_482' title='bbox 1590 2778 1642 2805; x_wconf 82' lang='lat' dir='ltr'>est</span> 
     </span>
     <span class='ocr_line' id='line_1_71' title="bbox 942 2817 1314 2859; baseline 0.008 -13"><span class='ocrx_word' id='word_1_483' title='bbox 942 2821 976 2846; x_wconf 81' lang='lat' dir='ltr'>et</span> <span class='ocrx_word' id='word_1_484' title='bbox 992 2817 1178 2856; x_wconf 80' lang='lat' dir='ltr'>responderi</span> <span class='ocrx_word' id='word_1_485' title='bbox 1193 2822 1314 2859; x_wconf 81' lang='lat' dir='ltr'>potest.</span> 
     </span>
    </p>
   </div>
  </div>
 </body>
</html>
