<?xml version="1.0" encoding="UTF-8"?>
<!DOCTYPE html PUBLIC "-//W3C//DTD XHTML 1.0 Transitional//EN"
    "http://www.w3.org/TR/xhtml1/DTD/xhtml1-transitional.dtd">
<html xmlns="http://www.w3.org/1999/xhtml" xml:lang="en" lang="en">
 <head>
  <title>
</title>
<meta http-equiv="Content-Type" content="text/html;charset=utf-8" />
  <meta name='ocr-system' content='tesseract 3.04.00' />
  <meta name='ocr-capabilities' content='ocr_page ocr_carea ocr_par ocr_line ocrx_word'/>
</head>
<body>
  <div class='ocr_page' id='page_1' title='image "./p2operaomnia02ciceuoft_0724.png"; bbox 0 0 1785 3185; ppageno 0'>
   <div class='ocr_carea' id='block_1_1' title="bbox 223 68 1053 107">
    <p class='ocr_par' dir='ltr' id='par_1_1' title="bbox 223 68 1053 107">
     <span class='ocr_line' id='line_1_1' title="bbox 223 68 1053 107; baseline 0.004 -3"><span class='ocrx_word' id='word_1_1' title='bbox 223 70 320 104; x_wconf 76' lang='lat'>1438</span> <span class='ocrx_word' id='word_1_2' title='bbox 805 68 1053 107; x_wconf 86' lang='lat' dir='ltr'>ORATIO</span> 
     </span>
    </p>
   </div>
   <div class='ocr_carea' id='block_1_2' title="bbox 170 168 1666 2095">
    <p class='ocr_par' dir='ltr' id='par_1_2' title="bbox 170 168 1652 1357">
     <span class='ocr_line' id='line_1_2' title="bbox 224 168 1639 227; baseline 0.002 -19"><span class='ocrx_word' id='word_1_3' title='bbox 224 168 349 208; x_wconf 84' lang='lat' dir='ltr'>nimis</span> <span class='ocrx_word' id='word_1_4' title='bbox 373 169 496 209; x_wconf 84' lang='lat' dir='ltr'>rebus</span> <span class='ocrx_word' id='word_1_5' title='bbox 519 169 664 223; x_wconf 79' lang='lat' dir='ltr'>gestis,</span> <span class='ocrx_word' id='word_1_6' title='bbox 688 178 760 210; x_wconf 83' lang='lat' dir='ltr'>aut</span> <span class='ocrx_word' id='word_1_7' title='bbox 782 171 1030 227; x_wconf 85' lang='lat' dir='ltr'>plerumque</span> <span class='ocrx_word' id='word_1_8' title='bbox 1064 171 1216 214; x_wconf 85' lang='lat' dir='ltr'>nullis?</span> <span class='ocrx_word' id='word_1_9' title='bbox 1249 171 1540 218; x_wconf 85' lang='lat' dir='ltr'><strong>Quamobrem</strong></span> <span class='ocrx_word' id='word_1_10' title='bbox 1565 178 1639 212; x_wconf 74' lang='lat' dir='ltr'>aut,</span> 
     </span>
     <span class='ocr_line' id='line_1_3' title="bbox 182 225 1635 280; baseline 0 -14"><span class='ocrx_word' id='word_1_11' title='bbox 182 225 481 280; x_wconf 80' lang='lat' dir='ltr'>b.supplicati0</span> <span class='ocrx_word' id='word_1_12' title='bbox 504 227 557 265; x_wconf 82' lang='lat' dir='ltr'>ab</span> <span class='ocrx_word' id='word_1_13' title='bbox 579 240 644 276; x_wconf 91' lang='lat' dir='ltr'>eo,</span> <span class='ocrx_word' id='word_1_14' title='bbox 666 227 737 280; x_wconf 82' lang='lat' dir='ltr'>qui</span> <span class='ocrx_word' id='word_1_15' title='bbox 761 239 857 268; x_wconf 84' lang='lat' dir='ltr'>ante</span> <span class='ocrx_word' id='word_1_16' title='bbox 879 229 1006 278; x_wconf 80' lang='lat' dir='ltr'>dixit,</span> <span class='ocrx_word' id='word_1_17' title='bbox 1030 229 1294 270; x_wconf 86' lang='lat' dir='ltr'>decernenda</span> <span class='ocrx_word' id='word_1_18' title='bbox 1316 243 1399 269; x_wconf 89' lang='lat' dir='ltr'>non</span> <span class='ocrx_word' id='word_1_19' title='bbox 1426 227 1530 269; x_wconf 87' lang='lat' dir='ltr'>fuit:</span> <span class='ocrx_word' id='word_1_20' title='bbox 1562 237 1635 268; x_wconf 81' lang='lat' dir='ltr'>aut</span> 
     </span>
     <span class='ocr_line' id='line_1_4' title="bbox 228 282 1635 340; baseline 0.001 -18"><span class='ocrx_word' id='word_1_21' title='bbox 228 283 406 322; x_wconf 79' lang='lat' dir='ltr'>usitatus</span> <span class='ocrx_word' id='word_1_22' title='bbox 431 282 580 331; x_wconf 76' lang='lat' dir='ltr'>bonos,</span> <span class='ocrx_word' id='word_1_23' title='bbox 605 283 963 339; x_wconf 75' lang='lat' dir='ltr'>pervulgatusque</span> <span class='ocrx_word' id='word_1_24' title='bbox 986 287 1232 327; x_wconf 80' lang='lat' dir='ltr'>tribuendus</span> <span class='ocrx_word' id='word_1_25' title='bbox 1256 285 1488 340; x_wconf 83' lang='lat' dir='ltr'>iis,quibus</span> <span class='ocrx_word' id='word_1_26' title='bbox 1507 284 1635 324; x_wconf 89' lang='lat' dir='ltr'>etiam</span> 
     </span>
     <span class='ocr_line' id='line_1_5' title="bbox 182 338 1638 397; baseline 0.001 -20"><span class='ocrx_word' id='word_1_27' title='bbox 182 338 214 386; x_wconf 76' lang='grc'>,5</span> <span class='ocrx_word' id='word_1_28' title='bbox 230 339 325 378; x_wconf 84' lang='lat' dir='ltr'>novi</span> <span class='ocrx_word' id='word_1_29' title='bbox 349 350 391 378; x_wconf 86' lang='lat' dir='ltr'>ct</span> <span class='ocrx_word' id='word_1_30' title='bbox 413 339 644 393; x_wconf 73' lang='lat' dir='ltr'>singulares</span> <span class='ocrx_word' id='word_1_31' title='bbox 667 340 888 381; x_wconf 87' lang='lat' dir='ltr'>debentur.</span> <span class='ocrx_word' id='word_1_32' title='bbox 947 342 1006 382; x_wconf 85' lang='lat' dir='ltr'>At</span> <span class='ocrx_word' id='word_1_33' title='bbox 1040 343 1071 382; x_wconf 87' lang='lat' dir='ltr'>si</span> <span class='ocrx_word' id='word_1_34' title='bbox 1106 345 1200 397; x_wconf 84' lang='lat' dir='ltr'>quis</span> <span class='ocrx_word' id='word_1_35' title='bbox 1235 342 1543 397; x_wconf 78' lang='lat' dir='ltr'>Hispanorum,</span> <span class='ocrx_word' id='word_1_36' title='bbox 1565 350 1638 380; x_wconf 83' lang='lat' dir='ltr'>aut</span> 
     </span>
     <span class='ocr_line' id='line_1_6' title="bbox 170 394 1635 447; baseline 0.001 -13"><span class='ocrx_word' id='word_1_37' title='bbox 170 409 213 441; x_wconf 63' lang='grc' dir='ltr'>χρ</span> <span class='ocrx_word' id='word_1_38' title='bbox 230 394 466 444; x_wconf 76' lang='lat' dir='ltr'>Gallorum,</span> <span class='ocrx_word' id='word_1_39' title='bbox 484 406 557 435; x_wconf 81' lang='lat' dir='ltr'>aut</span> <span class='ocrx_word' id='word_1_40' title='bbox 575 394 787 437; x_wconf 82' lang='lat' dir='ltr'>Thracum</span> <span class='ocrx_word' id='word_1_41' title='bbox 807 398 934 447; x_wconf 88' lang='lat' dir='ltr'>mille,</span> <span class='ocrx_word' id='word_1_42' title='bbox 956 408 1029 438; x_wconf 81' lang='lat' dir='ltr'>aut</span> <span class='ocrx_word' id='word_1_43' title='bbox 1049 399 1134 439; x_wconf 89' lang='lat' dir='ltr'>duo</span> <span class='ocrx_word' id='word_1_44' title='bbox 1146 394 1276 439; x_wconf 85' lang='lat' dir='ltr'>millia</span> <span class='ocrx_word' id='word_1_45' title='bbox 1296 398 1537 446; x_wconf 79' lang='lat' dir='ltr'>occidisset,</span> <span class='ocrx_word' id='word_1_46' title='bbox 1551 411 1635 436; x_wconf 89' lang='lat' dir='ltr'>non</span> 
     </span>
     <span class='ocr_line' id='line_1_7' title="bbox 227 451 1640 510; baseline -0.001 -17"><span class='ocrx_word' id='word_1_47' title='bbox 227 466 321 493; x_wconf 87' lang='lat' dir='ltr'>eum</span> <span class='ocrx_word' id='word_1_48' title='bbox 348 451 424 492; x_wconf 83' lang='lat' dir='ltr'>hac</span> <span class='ocrx_word' id='word_1_49' title='bbox 449 454 769 501; x_wconf 79' lang='lat' dir='ltr'>consuetudine,</span> <span class='ocrx_word' id='word_1_50' title='bbox 792 469 886 508; x_wconf 84' lang='lat' dir='ltr'>quae</span> <span class='ocrx_word' id='word_1_51' title='bbox 910 455 1154 504; x_wconf 78' lang='lat' dir='ltr'>increbruit,</span> <span class='ocrx_word' id='word_1_52' title='bbox 1178 455 1472 510; x_wconf 76' lang='lat' dir='ltr'>imperatorem</span> <span class='ocrx_word' id='word_1_53' title='bbox 1497 453 1640 508; x_wconf 85' lang='lat' dir='ltr'>appel-</span> 
     </span>
     <span class='ocr_line' id='line_1_8' title="bbox 228 509 1642 564; baseline 0 -15"><span class='ocrx_word' id='word_1_54' title='bbox 228 509 330 549; x_wconf 87' lang='lat' dir='ltr'>laret</span> <span class='ocrx_word' id='word_1_55' title='bbox 366 512 562 550; x_wconf 83' lang='lat' dir='ltr'>senatus?</span> <span class='ocrx_word' id='word_1_56' title='bbox 595 518 658 548; x_wconf 87' lang='lat' dir='ltr'>tot</span> <span class='ocrx_word' id='word_1_57' title='bbox 690 509 929 564; x_wconf 82' lang='lat' dir='ltr'>legionibus</span> <span class='ocrx_word' id='word_1_58' title='bbox 959 512 1096 562; x_wconf 80' lang='lat' dir='ltr'>caesis,</span> <span class='ocrx_word' id='word_1_59' title='bbox 1126 521 1245 551; x_wconf 87' lang='lat' dir='ltr'>tanta</span> <span class='ocrx_word' id='word_1_60' title='bbox 1273 510 1544 550; x_wconf 86' lang='lat' dir='ltr'>multitudine</span> <span class='ocrx_word' id='word_1_61' title='bbox 1578 510 1642 549; x_wconf 88' lang='lat' dir='ltr'>in-</span> 
     </span>
     <span class='ocr_line' id='line_1_9' title="bbox 229 565 1642 623; baseline 0.001 -18"><span class='ocrx_word' id='word_1_62' title='bbox 229 565 419 614; x_wconf 85' lang='lat' dir='ltr'>terfecta,</span> <span class='ocrx_word' id='word_1_63' title='bbox 451 565 633 605; x_wconf 82' lang='lat' dir='ltr'>bostium</span> <span class='ocrx_word' id='word_1_64' title='bbox 659 566 780 618; x_wconf 64' lang='lat' dir='ltr'>dico,</span> <span class='ocrx_word' id='word_1_65' title='bbox 814 567 872 607; x_wconf 90' lang='lat' dir='ltr'>ita</span> <span class='ocrx_word' id='word_1_66' title='bbox 898 568 1087 623; x_wconf 83' lang='lat' dir='ltr'>iuquam,</span> <span class='ocrx_word' id='word_1_67' title='bbox 1121 568 1322 616; x_wconf 83' lang='lat' dir='ltr'>hostium,</span> <span class='ocrx_word' id='word_1_68' title='bbox 1344 567 1537 622; x_wconf 85' lang='lat' dir='ltr'>quamvis</span> <span class='ocrx_word' id='word_1_69' title='bbox 1559 565 1642 606; x_wconf 86' lang='lat' dir='ltr'>hoc</span> 
     </span>
     <span class='ocr_line' id='line_1_10' title="bbox 231 621 1643 678; baseline 0 -16"><span class='ocrx_word' id='word_1_70' title='bbox 231 622 298 663; x_wconf 79' lang='lat' dir='ltr'>isti</span> <span class='ocrx_word' id='word_1_71' title='bbox 339 621 479 662; x_wconf 82' lang='lat' dir='ltr'>hostes</span> <span class='ocrx_word' id='word_1_72' title='bbox 517 623 738 663; x_wconf 76' lang='lat' dir='ltr'>domestici</span> <span class='ocrx_word' id='word_1_73' title='bbox 782 623 933 673; x_wconf 82' lang='lat' dir='ltr'>nolint,</span> <span class='ocrx_word' id='word_1_74' title='bbox 985 625 1227 665; x_wconf 85' lang='lat' dir='ltr'>clarissimis</span> <span class='ocrx_word' id='word_1_75' title='bbox 1261 624 1441 664; x_wconf 78' lang='lat' dir='ltr'>ducibus</span> <span class='ocrx_word' id='word_1_76' title='bbox 1483 622 1643 678; x_wconf 87' lang='lat' dir='ltr'>suppli-</span> 
     </span>
     <span class='ocr_line' id='line_1_11' title="bbox 233 678 1644 736; baseline -0.001 -17"><span class='ocrx_word' id='word_1_77' title='bbox 233 679 448 719; x_wconf 78' lang='lat' dir='ltr'>cationum</span> <span class='ocrx_word' id='word_1_78' title='bbox 476 678 678 719; x_wconf 87' lang='lat' dir='ltr'>bonorem</span> <span class='ocrx_word' id='word_1_79' title='bbox 705 680 951 731; x_wconf 81' lang='lat' dir='ltr'>tribuemus,</span> <span class='ocrx_word' id='word_1_80' title='bbox 976 681 1276 736; x_wconf 81' lang='lat' dir='ltr'>imperatorum</span> <span class='ocrx_word' id='word_1_81' title='bbox 1309 694 1462 720; x_wconf 84' lang='lat' dir='ltr'>nomen</span> <span class='ocrx_word' id='word_1_82' title='bbox 1485 679 1644 720; x_wconf 81' lang='lat' dir='ltr'>adime-</span> 
     </span>
     <span class='ocr_line' id='line_1_12' title="bbox 235 734 1646 793; baseline -0.001 -18"><span class='ocrx_word' id='word_1_83' title='bbox 235 738 355 776; x_wconf 82' lang='lat' dir='ltr'>mus?</span> <span class='ocrx_word' id='word_1_84' title='bbox 388 736 562 781; x_wconf 79' lang='lat' dir='ltr'>Quanto</span> <span class='ocrx_word' id='word_1_85' title='bbox 595 736 707 775; x_wconf 88' lang='lat' dir='ltr'>enim</span> <span class='ocrx_word' id='word_1_86' title='bbox 742 736 918 784; x_wconf 87' lang='lat' dir='ltr'>honore,</span> <span class='ocrx_word' id='word_1_87' title='bbox 952 737 1116 787; x_wconf 67' lang='lat' dir='ltr'>laetitia,</span> <span class='ocrx_word' id='word_1_88' title='bbox 1156 737 1440 793; x_wconf 79' lang='lat' dir='ltr'>gratulatione</span> <span class='ocrx_word' id='word_1_89' title='bbox 1479 735 1519 774; x_wconf 91' lang='lat' dir='ltr'>in</span> <span class='ocrx_word' id='word_1_90' title='bbox 1564 734 1646 775; x_wconf 87' lang='lat' dir='ltr'>hoc</span> 
     </span>
     <span class='ocr_line' id='line_1_13' title="bbox 237 791 1643 849; baseline 0.001 -18"><span class='ocrx_word' id='word_1_91' title='bbox 237 791 441 846; x_wconf 87' lang='lat' dir='ltr'>templum</span> <span class='ocrx_word' id='word_1_92' title='bbox 480 792 642 847; x_wconf 78' lang='lat' dir='ltr'>ingredi</span> <span class='ocrx_word' id='word_1_93' title='bbox 677 793 835 833; x_wconf 85' lang='lat' dir='ltr'>debent</span> <span class='ocrx_word' id='word_1_94' title='bbox 867 793 923 834; x_wconf 93' lang='lat' dir='ltr'>illi</span> <span class='ocrx_word' id='word_1_95' title='bbox 960 794 1040 849; x_wconf 87' lang='lat' dir='ltr'>ipsi</span> <span class='ocrx_word' id='word_1_96' title='bbox 1070 794 1194 848; x_wconf 78' lang='lat' dir='ltr'>hujus</span> <span class='ocrx_word' id='word_1_97' title='bbox 1227 793 1342 834; x_wconf 83' lang='lat' dir='ltr'>urbis</span> <span class='ocrx_word' id='word_1_98' title='bbox 1382 793 1643 841; x_wconf 77' lang='lat' dir='ltr'>liberatores,</span> 
     </span>
     <span class='ocr_line' id='line_1_14' title="bbox 236 848 1647 906; baseline -0.001 -17"><span class='ocrx_word' id='word_1_99' title='bbox 236 863 333 889; x_wconf 87' lang='lat' dir='ltr'>cum</span> <span class='ocrx_word' id='word_1_100' title='bbox 357 848 553 889; x_wconf 83' lang='lat' dir='ltr'>hesterno</span> <span class='ocrx_word' id='word_1_101' title='bbox 577 848 660 898; x_wconf 87' lang='lat' dir='ltr'>die,</span> <span class='ocrx_word' id='word_1_102' title='bbox 692 860 865 905; x_wconf 88' lang='lat' dir='ltr'>propter</span> <span class='ocrx_word' id='word_1_103' title='bbox 897 865 1040 891; x_wconf 89' lang='lat' dir='ltr'>eorum</span> <span class='ocrx_word' id='word_1_104' title='bbox 1079 865 1140 890; x_wconf 88' lang='lat' dir='ltr'>res</span> <span class='ocrx_word' id='word_1_105' title='bbox 1174 860 1314 906; x_wconf 83' lang='lat' dir='ltr'>gestas</span> <span class='ocrx_word' id='word_1_106' title='bbox 1346 863 1412 889; x_wconf 90' lang='lat' dir='ltr'>me</span> <span class='ocrx_word' id='word_1_107' title='bbox 1433 857 1647 897; x_wconf 82' lang='lat' dir='ltr'>ovantem,</span> 
     </span>
     <span class='ocr_line' id='line_1_15' title="bbox 237 904 1648 962; baseline -0.001 -17"><span class='ocrx_word' id='word_1_108' title='bbox 237 914 279 945; x_wconf 86' lang='lat' dir='ltr'>et</span> <span class='ocrx_word' id='word_1_109' title='bbox 304 917 433 960; x_wconf 80' lang='lat' dir='ltr'>prope</span> <span class='ocrx_word' id='word_1_110' title='bbox 468 905 817 960; x_wconf 76' lang='lat' dir='ltr'>triumphantem,</span> <span class='ocrx_word' id='word_1_111' title='bbox 842 907 1023 962; x_wconf 86' lang='lat' dir='ltr'>populus</span> <span class='ocrx_word' id='word_1_112' title='bbox 1058 906 1276 948; x_wconf 88' lang='lat' dir='ltr'>Romanus</span> <span class='ocrx_word' id='word_1_113' title='bbox 1315 907 1354 947; x_wconf 91' lang='lat' dir='ltr'>in</span> <span class='ocrx_word' id='word_1_114' title='bbox 1385 904 1648 960; x_wconf 85' lang='lat' dir='ltr'>Capitolium</span> 
     </span>
     <span class='ocr_line' id='line_1_16' title="bbox 179 961 1650 1011; baseline 0.001 -12"><span class='ocrx_word' id='word_1_115' title='bbox 179 967 224 1000; x_wconf 80' lang='lat'>13</span> <span class='ocrx_word' id='word_1_116' title='bbox 238 961 365 1002; x_wconf 88' lang='lat' dir='ltr'>domo</span> <span class='ocrx_word' id='word_1_117' title='bbox 391 961 546 1011; x_wconf 88' lang='lat' dir='ltr'>tulerit,</span> <span class='ocrx_word' id='word_1_118' title='bbox 565 962 740 1002; x_wconf 87' lang='lat' dir='ltr'>domum</span> <span class='ocrx_word' id='word_1_119' title='bbox 768 963 864 1003; x_wconf 88' lang='lat' dir='ltr'>inde</span> <span class='ocrx_word' id='word_1_120' title='bbox 889 964 1128 1005; x_wconf 82' lang='lat' dir='ltr'>reduxerit?</span> <span class='ocrx_word' id='word_1_121' title='bbox 1161 963 1203 1004; x_wconf 79' lang='lat' dir='ltr'>Is</span> <span class='ocrx_word' id='word_1_122' title='bbox 1232 963 1345 1004; x_wconf 87' lang='lat' dir='ltr'>enim</span> <span class='ocrx_word' id='word_1_123' title='bbox 1379 963 1550 1003; x_wconf 87' lang='lat' dir='ltr'>demum</span> <span class='ocrx_word' id='word_1_124' title='bbox 1572 970 1650 1011; x_wconf 86' lang='lat' dir='ltr'>est,</span> 
     </span>
     <span class='ocr_line' id='line_1_17' title="bbox 236 1019 1652 1076; baseline -0.001 -18"><span class='ocrx_word' id='word_1_125' title='bbox 236 1032 330 1058; x_wconf 88' lang='lat' dir='ltr'>mea</span> <span class='ocrx_word' id='word_1_126' title='bbox 348 1019 517 1074; x_wconf 83' lang='lat' dir='ltr'>quidem</span> <span class='ocrx_word' id='word_1_127' title='bbox 539 1020 920 1073; x_wconf 78' lang='lat' dir='ltr'>sententia,justus</span> <span class='ocrx_word' id='word_1_128' title='bbox 946 1020 1184 1076; x_wconf 83' lang='lat' dir='ltr'>triumphus</span> <span class='ocrx_word' id='word_1_129' title='bbox 1207 1036 1255 1061; x_wconf 88' lang='lat' dir='ltr'>ac</span> <span class='ocrx_word' id='word_1_130' title='bbox 1271 1035 1405 1069; x_wconf 78' lang='lat' dir='ltr'>verns,</span> <span class='ocrx_word' id='word_1_131' title='bbox 1423 1033 1520 1060; x_wconf 89' lang='lat' dir='ltr'>cum</span> <span class='ocrx_word' id='word_1_132' title='bbox 1546 1019 1652 1059; x_wconf 83' lang='lat' dir='ltr'>bene</span> 
     </span>
     <span class='ocr_line' id='line_1_18' title="bbox 235 1074 1651 1130; baseline 0 -16"><span class='ocrx_word' id='word_1_133' title='bbox 235 1074 287 1115; x_wconf 88' lang='lat' dir='ltr'>de</span> <span class='ocrx_word' id='word_1_134' title='bbox 311 1075 526 1130; x_wconf 83' lang='lat' dir='ltr'>republica</span> <span class='ocrx_word' id='word_1_135' title='bbox 560 1075 721 1116; x_wconf 84' lang='lat' dir='ltr'>meritis</span> <span class='ocrx_word' id='word_1_136' title='bbox 752 1077 1042 1117; x_wconf 80' lang='lat' dir='ltr'>testimonium</span> <span class='ocrx_word' id='word_1_137' title='bbox 1077 1092 1101 1117; x_wconf 86' lang='lat' dir='ltr'>a</span> <span class='ocrx_word' id='word_1_138' title='bbox 1122 1091 1328 1118; x_wconf 83' lang='lat' dir='ltr'>consensu</span> <span class='ocrx_word' id='word_1_139' title='bbox 1358 1076 1544 1116; x_wconf 84' lang='lat' dir='ltr'>civitatis</span> <span class='ocrx_word' id='word_1_140' title='bbox 1575 1075 1651 1114; x_wconf 89' lang='lat' dir='ltr'>da-</span> 
     </span>
     <span class='ocr_line' id='line_1_19' title="bbox 238 1132 1650 1189; baseline -0.001 -18"><span class='ocrx_word' id='word_1_141' title='bbox 238 1141 317 1171; x_wconf 91' lang='lat' dir='ltr'>tur.</span> <span class='ocrx_word' id='word_1_142' title='bbox 341 1145 435 1172; x_wconf 89' lang='lat' dir='ltr'>nam</span> <span class='ocrx_word' id='word_1_143' title='bbox 460 1132 547 1172; x_wconf 84' lang='lat' dir='ltr'>sive</span> <span class='ocrx_word' id='word_1_144' title='bbox 580 1132 621 1172; x_wconf 88' lang='lat' dir='ltr'>in</span> <span class='ocrx_word' id='word_1_145' title='bbox 653 1133 870 1172; x_wconf 87' lang='lat' dir='ltr'>communi</span> <span class='ocrx_word' id='word_1_146' title='bbox 894 1134 1051 1188; x_wconf 88' lang='lat' dir='ltr'>gaudio</span> <span class='ocrx_word' id='word_1_147' title='bbox 1081 1134 1224 1189; x_wconf 86' lang='lat' dir='ltr'>populi</span> <span class='ocrx_word' id='word_1_148' title='bbox 1254 1132 1435 1173; x_wconf 80' lang='lat' dir='ltr'>Romani</span> <span class='ocrx_word' id='word_1_149' title='bbox 1460 1132 1530 1172; x_wconf 90' lang='lat' dir='ltr'>uni</span> <span class='ocrx_word' id='word_1_150' title='bbox 1553 1145 1650 1186; x_wconf 84' lang='lat' dir='ltr'>gra-</span> 
     </span>
     <span class='ocr_line' id='line_1_20' title="bbox 236 1187 1649 1245; baseline -0.001 -17"><span class='ocrx_word' id='word_1_151' title='bbox 236 1187 496 1238; x_wconf 86' lang='lat' dir='ltr'>tulabantur,</span> <span class='ocrx_word' id='word_1_152' title='bbox 521 1202 724 1243; x_wconf 84' lang='lat' dir='ltr'>magnum</span> <span class='ocrx_word' id='word_1_153' title='bbox 751 1189 963 1244; x_wconf 82' lang='lat' dir='ltr'>judicium</span> <span class='ocrx_word' id='word_1_154' title='bbox 986 1208 994 1231; x_wconf 89' lang='grc'>;</span> <span class='ocrx_word' id='word_1_155' title='bbox 1033 1193 1066 1224; x_wconf 87' lang='lat'>¹9</span> <span class='ocrx_word' id='word_1_156' title='bbox 1081 1191 1168 1231; x_wconf 83' lang='lat' dir='ltr'>sive</span> <span class='ocrx_word' id='word_1_157' title='bbox 1195 1190 1351 1245; x_wconf 84' lang='lat' dir='ltr'>gratias</span> <span class='ocrx_word' id='word_1_158' title='bbox 1377 1189 1577 1244; x_wconf 81' lang='lat' dir='ltr'>agebant,</span> <span class='ocrx_word' id='word_1_159' title='bbox 1599 1202 1649 1228; x_wconf 85' lang='lat' dir='ltr'>eo</span> 
     </span>
     <span class='ocr_line' id='line_1_21' title="bbox 233 1244 1651 1302; baseline 0 -17"><span class='ocrx_word' id='word_1_160' title='bbox 233 1244 396 1299; x_wconf 82' lang='lat' dir='ltr'>majus:</span> <span class='ocrx_word' id='word_1_161' title='bbox 449 1245 537 1285; x_wconf 70' lang='lat' dir='ltr'>six-e</span> <span class='ocrx_word' id='word_1_162' title='bbox 582 1255 823 1301; x_wconf 84' lang='lat' dir='ltr'>utrumque,</span> <span class='ocrx_word' id='word_1_163' title='bbox 868 1246 973 1287; x_wconf 86' lang='lat' dir='ltr'>nihil</span> <span class='ocrx_word' id='word_1_164' title='bbox 1026 1247 1369 1302; x_wconf 84' lang='lat' dir='ltr'>magnificentius</span> <span class='ocrx_word' id='word_1_165' title='bbox 1413 1244 1651 1300; x_wconf 81' lang='lat' dir='ltr'>excogitari</span> 
     </span>
     <span class='ocr_line' id='line_1_22' title="bbox 234 1311 390 1357; baseline -0.006 -16"><span class='ocrx_word' id='word_1_166' title='bbox 234 1311 390 1357; x_wconf 82' lang='lat' dir='ltr'>potest.</span> 
     </span>
    </p>

    <p class='ocr_par' dir='ltr' id='par_1_3' title="bbox 236 1357 1659 1642">
     <span class='ocr_line' id='line_1_23' title="bbox 290 1357 1653 1415; baseline 0.001 -18"><span class='ocrx_word' id='word_1_167' title='bbox 290 1357 354 1398; x_wconf 88' lang='lat' dir='ltr'>Tu</span> <span class='ocrx_word' id='word_1_168' title='bbox 377 1357 508 1413; x_wconf 80' lang='lat' dir='ltr'>igitur</span> <span class='ocrx_word' id='word_1_169' title='bbox 537 1358 628 1414; x_wconf 87' lang='lat' dir='ltr'>ipse</span> <span class='ocrx_word' id='word_1_170' title='bbox 661 1359 712 1400; x_wconf 90' lang='lat' dir='ltr'>de</span> <span class='ocrx_word' id='word_1_171' title='bbox 747 1361 816 1400; x_wconf 88' lang='lat' dir='ltr'>te?</span> <span class='ocrx_word' id='word_1_172' title='bbox 849 1360 1006 1400; x_wconf 77' lang='lat' dir='ltr'>dixerit</span> <span class='ocrx_word' id='word_1_173' title='bbox 1028 1360 1256 1415; x_wconf 85' lang='lat' dir='ltr'>quispiam.</span> <span class='ocrx_word' id='word_1_174' title='bbox 1318 1359 1372 1400; x_wconf 88' lang='lat' dir='ltr'>Et</span> <span class='ocrx_word' id='word_1_175' title='bbox 1394 1359 1564 1414; x_wconf 86' lang='lat' dir='ltr'>quidem</span> <span class='ocrx_word' id='word_1_176' title='bbox 1589 1358 1653 1399; x_wconf 90' lang='lat' dir='ltr'>in-</span> 
     </span>
     <span class='ocr_line' id='line_1_24' title="bbox 236 1414 1658 1472; baseline 0.001 -18"><span class='ocrx_word' id='word_1_177' title='bbox 236 1414 348 1455; x_wconf 85' lang='lat' dir='ltr'>vitus</span> <span class='ocrx_word' id='word_1_178' title='bbox 366 1431 377 1455; x_wconf 67' lang='lat' dir='ltr'>2v</span> <span class='ocrx_word' id='word_1_179' title='bbox 407 1415 479 1455; x_wconf 85' lang='lat' dir='ltr'>sed</span> <span class='ocrx_word' id='word_1_180' title='bbox 502 1414 670 1470; x_wconf 82' lang='lat' dir='ltr'>injuriae</span> <span class='ocrx_word' id='word_1_181' title='bbox 705 1416 825 1457; x_wconf 85' lang='lat' dir='ltr'>dolor</span> <span class='ocrx_word' id='word_1_182' title='bbox 859 1417 960 1457; x_wconf 86' lang='lat' dir='ltr'>fecit</span> <span class='ocrx_word' id='word_1_183' title='bbox 991 1431 1071 1465; x_wconf 91' lang='lat' dir='ltr'>me,</span> <span class='ocrx_word' id='word_1_184' title='bbox 1103 1427 1256 1472; x_wconf 81' lang='lat' dir='ltr'>praeter</span> <span class='ocrx_word' id='word_1_185' title='bbox 1286 1415 1658 1465; x_wconf 81' lang='lat' dir='ltr'>consuetudinem,</span> 
     </span>
     <span class='ocr_line' id='line_1_25' title="bbox 242 1470 1657 1527; baseline 0.001 -17"><span class='ocrx_word' id='word_1_186' title='bbox 242 1470 492 1526; x_wconf 77' lang='lat' dir='ltr'>gloriosum.</span> <span class='ocrx_word' id='word_1_187' title='bbox 554 1472 709 1513; x_wconf 82' lang='lat' dir='ltr'>Nonne</span> <span class='ocrx_word' id='word_1_188' title='bbox 731 1474 831 1513; x_wconf 79' lang='lat' dir='ltr'>satis</span> <span class='ocrx_word' id='word_1_189' title='bbox 855 1484 932 1523; x_wconf 86' lang='lat' dir='ltr'>est,</span> <span class='ocrx_word' id='word_1_190' title='bbox 955 1474 1008 1513; x_wconf 87' lang='lat' dir='ltr'>ab</span> <span class='ocrx_word' id='word_1_191' title='bbox 1033 1474 1277 1514; x_wconf 84' lang='lat' dir='ltr'>hominibus</span> <span class='ocrx_word' id='word_1_192' title='bbox 1305 1473 1472 1513; x_wconf 84' lang='lat' dir='ltr'>virtutis</span> <span class='ocrx_word' id='word_1_193' title='bbox 1495 1472 1657 1527; x_wconf 79' lang='lat' dir='ltr'>ignaris-</span> 
     </span>
     <span class='ocr_line' id='line_1_26' title="bbox 243 1528 1656 1584; baseline 0.001 -17"><span class='ocrx_word' id='word_1_194' title='bbox 243 1528 426 1583; x_wconf 84' lang='lat' dir='ltr'>gratiam</span> <span class='ocrx_word' id='word_1_195' title='bbox 467 1529 574 1569; x_wconf 86' lang='lat' dir='ltr'>bene</span> <span class='ocrx_word' id='word_1_196' title='bbox 609 1530 866 1570; x_wconf 85' lang='lat' dir='ltr'>merentibus</span> <span class='ocrx_word' id='word_1_197' title='bbox 900 1545 982 1570; x_wconf 87' lang='lat' dir='ltr'>nou</span> <span class='ocrx_word' id='word_1_198' title='bbox 1016 1530 1188 1572; x_wconf 80' lang='lat' dir='ltr'>referri?</span> <span class='ocrx_word' id='word_1_199' title='bbox 1219 1530 1348 1570; x_wconf 89' lang='lat' dir='ltr'>etiam</span> <span class='ocrx_word' id='word_1_200' title='bbox 1387 1530 1428 1570; x_wconf 88' lang='lat' dir='ltr'>in</span> <span class='ocrx_word' id='word_1_201' title='bbox 1463 1543 1549 1579; x_wconf 84' lang='lat' dir='ltr'>eos,</span> <span class='ocrx_word' id='word_1_202' title='bbox 1582 1528 1656 1584; x_wconf 81' lang='lat' dir='ltr'>qui</span> 
     </span>
     <span class='ocr_line' id='line_1_27' title="bbox 249 1586 1659 1642; baseline 0.001 -19"><span class='ocrx_word' id='word_1_203' title='bbox 249 1599 396 1624; x_wconf 81' lang='lat' dir='ltr'>omnes</span> <span class='ocrx_word' id='word_1_204' title='bbox 419 1599 513 1625; x_wconf 85' lang='lat' dir='ltr'>suas</span> <span class='ocrx_word' id='word_1_205' title='bbox 536 1600 656 1626; x_wconf 84' lang='lat' dir='ltr'>curas</span> <span class='ocrx_word' id='word_1_206' title='bbox 681 1587 720 1626; x_wconf 88' lang='lat' dir='ltr'>in</span> <span class='ocrx_word' id='word_1_207' title='bbox 754 1587 999 1641; x_wconf 80' lang='lat' dir='ltr'>reipublicae</span> <span class='ocrx_word' id='word_1_208' title='bbox 1023 1587 1156 1627; x_wconf 83' lang='lat' dir='ltr'>salute</span> <span class='ocrx_word' id='word_1_209' title='bbox 1177 1587 1387 1642; x_wconf 85' lang='lat' dir='ltr'>defigunt,</span> <span class='ocrx_word' id='word_1_210' title='bbox 1411 1586 1569 1627; x_wconf 87' lang='lat' dir='ltr'>crimen</span> <span class='ocrx_word' id='word_1_211' title='bbox 1594 1587 1659 1626; x_wconf 79' lang='lat' dir='ltr'>in·</span> 
     </span>
    </p>

    <p class='ocr_par' dir='ltr' id='par_1_4' title="bbox 186 1641 1666 2095">
     <span class='ocr_line' id='line_1_28' title="bbox 186 1641 1660 1698; baseline 0.001 -18"><span class='ocrx_word' id='word_1_212' title='bbox 186 1653 232 1686; x_wconf 90' lang='lat'>14</span> <span class='ocrx_word' id='word_1_213' title='bbox 246 1641 442 1696; x_wconf 82' lang='lat' dir='ltr'>vidiaque</span> <span class='ocrx_word' id='word_1_214' title='bbox 471 1645 711 1696; x_wconf 66' lang='lat' dir='ltr'>quaeretur?</span> <span class='ocrx_word' id='word_1_215' title='bbox 744 1644 871 1684; x_wconf 82' lang='lat' dir='ltr'>Scitis</span> <span class='ocrx_word' id='word_1_216' title='bbox 913 1644 1027 1684; x_wconf 84' lang='lat' dir='ltr'>enim</span> <span class='ocrx_word' id='word_1_217' title='bbox 1063 1658 1135 1698; x_wconf 85' lang='lat' dir='ltr'>per</span> <span class='ocrx_word' id='word_1_218' title='bbox 1160 1643 1238 1684; x_wconf 86' lang='lat' dir='ltr'>hos</span> <span class='ocrx_word' id='word_1_219' title='bbox 1271 1644 1360 1684; x_wconf 83' lang='lat' dir='ltr'>dies</span> <span class='ocrx_word' id='word_1_220' title='bbox 1387 1642 1660 1683; x_wconf 73' lang='lat' dir='ltr'>20celeberri-</span> 
     </span>
     <span class='ocr_line' id='line_1_29' title="bbox 244 1698 1659 1755; baseline 0.001 -18"><span class='ocrx_word' id='word_1_221' title='bbox 244 1712 359 1738; x_wconf 88' lang='lat' dir='ltr'>mum</span> <span class='ocrx_word' id='word_1_222' title='bbox 385 1698 514 1739; x_wconf 82' lang='lat' dir='ltr'>fuisse</span> <span class='ocrx_word' id='word_1_223' title='bbox 547 1714 798 1750; x_wconf 81' lang='lat' dir='ltr'>sermonem,</span> <span class='ocrx_word' id='word_1_224' title='bbox 832 1715 900 1740; x_wconf 85' lang='lat' dir='ltr'>me</span> <span class='ocrx_word' id='word_1_225' title='bbox 932 1702 967 1731; x_wconf 63' lang='lat'>²¹</span> <span class='ocrx_word' id='word_1_226' title='bbox 987 1714 1058 1755; x_wconf 85' lang='lat' dir='ltr'>per</span> <span class='ocrx_word' id='word_1_227' title='bbox 1093 1699 1193 1741; x_wconf 89' lang='lat' dir='ltr'>Idus</span> <span class='ocrx_word' id='word_1_228' title='bbox 1217 1699 1446 1751; x_wconf 78' lang='lat' dir='ltr'>Quintiles,</span> <span class='ocrx_word' id='word_1_229' title='bbox 1465 1699 1536 1754; x_wconf 90' lang='lat' dir='ltr'>qui</span> <span class='ocrx_word' id='word_1_230' title='bbox 1570 1699 1659 1739; x_wconf 80' lang='lat' dir='ltr'>dies</span> 
     </span>
     <span class='ocr_line' id='line_1_30' title="bbox 245 1754 1661 1811; baseline 0.001 -17"><span class='ocrx_word' id='word_1_231' title='bbox 245 1754 373 1795; x_wconf 84' lang='lat' dir='ltr'>hodie</span> <span class='ocrx_word' id='word_1_232' title='bbox 404 1765 482 1804; x_wconf 86' lang='lat' dir='ltr'>est,</span> <span class='ocrx_word' id='word_1_233' title='bbox 515 1771 612 1796; x_wconf 88' lang='lat' dir='ltr'>cum</span> <span class='ocrx_word' id='word_1_234' title='bbox 648 1756 834 1798; x_wconf 83' lang='lat' dir='ltr'>fascibus</span> <span class='ocrx_word' id='word_1_235' title='bbox 867 1757 1183 1797; x_wconf 82' lang='lat' dir='ltr'>descensurum.</span> <span class='ocrx_word' id='word_1_236' title='bbox 1247 1757 1292 1797; x_wconf 84' lang='lat' dir='ltr'>ln</span> <span class='ocrx_word' id='word_1_237' title='bbox 1327 1756 1510 1811; x_wconf 84' lang='lat' dir='ltr'>aliquem</span> <span class='ocrx_word' id='word_1_238' title='bbox 1533 1756 1661 1797; x_wconf 89' lang='lat' dir='ltr'>credo</span> 
     </span>
     <span class='ocr_line' id='line_1_31' title="bbox 243 1810 1663 1867; baseline 0.001 -16"><span class='ocrx_word' id='word_1_239' title='bbox 243 1810 326 1852; x_wconf 88' lang='lat' dir='ltr'>hoc</span> <span class='ocrx_word' id='word_1_240' title='bbox 348 1811 642 1867; x_wconf 78' lang='lat' dir='ltr'>gladiatorem,</span> <span class='ocrx_word' id='word_1_241' title='bbox 665 1823 738 1853; x_wconf 82' lang='lat' dir='ltr'>aut</span> <span class='ocrx_word' id='word_1_242' title='bbox 771 1813 991 1863; x_wconf 84' lang='lat' dir='ltr'>latronem,</span> <span class='ocrx_word' id='word_1_243' title='bbox 1014 1823 1086 1854; x_wconf 84' lang='lat' dir='ltr'>aut</span> <span class='ocrx_word' id='word_1_244' title='bbox 1117 1813 1348 1854; x_wconf 82' lang='lat' dir='ltr'>Catilinam</span> <span class='ocrx_word' id='word_1_245' title='bbox 1381 1827 1471 1854; x_wconf 77' lang='lat' dir='ltr'>esse</span> <span class='ocrx_word' id='word_1_246' title='bbox 1493 1810 1663 1854; x_wconf 70' lang='lat' dir='ltr'>cons&#39;ut-</span> 
     </span>
     <span class='ocr_line' id='line_1_32' title="bbox 246 1869 1661 1926; baseline 0.001 -19"><span class='ocrx_word' id='word_1_247' title='bbox 246 1877 353 1918; x_wconf 86' lang='lat' dir='ltr'>tum,</span> <span class='ocrx_word' id='word_1_248' title='bbox 377 1883 461 1908; x_wconf 86' lang='lat' dir='ltr'>non</span> <span class='ocrx_word' id='word_1_249' title='bbox 486 1869 525 1908; x_wconf 88' lang='lat' dir='ltr'>in</span> <span class='ocrx_word' id='word_1_250' title='bbox 548 1883 661 1919; x_wconf 89' lang='lat' dir='ltr'>eum,</span> <span class='ocrx_word' id='word_1_251' title='bbox 684 1870 772 1924; x_wconf 85' lang='lat' dir='ltr'>qui,</span> <span class='ocrx_word' id='word_1_252' title='bbox 797 1884 847 1909; x_wconf 90' lang='lat' dir='ltr'>ne</span> <span class='ocrx_word' id='word_1_253' title='bbox 865 1871 966 1923; x_wconf 84' lang='lat' dir='ltr'>quid</span> <span class='ocrx_word' id='word_1_254' title='bbox 992 1870 1072 1911; x_wconf 90' lang='lat' dir='ltr'>tale</span> <span class='ocrx_word' id='word_1_255' title='bbox 1096 1870 1136 1910; x_wconf 93' lang='lat' dir='ltr'>in</span> <span class='ocrx_word' id='word_1_256' title='bbox 1161 1870 1378 1926; x_wconf 81' lang='lat' dir='ltr'>republica</span> <span class='ocrx_word' id='word_1_257' title='bbox 1396 1870 1484 1910; x_wconf 87' lang='lat' dir='ltr'>fieri</span> <span class='ocrx_word' id='word_1_258' title='bbox 1502 1878 1661 1925; x_wconf 86' lang='lat' dir='ltr'>posset,</span> 
     </span>
     <span class='ocr_line' id='line_1_33' title="bbox 245 1924 1663 1982; baseline 0.002 -18"><span class='ocrx_word' id='word_1_259' title='bbox 245 1924 448 1965; x_wconf 74' lang='lat' dir='ltr'>effecerit.</span> <span class='ocrx_word' id='word_1_260' title='bbox 484 1940 536 1965; x_wconf 87' lang='lat' dir='ltr'>an</span> <span class='ocrx_word' id='word_1_261' title='bbox 571 1937 618 1966; x_wconf 88' lang='lat' dir='ltr'>ut</span> <span class='ocrx_word' id='word_1_262' title='bbox 642 1941 738 1982; x_wconf 79' lang='lat' dir='ltr'>ego,</span> <span class='ocrx_word' id='word_1_263' title='bbox 761 1927 834 1982; x_wconf 87' lang='lat' dir='ltr'>qui</span> <span class='ocrx_word' id='word_1_264' title='bbox 870 1926 1098 1967; x_wconf 85' lang='lat' dir='ltr'>Catilinam</span> <span class='ocrx_word' id='word_1_265' title='bbox 1125 1927 1216 1967; x_wconf 77' lang='lat' dir='ltr'>liaec</span> <span class='ocrx_word' id='word_1_266' title='bbox 1241 1927 1485 1967; x_wconf 84' lang='lat' dir='ltr'>molientem</span> <span class='ocrx_word' id='word_1_267' title='bbox 1523 1935 1663 1967; x_wconf 86' lang='lat' dir='ltr'>sustu-</span> 
     </span>
     <span class='ocr_line' id='line_1_34' title="bbox 245 1980 1666 2038; baseline 0.002 -18"><span class='ocrx_word' id='word_1_268' title='bbox 245 1980 380 2031; x_wconf 85' lang='lat' dir='ltr'>lerim,</span> <span class='ocrx_word' id='word_1_269' title='bbox 414 1984 652 2032; x_wconf 77' lang='lat' dir='ltr'>everterim,</span> <span class='ocrx_word' id='word_1_270' title='bbox 686 1983 928 2033; x_wconf 76' lang='lat' dir='ltr'>afflixerim,</span> <span class='ocrx_word' id='word_1_271' title='bbox 959 1983 1048 2038; x_wconf 74' lang='lat' dir='ltr'>ipse</span> <span class='ocrx_word' id='word_1_272' title='bbox 1080 1983 1305 2024; x_wconf 74' lang='lat' dir='ltr'>existerem</span> <span class='ocrx_word' id='word_1_273' title='bbox 1339 1993 1511 2038; x_wconf 86' lang='lat' dir='ltr'>repente</span> <span class='ocrx_word' id='word_1_274' title='bbox 1545 1982 1666 2023; x_wconf 86' lang='lat' dir='ltr'>Cati-</span> 
     </span>
     <span class='ocr_line' id='line_1_35' title="bbox 248 2037 1666 2095; baseline 0.001 -18"><span class='ocrx_word' id='word_1_275' title='bbox 248 2037 359 2079; x_wconf 82' lang='lat' dir='ltr'>lina?</span> <span class='ocrx_word' id='word_1_276' title='bbox 392 2038 561 2084; x_wconf 82' lang='lat' dir='ltr'>Quibus</span> <span class='ocrx_word' id='word_1_277' title='bbox 580 2040 780 2095; x_wconf 81' lang='lat' dir='ltr'>auspiciis</span> <span class='ocrx_word' id='word_1_278' title='bbox 814 2040 916 2080; x_wconf 85' lang='lat' dir='ltr'>istos</span> <span class='ocrx_word' id='word_1_279' title='bbox 946 2040 1080 2080; x_wconf 77' lang='lat' dir='ltr'>fasces</span> <span class='ocrx_word' id='word_1_280' title='bbox 1109 2054 1245 2095; x_wconf 77' lang='lat' dir='ltr'>augur</span> <span class='ocrx_word' id='word_1_281' title='bbox 1265 2040 1531 2094; x_wconf 83' lang='lat' dir='ltr'>acciperem?</span> <span class='ocrx_word' id='word_1_282' title='bbox 1561 2054 1666 2094; x_wconf 91' lang='lat' dir='ltr'>qua-</span> 
     </span>
    </p>
   </div>
   <div class='ocr_carea' id='block_1_3' title="bbox 115 2093 1666 2152">
    <p class='ocr_par' dir='ltr' id='par_1_5' title="bbox 115 2093 1666 2152">
     <span class='ocr_line' id='line_1_36' title="bbox 115 2093 1666 2152; baseline 0.002 -18"><span class='ocrx_word' id='word_1_283' title='bbox 115 2093 370 2135; x_wconf 72' lang='lat' dir='ltr'>P·2G¹·teuus</span> <span class='ocrx_word' id='word_1_284' title='bbox 407 2094 635 2137; x_wconf 86' lang='lat' dir='ltr'>haberem?</span> <span class='ocrx_word' id='word_1_285' title='bbox 666 2097 734 2137; x_wconf 90' lang='lat' dir='ltr'>cui</span> <span class='ocrx_word' id='word_1_286' title='bbox 773 2097 1008 2137; x_wconf 79' lang='lat' dir='ltr'>traderem?</span> <span class='ocrx_word' id='word_1_287' title='bbox 1051 2097 1379 2152; x_wconf 82' lang='lat' dir='ltr'>Quemquamne</span> <span class='ocrx_word' id='word_1_288' title='bbox 1416 2096 1543 2136; x_wconf 85' lang='lat' dir='ltr'>fuisse</span> <span class='ocrx_word' id='word_1_289' title='bbox 1579 2106 1666 2137; x_wconf 87' lang='lat' dir='ltr'>tam</span> 
     </span>
    </p>
   </div>
   <div class='ocr_carea' id='block_1_4' title="bbox 247 2208 1706 2751">
    <p class='ocr_par' dir='ltr' id='par_1_6' title="bbox 247 2208 1706 2667">
     <span class='ocr_line' id='line_1_37' title="bbox 293 2208 1662 2250; baseline 0.002 -14"><span class='ocrx_word' id='word_1_290' title='bbox 293 2210 328 2240; x_wconf 80' lang='lat'>19</span> <span class='ocrx_word' id='word_1_291' title='bbox 349 2208 414 2236; x_wconf 76' lang='lat' dir='ltr'>sive</span> <span class='ocrx_word' id='word_1_292' title='bbox 438 2209 494 2237; x_wconf 74' lang='lat' dir='ltr'>uni</span> <span class='ocrx_word' id='word_1_293' title='bbox 517 2218 570 2246; x_wconf 66' lang='lat' dir='ltr'>gr.</span> <span class='ocrx_word' id='word_1_294' title='bbox 598 2208 643 2248; x_wconf 85' lang='lat' dir='ltr'>a.]</span> <span class='ocrx_word' id='word_1_295' title='bbox 683 2209 759 2245; x_wconf 70' lang='lat' dir='ltr'>Uni,</span> <span class='ocrx_word' id='word_1_296' title='bbox 776 2208 861 2247; x_wconf 79' lang='lat' dir='ltr'>qnod</span> <span class='ocrx_word' id='word_1_297' title='bbox 884 2209 938 2239; x_wconf 83' lang='lat' dir='ltr'>de·</span> <span class='ocrx_word' id='word_1_298' title='bbox 1023 2211 1060 2240; x_wconf 74' lang='lat'>‘21</span> <span class='ocrx_word' id='word_1_299' title='bbox 1081 2218 1142 2248; x_wconf 72' lang='lat' dir='ltr'>per</span> <span class='ocrx_word' id='word_1_300' title='bbox 1172 2210 1251 2240; x_wconf 74' lang='lat' dir='ltr'>Idus</span> <span class='ocrx_word' id='word_1_301' title='bbox 1276 2208 1453 2250; x_wconf 69' lang='lat' dir='ltr'>Quintiles]</span> <span class='ocrx_word' id='word_1_302' title='bbox 1495 2208 1567 2239; x_wconf 81' lang='lat' dir='ltr'>Hoc</span> <span class='ocrx_word' id='word_1_303' title='bbox 1592 2209 1662 2248; x_wconf 85' lang='lat' dir='ltr'>qui-</span> 
     </span>
     <span class='ocr_line' id='line_1_38' title="bbox 247 2249 1663 2290; baseline 0.001 -11"><span class='ocrx_word' id='word_1_304' title='bbox 247 2249 371 2279; x_wconf 59' lang='lat' dir='ltr'>leverat</span> <span class='ocrx_word' id='word_1_305' title='bbox 400 2249 573 2283; x_wconf 76' lang='lat' dir='ltr'>Ferrarius,</span> <span class='ocrx_word' id='word_1_306' title='bbox 599 2251 741 2281; x_wconf 69' lang='lat' dir='ltr'>restituit</span> <span class='ocrx_word' id='word_1_307' title='bbox 759 2251 934 2280; x_wconf 79' lang='lat' dir='ltr'>Gruterus:</span> <span class='ocrx_word' id='word_1_308' title='bbox 982 2250 1054 2281; x_wconf 84' lang='lat' dir='ltr'>dem</span> <span class='ocrx_word' id='word_1_309' title='bbox 1078 2252 1229 2281; x_wconf 73' lang='lat' dir='ltr'>vitiosum</span> <span class='ocrx_word' id='word_1_310' title='bbox 1257 2261 1336 2287; x_wconf 74' lang='lat' dir='ltr'>esse,</span> <span class='ocrx_word' id='word_1_311' title='bbox 1361 2260 1474 2281; x_wconf 75' lang='lat' dir='ltr'>onine3</span> <span class='ocrx_word' id='word_1_312' title='bbox 1497 2250 1663 2290; x_wconf 81' lang='lat' dir='ltr'>judicant,</span> 
     </span>
     <span class='ocr_line' id='line_1_39' title="bbox 251 2290 1664 2333; baseline 0.002 -14"><span class='ocrx_word' id='word_1_313' title='bbox 251 2301 319 2320; x_wconf 72' lang='lat' dir='ltr'>noi}</span> <span class='ocrx_word' id='word_1_314' title='bbox 332 2290 424 2320; x_wconf 81' lang='lat' dir='ltr'>bene.</span> <span class='ocrx_word' id='word_1_315' title='bbox 450 2301 525 2321; x_wconf 75' lang='lat' dir='ltr'>nam</span> <span class='ocrx_word' id='word_1_316' title='bbox 551 2298 583 2321; x_wconf 83' lang='lat' dir='ltr'>et</span> <span class='ocrx_word' id='word_1_317' title='bbox 608 2293 640 2322; x_wconf 88' lang='lat' dir='ltr'>in</span> <span class='ocrx_word' id='word_1_318' title='bbox 663 2300 820 2331; x_wconf 64' lang='lat' dir='ltr'>sequente</span> <span class='ocrx_word' id='word_1_319' title='bbox 837 2303 938 2322; x_wconf 75' lang='lat' dir='ltr'>meni-</span> <span class='ocrx_word' id='word_1_320' title='bbox 981 2292 1185 2331; x_wconf 71' lang='lat' dir='ltr'>ostenditque</span> <span class='ocrx_word' id='word_1_321' title='bbox 1215 2299 1399 2333; x_wconf 76' lang='lat' dir='ltr'>temporum</span> <span class='ocrx_word' id='word_1_322' title='bbox 1426 2293 1521 2322; x_wconf 83' lang='lat' dir='ltr'>ratio.</span> <span class='ocrx_word' id='word_1_323' title='bbox 1574 2292 1664 2322; x_wconf 86' lang='lat' dir='ltr'>Nam</span> 
     </span>
     <span class='ocr_line' id='line_1_40' title="bbox 249 2332 1668 2374; baseline 0.002 -13"><span class='ocrx_word' id='word_1_324' title='bbox 249 2332 308 2361; x_wconf 75' lang='lat' dir='ltr'>bro</span> <span class='ocrx_word' id='word_1_325' title='bbox 324 2341 389 2362; x_wconf 84' lang='lat' dir='ltr'>non</span> <span class='ocrx_word' id='word_1_326' title='bbox 415 2338 484 2362; x_wconf 78' lang='lat' dir='ltr'>est:</span> <span class='ocrx_word' id='word_1_327' title='bbox 509 2340 541 2362; x_wconf 82' lang='lat' dir='ltr'>et</span> <span class='ocrx_word' id='word_1_328' title='bbox 567 2334 704 2373; x_wconf 76' lang='lat' dir='ltr'>intelligi</span> <span class='ocrx_word' id='word_1_329' title='bbox 720 2346 737 2363; x_wconf 86' lang='lat' dir='ltr'>c</span> <span class='ocrx_word' id='word_1_330' title='bbox 752 2335 855 2373; x_wconf 89' lang='lat' dir='ltr'>primo</span> <span class='ocrx_word' id='word_1_331' title='bbox 872 2340 944 2373; x_wconf 76' lang='lat' dir='ltr'>pot-</span> <span class='ocrx_word' id='word_1_332' title='bbox 987 2341 1076 2364; x_wconf 80' lang='lat' dir='ltr'>certo</span> <span class='ocrx_word' id='word_1_333' title='bbox 1098 2341 1240 2370; x_wconf 78' lang='lat' dir='ltr'>constat,</span> <span class='ocrx_word' id='word_1_334' title='bbox 1255 2345 1327 2365; x_wconf 81' lang='lat' dir='ltr'>eam</span> <span class='ocrx_word' id='word_1_335' title='bbox 1356 2345 1423 2365; x_wconf 81' lang='lat' dir='ltr'>reni</span> <span class='ocrx_word' id='word_1_336' title='bbox 1450 2335 1612 2374; x_wconf 82' lang='lat' dir='ltr'>pertinere</span> <span class='ocrx_word' id='word_1_337' title='bbox 1627 2333 1668 2364; x_wconf 88' lang='lat' dir='ltr'>ad</span> 
     </span>
     <span class='ocr_line' id='line_1_41' title="bbox 249 2375 1666 2415; baseline 0.001 -12"><span class='ocrx_word' id='word_1_338' title='bbox 249 2378 310 2404; x_wconf 83' lang='lat' dir='ltr'>est.</span> <span class='ocrx_word' id='word_1_339' title='bbox 342 2383 401 2403; x_wconf 81' lang='lat' dir='ltr'>nec</span> <span class='ocrx_word' id='word_1_340' title='bbox 417 2381 465 2404; x_wconf 87' lang='lat' dir='ltr'>est</span> <span class='ocrx_word' id='word_1_341' title='bbox 490 2375 523 2403; x_wconf 87' lang='lat' dir='ltr'>in</span> <span class='ocrx_word' id='word_1_342' title='bbox 546 2375 617 2404; x_wconf 82' lang='lat' dir='ltr'>edd.</span> <span class='ocrx_word' id='word_1_343' title='bbox 635 2387 682 2415; x_wconf 89' lang='lat' dir='ltr'>pr.</span> <span class='ocrx_word' id='word_1_344' title='bbox 729 2376 812 2406; x_wconf 80' lang='lat' dir='ltr'>ltem</span> <span class='ocrx_word' id='word_1_345' title='bbox 833 2377 943 2415; x_wconf 81' lang='lat' dir='ltr'>paullo</span> <span class='ocrx_word' id='word_1_346' title='bbox 987 2387 1132 2407; x_wconf 66' lang='lat' dir='ltr'>mensem</span> <span class='ocrx_word' id='word_1_347' title='bbox 1164 2377 1330 2415; x_wconf 75' lang='lat' dir='ltr'>Aprilem:</span> <span class='ocrx_word' id='word_1_348' title='bbox 1380 2375 1464 2406; x_wconf 87' lang='lat' dir='ltr'>unde</span> <span class='ocrx_word' id='word_1_349' title='bbox 1503 2377 1666 2414; x_wconf 81' lang='lat' dir='ltr'>Pantaga-</span> 
     </span>
     <span class='ocr_line' id='line_1_42' title="bbox 248 2416 1706 2457; baseline 0.002 -13"><span class='ocrx_word' id='word_1_350' title='bbox 248 2422 323 2455; x_wconf 71' lang='lat' dir='ltr'>post</span> <span class='ocrx_word' id='word_1_351' title='bbox 338 2426 411 2445; x_wconf 86' lang='lat' dir='ltr'>cum</span> <span class='ocrx_word' id='word_1_352' title='bbox 429 2416 557 2446; x_wconf 65' lang='lat' dir='ltr'>Gra’vio</span> <span class='ocrx_word' id='word_1_353' title='bbox 581 2416 683 2448; x_wconf 75' lang='lat' dir='ltr'>delevi</span> <span class='ocrx_word' id='word_1_354' title='bbox 700 2418 732 2446; x_wconf 75' lang='lat' dir='ltr'>in</span> <span class='ocrx_word' id='word_1_355' title='bbox 750 2416 846 2457; x_wconf 74' lang='lat' dir='ltr'>pejus</span> <span class='ocrx_word' id='word_1_356' title='bbox 861 2426 937 2448; x_wconf 81' lang='lat' dir='ltr'>ante</span> <span class='ocrx_word' id='word_1_357' title='bbox 979 2419 1056 2448; x_wconf 71' lang='lat' dir='ltr'>ilius</span> <span class='ocrx_word' id='word_1_358' title='bbox 1071 2418 1252 2454; x_wconf 52' lang='lat' dir='ltr'>corrigebat</span> <span class='ocrx_word' id='word_1_359' title='bbox 1271 2428 1333 2457; x_wconf 79' lang='lat' dir='ltr'>per</span> <span class='ocrx_word' id='word_1_360' title='bbox 1363 2419 1411 2448; x_wconf 83' lang='lat' dir='ltr'>Id.</span> <span class='ocrx_word' id='word_1_361' title='bbox 1440 2418 1579 2457; x_wconf 76' lang='lat' dir='ltr'>Apriles.</span> <span class='ocrx_word' id='word_1_362' title='bbox 1603 2416 1667 2448; x_wconf 82' lang='lat' dir='ltr'>Sed</span> <span class='ocrx_word' id='word_1_363' title='bbox 1704 2434 1706 2436; x_wconf 41' lang='lat' dir='ltr'>v</span> 
     </span>
     <span class='ocr_line' id='line_1_43' title="bbox 249 2458 1668 2499; baseline 0.001 -12"><span class='ocrx_word' id='word_1_364' title='bbox 249 2458 371 2487; x_wconf 77' lang='lat' dir='ltr'>crimen</span> <span class='ocrx_word' id='word_1_365' title='bbox 395 2458 590 2496; x_wconf 63' lang='lat' dir='ltr'>invidiaque.</span> <span class='ocrx_word' id='word_1_366' title='bbox 637 2460 673 2489; x_wconf 85' lang='lat' dir='ltr'>ln</span> <span class='ocrx_word' id='word_1_367' title='bbox 702 2459 772 2489; x_wconf 73' lang='lat' dir='ltr'>edd.</span> <span class='ocrx_word' id='word_1_368' title='bbox 801 2469 846 2498; x_wconf 86' lang='lat' dir='ltr'>pr.</span> <span class='ocrx_word' id='word_1_369' title='bbox 872 2469 937 2489; x_wconf 83' lang='lat' dir='ltr'>non</span> <span class='ocrx_word' id='word_1_370' title='bbox 976 2470 1037 2499; x_wconf 73' lang='lat' dir='ltr'>per</span> <span class='ocrx_word' id='word_1_371' title='bbox 1057 2462 1132 2490; x_wconf 64' lang='lat' dir='ltr'>Idas</span> <span class='ocrx_word' id='word_1_372' title='bbox 1149 2470 1213 2489; x_wconf 86' lang='lat' dir='ltr'>non</span> <span class='ocrx_word' id='word_1_373' title='bbox 1240 2466 1326 2490; x_wconf 81' lang='lat' dir='ltr'>recte</span> <span class='ocrx_word' id='word_1_374' title='bbox 1350 2460 1412 2490; x_wconf 84' lang='lat' dir='ltr'>dici</span> <span class='ocrx_word' id='word_1_375' title='bbox 1429 2460 1461 2490; x_wconf 88' lang='lat' dir='ltr'>h.</span> <span class='ocrx_word' id='word_1_376' title='bbox 1486 2460 1507 2489; x_wconf 91' lang='lat' dir='ltr'>l.</span> <span class='ocrx_word' id='word_1_377' title='bbox 1524 2469 1582 2499; x_wconf 79' lang='lat' dir='ltr'>pro</span> <span class='ocrx_word' id='word_1_378' title='bbox 1600 2459 1668 2490; x_wconf 80' lang='lat' dir='ltr'>Idi-</span> 
     </span>
     <span class='ocr_line' id='line_1_44' title="bbox 249 2498 1668 2540; baseline 0.001 -11"><span class='ocrx_word' id='word_1_379' title='bbox 249 2504 326 2529; x_wconf 78' lang='lat' dir='ltr'>sunt</span> <span class='ocrx_word' id='word_1_380' title='bbox 342 2499 427 2529; x_wconf 73' lang='lat' dir='ltr'>haec:</span> <span class='ocrx_word' id='word_1_381' title='bbox 454 2501 488 2529; x_wconf 83' lang='lat' dir='ltr'>in</span> <span class='ocrx_word' id='word_1_382' title='bbox 506 2498 600 2539; x_wconf 57' lang='lat' dir='ltr'>pejus</span> <span class='ocrx_word' id='word_1_383' title='bbox 615 2503 736 2530; x_wconf 62' lang='lat' dir='ltr'>crimen</span> <span class='ocrx_word' id='word_1_384' title='bbox 753 2502 937 2540; x_wconf 66' lang='lat' dir='ltr'>invidiaque</span> <span class='ocrx_word' id='word_1_385' title='bbox 980 2505 1046 2536; x_wconf 73' lang='lat' dir='ltr'>bus,</span> <span class='ocrx_word' id='word_1_386' title='bbox 1060 2509 1144 2532; x_wconf 76' lang='lat' dir='ltr'>recte</span> <span class='ocrx_word' id='word_1_387' title='bbox 1161 2503 1288 2532; x_wconf 79' lang='lat' dir='ltr'>monuit</span> <span class='ocrx_word' id='word_1_388' title='bbox 1299 2501 1465 2533; x_wconf 78' lang='lat' dir='ltr'>Graevius:</span> <span class='ocrx_word' id='word_1_389' title='bbox 1480 2502 1536 2539; x_wconf 82' lang='lat' dir='ltr'>qui</span> <span class='ocrx_word' id='word_1_390' title='bbox 1550 2502 1668 2540; x_wconf 77' lang='lat' dir='ltr'>probat</span> 
     </span>
     <span class='ocr_line' id='line_1_45' title="bbox 250 2542 1659 2581; baseline 0.003 -11"><span class='ocrx_word' id='word_1_391' title='bbox 250 2545 421 2581; x_wconf 70' lang='lat' dir='ltr'>quaeretur.</span> <span class='ocrx_word' id='word_1_392' title='bbox 466 2542 592 2571; x_wconf 79' lang='lat' dir='ltr'>Primus</span> <span class='ocrx_word' id='word_1_393' title='bbox 608 2542 729 2572; x_wconf 75' lang='lat' dir='ltr'>addidit</span> <span class='ocrx_word' id='word_1_394' title='bbox 744 2542 843 2572; x_wconf 77' lang='lat' dir='ltr'>Aldus</span> <span class='ocrx_word' id='word_1_395' title='bbox 861 2544 935 2580; x_wconf 85' lang='lat' dir='ltr'>jun.</span> <span class='ocrx_word' id='word_1_396' title='bbox 980 2545 1200 2581; x_wconf 73' lang='lat' dir='ltr'>conjecturam</span> <span class='ocrx_word' id='word_1_397' title='bbox 1231 2544 1378 2580; x_wconf 80' lang='lat' dir='ltr'>Ferrarii,</span> <span class='ocrx_word' id='word_1_398' title='bbox 1414 2554 1433 2574; x_wconf 82' lang='lat' dir='ltr'>a</span> <span class='ocrx_word' id='word_1_399' title='bbox 1469 2544 1603 2574; x_wconf 79' lang='lat' dir='ltr'>Mureto</span> <span class='ocrx_word' id='word_1_400' title='bbox 1625 2547 1659 2573; x_wconf 82' lang='lat' dir='ltr'>et</span> 
     </span>
     <span class='ocr_line' id='line_1_46' title="bbox 251 2582 1644 2625; baseline 0.001 -12"><span class='ocrx_word' id='word_1_401' title='bbox 251 2594 267 2613; x_wconf 84' lang='lat' dir='ltr'>e</span> <span class='ocrx_word' id='word_1_402' title='bbox 288 2584 322 2613; x_wconf 89' lang='lat' dir='ltr'>P.</span> <span class='ocrx_word' id='word_1_403' title='bbox 342 2582 484 2614; x_wconf 79' lang='lat' dir='ltr'>Manutii</span> <span class='ocrx_word' id='word_1_404' title='bbox 502 2585 714 2620; x_wconf 72' lang='lat' dir='ltr'>correctione,</span> <span class='ocrx_word' id='word_1_405' title='bbox 730 2584 778 2614; x_wconf 75' lang='lat' dir='ltr'>ed.</span> <span class='ocrx_word' id='word_1_406' title='bbox 800 2595 828 2614; x_wconf 88' lang='lat' dir='ltr'>a.</span> <span class='ocrx_word' id='word_1_407' title='bbox 851 2588 938 2615; x_wconf 66' lang='lat'>1553.</span> <span class='ocrx_word' id='word_1_408' title='bbox 981 2584 1143 2614; x_wconf 78' lang='lat' dir='ltr'>Lambino</span> <span class='ocrx_word' id='word_1_409' title='bbox 1171 2590 1346 2625; x_wconf 73' lang='lat' dir='ltr'>receptam,</span> <span class='ocrx_word' id='word_1_410' title='bbox 1376 2586 1484 2624; x_wconf 72' lang='lat' dir='ltr'>pridie</span> <span class='ocrx_word' id='word_1_411' title='bbox 1509 2583 1644 2614; x_wconf 75' lang='lat' dir='ltr'>Vinalia</span> 
     </span>
     <span class='ocr_line' id='line_1_47' title="bbox 251 2624 1666 2667; baseline 0.001 -14"><span class='ocrx_word' id='word_1_412' title='bbox 251 2634 346 2663; x_wconf 79' lang='lat' dir='ltr'>quem</span> <span class='ocrx_word' id='word_1_413' title='bbox 364 2624 506 2655; x_wconf 65' lang='lat' dir='ltr'>Faernus</span> <span class='ocrx_word' id='word_1_414' title='bbox 521 2630 555 2654; x_wconf 80' lang='lat' dir='ltr'>et</span> <span class='ocrx_word' id='word_1_415' title='bbox 570 2625 624 2654; x_wconf 84' lang='lat' dir='ltr'>alii</span> <span class='ocrx_word' id='word_1_416' title='bbox 641 2627 742 2655; x_wconf 75' lang='lat' dir='ltr'>secuti</span> <span class='ocrx_word' id='word_1_417' title='bbox 758 2631 846 2655; x_wconf 87' lang='lat' dir='ltr'>sunt.</span> <span class='ocrx_word' id='word_1_418' title='bbox 982 2627 1067 2664; x_wconf 79' lang='lat' dir='ltr'>quod</span> <span class='ocrx_word' id='word_1_419' title='bbox 1091 2633 1221 2660; x_wconf 71' lang='lat' dir='ltr'>constat</span> <span class='ocrx_word' id='word_1_420' title='bbox 1244 2627 1327 2657; x_wconf 85' lang='lat' dir='ltr'>diem</span> <span class='ocrx_word' id='word_1_421' title='bbox 1357 2627 1497 2667; x_wconf 77' lang='lat' dir='ltr'>intelligi</span> <span class='ocrx_word' id='word_1_422' title='bbox 1521 2625 1666 2656; x_wconf 84' lang='lat' dir='ltr'>medium</span> 
     </span>
    </p>

    <p class='ocr_par' dir='ltr' id='par_1_7' title="bbox 251 2666 1667 2751">
     <span class='ocr_line' id='line_1_48' title="bbox 292 2666 1667 2706; baseline 0.001 -11"><span class='ocrx_word' id='word_1_423' title='bbox 292 2669 333 2696; x_wconf 68' lang='lat'>90</span> <span class='ocrx_word' id='word_1_424' title='bbox 355 2667 597 2697; x_wconf 59' lang='lat' dir='ltr'>celeberrimum</span> <span class='ocrx_word' id='word_1_425' title='bbox 609 2666 647 2706; x_wconf 78' lang='lat' dir='ltr'>f.</span> <span class='ocrx_word' id='word_1_426' title='bbox 660 2668 785 2706; x_wconf 66' lang='grc' dir='ltr'>Ιςενηι.]</span> <span class='ocrx_word' id='word_1_427' title='bbox 811 2668 862 2697; x_wconf 85' lang='lat' dir='ltr'>Sic</span> <span class='ocrx_word' id='word_1_428' title='bbox 873 2667 939 2697; x_wconf 83' lang='lat' dir='ltr'>edi-</span> <span class='ocrx_word' id='word_1_429' title='bbox 984 2669 1069 2698; x_wconf 81' lang='lat' dir='ltr'>inter</span> <span class='ocrx_word' id='word_1_430' title='bbox 1098 2668 1225 2698; x_wconf 77' lang='lat' dir='ltr'>Palilia</span> <span class='ocrx_word' id='word_1_431' title='bbox 1253 2673 1283 2698; x_wconf 84' lang='lat' dir='ltr'>et</span> <span class='ocrx_word' id='word_1_432' title='bbox 1316 2668 1458 2699; x_wconf 72' lang='lat' dir='ltr'>Vinalia.</span> <span class='ocrx_word' id='word_1_433' title='bbox 1517 2668 1667 2698; x_wconf 71' lang='lat' dir='ltr'>Muretus</span> 
     </span>
     <span class='ocr_line' id='line_1_49' title="bbox 251 2707 1665 2751; baseline 0.002 -15"><span class='ocrx_word' id='word_1_434' title='bbox 251 2707 282 2737; x_wconf 85' lang='lat' dir='ltr'>di</span> <span class='ocrx_word' id='word_1_435' title='bbox 299 2717 356 2747; x_wconf 88' lang='lat' dir='ltr'>pro</span> <span class='ocrx_word' id='word_1_436' title='bbox 380 2709 613 2738; x_wconf 61' lang='lat' dir='ltr'>maheu-rimam</span> <span class='ocrx_word' id='word_1_437' title='bbox 640 2721 657 2738; x_wconf 88' lang='lat' dir='ltr'>e</span> <span class='ocrx_word' id='word_1_438' title='bbox 684 2709 763 2739; x_wconf 82' lang='lat' dir='ltr'>Cod.</span> <span class='ocrx_word' id='word_1_439' title='bbox 796 2709 940 2749; x_wconf 73' lang='lat' dir='ltr'>Hnydec.</span> <span class='ocrx_word' id='word_1_440' title='bbox 984 2710 1119 2749; x_wconf 62' lang='lat' dir='ltr'>vestigia</span> <span class='ocrx_word' id='word_1_441' title='bbox 1147 2710 1244 2748; x_wconf 75' lang='lat' dir='ltr'>hujus</span> <span class='ocrx_word' id='word_1_442' title='bbox 1272 2710 1421 2741; x_wconf 78' lang='lat' dir='ltr'>lectionis</span> <span class='ocrx_word' id='word_1_443' title='bbox 1444 2714 1609 2751; x_wconf 76' lang='lat' dir='ltr'>repererat</span> <span class='ocrx_word' id='word_1_444' title='bbox 1630 2710 1665 2739; x_wconf 75' lang='lat' dir='ltr'>iu</span> 
     </span>
    </p>
   </div>
   <div class='ocr_carea' id='block_1_5' title="bbox 251 2748 1375 2823">
    <p class='ocr_par' dir='ltr' id='par_1_8' title="bbox 251 2748 1375 2823">
     <span class='ocr_line' id='line_1_50' title="bbox 251 2748 1375 2796; baseline 0.004 -18"><span class='ocrx_word' id='word_1_445' title='bbox 251 2759 335 2796; x_wconf 44' lang='grc' dir='ltr'>’πεῖρε</span> <span class='ocrx_word' id='word_1_446' title='bbox 361 2748 429 2779; x_wconf 72' lang='lat' dir='ltr'>brec</span> <span class='ocrx_word' id='word_1_447' title='bbox 447 2751 542 2781; x_wconf 79' lang='lat' dir='ltr'>verba</span> <span class='ocrx_word' id='word_1_448' title='bbox 558 2750 591 2781; x_wconf 89' lang='lat' dir='ltr'>in</span> <span class='ocrx_word' id='word_1_449' title='bbox 619 2750 707 2782; x_wconf 69' lang='lat' dir='ltr'>libris</span> <span class='ocrx_word' id='word_1_450' title='bbox 731 2751 877 2788; x_wconf 77' lang='lat' dir='ltr'>consuaa,</span> <span class='ocrx_word' id='word_1_451' title='bbox 906 2757 944 2781; x_wconf 82' lang='lat' dir='ltr'>ut</span> <span class='ocrx_word' id='word_1_452' title='bbox 986 2751 1068 2783; x_wconf 79' lang='lat' dir='ltr'>eod.</span> <span class='ocrx_word' id='word_1_453' title='bbox 1085 2753 1251 2791; x_wconf 79' lang='lat' dir='ltr'>vet.p›·i‹l.</span> <span class='ocrx_word' id='word_1_454' title='bbox 1270 2752 1375 2793; x_wconf 63' lang='lat' dir='ltr'>Quin.</span> 
     </span>
     <span class='ocr_line' id='line_1_51' title="bbox 252 2796 497 2823; baseline 0.012 -3"><span class='ocrx_word' id='word_1_455' title='bbox 252 2796 359 2821; x_wconf 53' lang='lat' dir='ltr'>&amp;munt</span> <span class='ocrx_word' id='word_1_456' title='bbox 373 2801 497 2823; x_wconf 67' lang='lat' dir='ltr'>omnes.</span> 
     </span>
    </p>
   </div>
  </div>
 </body>
</html>
