1812 3147
401 105 509 145 PRO
534 104 694 144 DOMO
721 105 823 145 SUA
847 105 922 144 AD
947 105 1153 146 PONTIF.
1420 111 1498 145 853

49 209 175 253 niam
188 208 241 251 ad
255 208 457 251 emendos
472 224 598 266 agros
616 209 912 273 constitutam,
927 210 970 242 46
981 219 1171 266 ereptam
1186 224 1208 250 x
1216 224 1226 249 ι
1244 223 1299 250 ex
1318 209 1501 251 Caesaris

57 268 183 310 rebus
221 267 343 317 actis,
375 267 470 321 quis
503 267 731 323 imperium
765 267 982 308 infinitum
1021 267 1168 308 dedit?
1211 265 1294 306 Cui
1327 283 1353 321 q
1361 268 1499 308 uidem

56 339 158 366 cum
186 323 383 366 Ciliciam
414 323 614 375 dedisses,
646 327 819 365 mutasti
852 324 1112 380 pactionem,
1142 332 1186 364 et
1218 284 1415 364 Cilicilam
1447 324 1499 365 ad

57 389 286 438 praetorem
316 380 420 422 item
448 391 573 422 extra
600 382 792 422 ordinem
817 381 1099 422 transtulisti.
1132 380 1338 431 Gabinio,
1365 382 1499 435 pretio

56 437 337 494 amplificato,
359 437 528 494 Syriam
561 438 817 479 nominatim
849 438 1020 479 dedisti.
1053 438 1204 484 Quid?
1234 436 1399 478 homini
1424 446 1501 478 tae-

56 495 246 546 terrimo,
269 495 576 547 crudelissimo,
597 495 885 560 fallacissimo,
907 496 1096 536 omnium
1130 493 1335 536 sceleium
1357 493 1500 534 libidi-

56 565 247 607 numque
279 552 457 594 maculis
490 553 775 603 notatissimo,
800 552 847 593 L.
884 552 1046 602 Pisoni,
1070 566 1210 592 nonne
1243 551 1498 592 nominatim

59 611 241 666 populos
270 609 445 673 liberos,
469 610 613 651 multis
636 609 1030 660 senatusconsultis,
1052 610 1181 649 etiam
1203 612 1242 642 47
1258 608 1417 649 recenti
1442 607 1500 647 le·-

45 680 162 722 ¹geD
138 666 281 707 ‘reneri
311 667 444 722 ipsius
465 666 682 718 liberatos,
705 667 886 731 vinctos,
905 677 948 707 et
969 668 1226 707 constrictos
1257 665 1493 706 tradidisti
1486 667 1498 692 Ρ

44 737 216 775 nonne,
245 738 344 765 cum
365 724 420 764 ab
441 738 493 765 eo
523 738 682 765 merces
706 724 768 764 tui
797 723 1009 773 beneficii,
1033 724 1302 779 pretiumque
1326 722 1498 778 provin-

57 781 154 831 ciae,
183 795 279 822 meo
302 782 509 837 sanguine
531 782 610 822 tibi
631 791 742 822 esset
770 780 1049 837 persolutum,
1072 790 1214 822 tamen
1246 783 1499 820 48aeiffla11um

58 852 158 880 cum
181 852 232 889 eo
264 838 445 894 partitus
477 841 549 880 es?
583 838 704 880 Itane
726 841 854 881 vero?
886 848 930 878 tu
968 838 1209 894 provincias
1241 836 1561 887 consulares,24

58 909 164 950 quas
183 895 234 936 C.
253 895 491 947 Gracchus,
513 896 585 951 qui
609 911 717 937 unus
738 896 928 942 maxim(
951 894 1166 951 popularis
1187 895 1283 946 fuit,
1297 909 1383 935 non
1406 901 1542 934 mo-l·
1559 893 1630 921 ‘2¹3-

60 952 116 993 do
135 966 221 993 non
234 952 412 994 abstulit
433 954 486 994 ab
510 962 673 1003 senatu,
687 953 757 994 sed
775 954 1169 1003 etia111,utnecesse
1185 962 1296 993 esset
1317 959 1499 1007 quotan-
1510 942 1542 965 a.

59 1009 126 1050 nis
159 1010 363 1051 constitui
387 1024 462 1066 per
494 1019 703 1060 senatum,
724 1013 765 1044 49
777 1011 949 1051 decreta
979 1010 1074 1065 lege
1101 1010 1268 1050 sanxit:
1301 1024 1386 1059 eas,
1407 1008 1502 1064 lege

44 1066 318 1130 ,Sempronia
338 1082 414 1123 per
433 1077 625 1108 senatum
650 1068 854 1118 decretas,
879 1053 1085 1107 rescidisti
1105 1071 1118 1109 ?
1149 1077 1272 1108 extra
1293 1067 1501 1116 ordinem,

60 1137 151 1165 slne
173 1134 299 1176 sorte,
315 1124 571 1165 nominatim
588 1125 758 1176 dedisti,
779 1139 861 1165 non
882 1124 1230 1175 cousulibus,sed
1255 1123 1503 1179 reipublicae

61 1180 282 1236 pestibus?
333 1182 441 1233 Nos,
471 1182 587 1237 quod
628 1183 773 1223 nomin
780 1183 883 1223 πίω
916 1182 973 1222 rei
1005 1196 1062 1222 m·
1051 1181 1223 1233 aximae,
1255 1195 1378 1236 paene
1409 1195 1504 1235 Jam

60 1237 311 1302 desperatae,
331 1254 544 1280 summum
567 1239 705 1280 vitum
729 1254 842 1295 saepe
864 1239 915 1279 ad
937 1248 1132 1280 extlema
1149 1238 1397 1295 reipublicae
1419 1237 1504 1278 dis-

62 1294 243 1337 crimina
264 1296 491 1347 delectum,
512 1297 846 1353 p1aefecimus‚a
879 1306 919 1336 te
954 1296 1340 1352 reprehendemur?
1385 1294 1503 1341 Quid
1523 1292 1588 1340 10

62 1352 264 1394 tandem?
294 1354 344 1405 si,
366 1369 462 1409 quae
486 1363 577 1394 tum
595 1353 676 1394 illis
699 1353 947 1410 reipublicae
970 1353 1170 1404 tenebris,
1192 1366 1405 1407 caecrsque
1425 1367 1504 1392 nu·

65 1409 193 1451 bibus
215 1418 259 1451 et
289 1410 500 1467 procellis,
522 1426 621 1452 cum
656 1420 848 1451 senatum
872 1426 896 1451 ι
930 1409 1231 1467 ‹rubernaculis
1263 1410 1505 1464 dejecisses,

63 1467 270 1523 populum
300 1482 324 1510 e
352 1483 452 1509 navi
483 1469 779 1519 exturbasses3
830 1469 920 1524 ipse
930 1443 1215 1524 ”archipirata
1245 1482 1343 1508 cum
1376 1480 1506 1522 grege

62 1525 347 1580 praedonum
338 1526 628 1581 impurissimo
652 1525 906 1590 plenissimis
931 1524 1032 1565 velis
1050 1525 1298 1580 navigarzes
1340 1524 1389 1574 si,
1408 1539 1506 1579 quae

63 1590 156 1622 tum
185 1582 483 1638 promulgasti,
506 1583 783 1633 constituisti,
807 1582 1056 1639 promisisti,
1079 1582 1323 1632 vendidisti,
1347 1581 1506 1637 pelfer-

64 1652 110 1679 re
132 1641 357 1695 potuisseS,
378 1640 453 1695 qui
483 1639 633 1681 locus
625 1654 668 1680 in
698 1641 802 1681 orbe
836 1649 1041 1680 terrarum
1076 1654 1234 1680 vacuus
1266 1638 1505 1679 extfflaoidi-

63 1696 193 1738 uariis
223 1695 412 1739 fascibus
441 1706 571 1752 atque
601 1697 781 1753 imperio
814 1697 1024 1738 Clodiano
1055 1696 1229 1738 fuisset?
1272 1696 1356 1737 Sed
1387 1695 1566 1741 exci-25

62 1760 177 1795 tatus
211 1754 441 1810 aliquando
474 1754 556 1796 Cn.
591 1754 804 1818 Pompeii,
827 1755 986 1807 (dicam
1025 1754 1118 1809 ipso
1153 1753 1367 1803 audiente,
1389 1753 1506 1808 quod

64 1811 192 1863 sensi,
213 1822 256 1853 et
277 1812 431 1864 sentio,
452 1826 626 1867 quoquo
649 1827 792 1853 ammo
816 1826 884 1852 me
906 1811 1126 1852 auditurus
1149 1813 1246 1862 est,)
1276 1810 1506 1861 excitatus,

65 1867 257 1924 inquam,
278 1868 507 1924 aliquando
530 1869 613 1911 Cn.
646 1869 842 1925 Pompeii
868 1869 1049 1910 nimium
1079 1869 1152 1910 diu
1182 1868 1442 1918 reconditus,
1465 1878 1508 1908 et

47 1925 236 1989 penitus
265 1926 484 1967 abstrusus
515 1927 647 1968 animi
678 1927 814 1977 dolor,
837 1921 1038 1967 subvenit
1068 1926 1211 1966 subito
1242 1924 1506 1981 reipublicae,

63 1982 370 2038 civitatemque
387 1983 569 2025 fractam
586 1984 723 2035 malis,
746 1986 786 2014 50
798 1993 977 2034 mutam,
996 1982 1278 2033 debilitatam,
1292 1983 1507 2038 abjectam

65 2048 198 2092 metu,
220 2041 273 2081 ad
295 2040 480 2096 aliquam
503 2056 622 2098 spem
648 2041 857 2082 libertatis
880 2050 923 2081 et
945 2041 1136 2096 pristinae
1162 2040 1387 2095 dignitatis
1417 2053 1507 2080 ere-

66 2097 146 2139 xit.
205 2097 295 2140 Hic
327 2099 392 2140 vir
412 2107 536 2140 extra
571 2098 764 2140 ordinem
796 2098 857 2140 rei
879 2097 1170 2139 frumentariae
1206 2096 1505 2153 praeficiendus

112 2271 154 2302 46
174 2276 320 2312 ereptam
330 2272 501 2312 ‘vi—actis]
522 2272 594 2303 Hoc
608 2273 763 2303 vitiosum

808 2271 912 2311 Leges
939 2282 1006 2303 non
1021 2272 1256 2308 decernuntur,
1271 2271 1347 2307 nisi,
1361 2280 1433 2310 quae
1447 2281 1505 2302 au-

70 2317 132 2350 est,
146 2322 206 2344 nec
229 2315 298 2345 sine
319 2314 410 2345 libris
432 2316 622 2346 melioribus
645 2315 763 2355 corrigi

807 2322 897 2345 ctore
925 2316 1050 2345 Senatu
1078 2315 1243 2351 feruntur,
1272 2314 1359 2353 quod
1386 2324 1405 2344 a
1433 2314 1504 2353 lege

68 2360 190 2396 potest.

110 2400 150 2431 47
172 2400 292 2429 recenti
315 2400 384 2438 lege
397 2399 510 2438 soceri]
535 2398 587 2429 Sic
603 2399 676 2430 libri
694 2410 764 2430 om-

71 2448 138 2470 nes.
181 2440 377 2472 Passeratius
393 2442 512 2481 corrigi
527 2442 655 2472 volebat
667 2452 764 2480 gene-

67 2482 113 2519 ri,
123 2482 145 2512 i.
156 2491 184 2511 e.
197 2482 234 2512 C.
245 2483 393 2521 Caesaris,
402 2484 487 2523 quod
502 2485 620 2524 recepit
633 2484 764 2514 Lambi-

35 2538 38 2542 ⁴
76 2533 148 2554 nus.
171 2524 234 2554 Sed
245 2524 290 2555 sic
305 2527 375 2565 jam
389 2526 532 2556 ediderat
545 2526 580 2556 P.
594 2526 766 2556 Manutius

76 2568 165 2597 1540.
182 2565 276 2605 idque
290 2577 401 2598 verum
423 2577 490 2598 esse
505 2568 641 2598 historia
656 2569 764 2606 docet,

73 2613 106 2638 et
122 2607 188 2648 ipse
203 2609 317 2639 Cicero
329 2609 386 2639 Or.
401 2611 436 2640 in
451 2611 615 2640 Pisonem.

110 2651 151 2681 48
174 2652 330 2680 cerarium
346 2662 421 2682 cum
437 2663 470 2682 eo
480 2653 628 2692 partitus
643 2652 689 2691 es]
714 2661 761 2683 sc.

73 2691 210 2732 pecunia
231 2693 345 2731 grandi
367 2705 407 2724 ex
428 2695 520 2724 aerari
523 2704 541 2724 o
571 2695 681 2724 Pisoni
706 2704 765 2734 {er

73 2733 178 2772 legem
195 2733 282 2770 data,
297 2745 394 2774 quam
410 2746 485 2766 cum
499 2746 536 2766 eo
551 2737 692 2776 partitsu
679 2745 750 2766 565.

117 2777 157 2808 49
179 2775 305 2806 decreta
331 2779 400 2816 lege
421 2778 545 2817 sanxit]
578 2778 765 2808 nolendum

77 2816 225 2848 decreta:
248 2817 309 2849 nisi
331 2819 373 2850 al³
377 2819 420 2850 ud
442 2820 475 2850 in
490 2830 528 2850 eo
552 2821 647 2850 verbo
671 2820 764 2850 latet.

803 2357 989 2394 tribunitia,
1012 2357 1116 2397 qualis
1139 2356 1333 2396 Sempronia
1354 2356 1430 2392 fuit,
1455 2361 1505 2386 est

806 2399 963 2429 alienum.
1010 2400 1125 2438 ltaque
1149 2404 1183 2428 et
1205 2408 1279 2428 mox
1305 2399 1389 2436 leges
1414 2399 1504 2428 Sem-

801 2443 948 2480 promas,
960 2442 1049 2480 quod
1063 2451 1101 2471 ex
1117 2441 1188 2471 edd.
1205 2445 1285 2470 vett.
1302 2441 1430 2470 restitui
1447 2450 1502 2469 vo-

806 2483 895 2514 lebat
917 2484 1076 2520 Graevius,
1093 2493 1160 2513 non
1175 2487 1285 2522 potest
1298 2491 1366 2512 esse
1381 2491 1502 2512 verum.

808 2525 989 2566 Vulgatum
1005 2536 1116 2555 verum
1131 2531 1190 2556 est.
1224 2524 1419 2555 Rescinclere
1427 2535 1501 2563 pro-

808 2569 932 2598 vincias
946 2572 996 2598 est
1017 2568 1146 2598 decreta
1160 2568 1199 2598 de
1219 2566 1392 2607 provinciis
1408 2567 1505 2596 tolle-

810 2620 856 2640 re.

849 2655 888 2682 50
918 2655 1060 2688 mzctam,
1096 2650 1234 2690 debilia]
1275 2651 1337 2680 Pro
1374 2654 1502 2679 mutam

806 2694 887 2724 Mss.
901 2700 935 2724 et
951 2694 1022 2724 edd.
1038 2697 1119 2723 vett.
1144 2697 1320 2723 mutatam.
1368 2692 1504 2722 Utrum-

807 2747 869 2774 que
898 2737 1023 2766 vitiose.
1068 2736 1215 2765 Graevius
1241 2734 1374 2772 corrigit
1399 2735 1503 2763 nuda-

807 2783 888 2808 tam.
904 2778 985 2808 bene
1005 2778 1037 2807 in
1054 2786 1108 2807 se:
1133 2777 1188 2807 sed
1210 2776 1456 2815 intenti-accam
1471 2782 1506 2806 ct

809 2821 1013 2851 debilitatam
1029 2819 1085 2849 vix
1100 2818 1210 2850 locum
1225 2817 1336 2848 habet.
