1785 3185
475 130 828 170 PHILIPPICA
872 129 1122 169 OCTAVA.
1422 133 1520 168 1365

77 240 226 278 ”ante
247 234 480 285 consulem,
502 233 736 289 oculosque
768 233 1024 289 legatorum,
1048 234 1273 276 tormentis
1296 233 1519 275 Mutinam

81 292 351 334 uerberarit:
392 306 500 347 opus
531 291 800 340 ostendebat,
810 267 1203 345 omunitionemque
1244 291 1422 346 legatis:
1466 306 1520 332 ne

80 359 288 413 punctum
311 348 483 403 quidem
514 349 737 403 temporis,
758 361 856 388 cum
888 346 1017 402 legati
1050 347 1261 397 adessent,
1291 363 1518 403 υρριισῐιει-

79 407 141 448 tio
163 405 402 461 respiravit.
461 404 528 445 Ad
562 404 677 445 hunc
699 404 893 459 legatos?
925 417 1000 444 cm
1015 406 1028 444 ἓ
1059 417 1113 443 an
1139 414 1184 444 ut
1205 418 1352 444 eorum
1376 407 1512 446 reditu

81 462 375 504 vehementius
401 462 737 517 pertimescatis?
762 460 970 516 Equidem
993 474 1090 502 cum
1113 470 1239 501 antea
1257 460 1421 516 le‹rat0s
1443 462 1576 506 cle-21

80 520 195 561 cerni
219 534 306 560 non
327 519 608 560 censuissem:
631 519 714 559 hoc
737 532 804 559 me
828 528 967 558 tamen
991 518 1259 567 consola-bit,
1280 517 1393 572 quod
1418 532 1516 560 cum

82 577 141 618 illi
171 577 225 618 ab
246 576 440 617 Antonio
470 576 677 616 contemti
713 585 755 616 et
787 575 935 630 rejecti
969 575 1256 625 revertissent,
1287 575 1519 616 dixissent-

80 648 164 689 que
185 633 366 684 senatui‚
388 636 427 663 33
442 647 525 674 non
549 633 678 673 modo
704 632 821 673 illum
843 646 866 672 e
889 631 1032 673 Gallia
1053 631 1312 681 discessisse,
1335 631 1396 671 uti
1420 647 1519 673 cen-

82 691 327 740 suissemus,
347 690 420 731 sed
441 704 494 730 ne
516 705 542 731 a
562 689 739 730 Mutina
756 689 928 744 quidem
953 689 1189 739 recessisse,
1211 691 1521 744 3⁴·p0testatem

82 748 165 789 sibi
191 746 247 788 D.
271 747 395 788 Bruti
426 746 709 787 conveniendi
741 760 828 787 non
859 745 1017 786 fuisse:
1049 747 1089 775 35
1105 746 1310 801 putabam
1342 745 1448 797 fore,
1475 756 1522 787 ut

83 819 232 846 omnes
269 804 524 844 inflammati
561 804 678 853 odio,
711 803 891 844 excitati
930 801 1090 851 dolore,
1123 803 1266 853 armis,
1300 804 1435 857 equis,
1460 804 1522 844 vi-

86 862 144 903 iis
169 861 226 903 D.
242 861 377 902 Bruto
402 861 738 901 subveniremus
763 874 839 901 nos
860 859 992 900 etiam
1015 859 1304 915 languidiores
1327 860 1428 901 iacti
1453 875 1522 901 su-

86 933 197 969 mus,
220 928 448 975 postquam
470 916 652 959 Antonii
677 932 763 958 non
797 916 935 958 solum
968 916 1191 957 audaciam
1213 926 1256 957 et
1278 917 1427 968 scelus,
1449 918 1522 958 sed

85 977 215 1016 etiam
238 975 508 1016 insolentiam
531 975 860 1031 superbiamque
882 974 1195 1039 perspeximus.
1258 974 1436 1015 Utinam
1473 975 1522 1015 L.
1537 983 1588 1016 2‘3

88 1032 235 1074 Caesar
258 1031 428 1082 valeret,
451 1032 623 1073 Servius
647 1031 863 1087 Sulpicius
887 1032 956 1072 viv
961 1032 1069 1072 eret!
1100 1030 1235 1072 multo
1257 1031 1407 1072 melius
1431 1032 1526 1073 haec

85 1104 214 1131 causa
234 1098 432 1146 ageretur
453 1105 478 1130 a
500 1089 651 1141 tribus,
673 1104 801 1145 quam
824 1103 938 1129 nunc
961 1088 1105 1143 a‹ritur
1123 1089 1176 1128 ab
1209 1103 1309 1129 uno.
1333 1088 1527 1130 dolenter

87 1147 171 1188 hoc
201 1147 342 1188 dicam
374 1147 534 1202 potius,
557 1161 686 1202 quam
717 1122 1044 1187 contumeliose.
1075 1145 1246 1196 deserti,
1269 1146 1439 1197 deserti,
1462 1147 1528 1187 in-

87 1219 232 1259 quam,
270 1218 431 1254 sumUS,
468 1214 610 1259 patres
649 1203 899 1259 conscripti,
937 1217 963 1243 a
1002 1202 1284 1258 principibus
1347 1204 1445 1254 Sed,
1479 1213 1529 1245 ut

88 1276 203 1317 saepe
227 1260 320 1316 jam
351 1261 460 1311 dixi,
482 1275 630 1302 omnes
662 1261 705 1301 in
735 1270 857 1302 tanto
880 1259 1085 1324 periculo,
1108 1275 1181 1314 qui
1205 1270 1319 1300 recte
1341 1270 1384 1300 et
1405 1261 1529 1301 forti-

90 1327 153 1359 ter
174 1319 373 1368 sentient,
395 1328 520 1358 elunt
545 1318 802 1360 consulares.
834 1318 1025 1358 animum
1057 1317 1182 1357 nobis
1215 1316 1365 1357 afferre
1396 1317 1527 1374 legati

90 1376 354 1417 debuerunt:
396 1375 593 1416 timorem
632 1375 896 1416 attulerzunt
928 1375 968 1404 36
984 1389 1246 1438 quamquam
1287 1375 1392 1416 mihi
1433 1376 1575 1430 qui—b.

90 1432 188 1474 dem
226 1432 419 1474 nullum:
450 1433 646 1487 quamvis
678 1433 730 1474 de
765 1431 852 1482 illo,
880 1431 931 1473 ad
968 1445 1095 1486 quem
1131 1432 1248 1472 missi
1285 1442 1398 1482 sunt,
1421 1431 1578 1478 bene8

88 1490 367 1531 existiment:
392 1505 417 1530 a
434 1504 519 1545 quo
538 1489 668 1530 etiam
691 1489 892 1530 mandata
913 1500 1184 1544 accepeiunt.
1218 1489 1350 1539 Proh,
1368 1490 1459 1530 dii
1451 1505 1528 1530 im-
1542 1502 1593 1536 23

93 1547 319 1590 mortales!
352 1547 426 1587 ubi
449 1557 514 1588 est
535 1547 604 1587 ille
634 1562 727 1588 mos
750 1547 970 1601 viltusque
1000 1546 1246 1601 majorum?
1308 1546 1359 1587 C.
1383 1547 1531 1603 Popil-

92 1604 189 1656 lius,
211 1605 325 1661 apud
348 1604 530 1659 majores
552 1614 736 1656 nostros,
758 1619 855 1645 cum
879 1604 932 1644 ad
953 1602 1221 1644 Antiochum
1245 1617 1389 1659 regem
1415 1604 1482 1660 le(
1471 1620 1532 1645 a-

94 1672 162 1702 tus
184 1676 337 1702 missus
359 1673 484 1711 esset,
507 1671 551 1702 et
571 1662 712 1703 verbis
744 1671 915 1702 senatus
945 1660 1254 1711 denuntiasset,
1277 1672 1324 1702 ut
1354 1662 1409 1702 -1b
1433 1661 1534 1702 Ale-

95 1719 276 1760 xandria
297 1693 549 1769 discedeiet,
571 1733 698 1774 quam
731 1718 986 1759 obsidebat:
1019 1733 1117 1759 cum
1149 1729 1319 1774 tempus
1350 1718 1420 1759 ille
1450 1718 1535 1760 dif-

96 1775 239 1829 ferret,
255 1775 423 1833 virgula
443 1785 628 1817 stantem
650 1775 1008 1832 circumscripsit:
1032 1775 1245 1831 dixitque,
1267 1779 1535 1818 37se.1·enun-

136 1949 178 1979 32
192 1951 269 1978 ante
282 1949 420 1979 consulis
433 1959 477 1979 oc.
491 1949 690 1988 legatorum]
708 1949 790 1980 Haee

95 1994 145 2020 est
167 1990 265 2020 lectio
288 1990 438 2028 Ferrarii,
464 1991 502 2021 de
527 1993 716 2030 conjectura
741 1993 791 2022 in-

95 2032 308 2072 terpretantis
325 2032 556 2073 compendium
579 2034 654 2065 Cos.
671 2034 705 2063 in
727 2043 789 2066 scr.

97 2078 131 2104 et
146 2074 217 2105 edd.
234 2085 283 2115 pr.
299 2085 338 2105 ex
353 2085 417 2114 quo
432 2075 487 2105 alii
510 2077 653 2106 consules
674 2076 791 2114 fecere,

96 2122 137 2146 ut
157 2116 272 2154 Aldus,
294 2117 350 2148 alii
372 2118 547 2153 consulem,
569 2123 609 2147 ut
634 2117 792 2158 Langius,

96 2158 242 2197 Faernus
255 2170 298 2196 os,
314 2169 389 2189 cum
404 2165 487 2190 esset
502 2159 536 2189 in
551 2160 626 2190 Vat.
640 2162 704 2190 hos.
729 2161 794 2191 Mi.

96 2210 152 2231 ror
164 2201 345 2231 Gruterum
359 2201 506 2232 Ferrario
521 2202 677 2239 obedisse,
690 2204 742 2241 qni
759 2205 792 2234 in

97 2242 170 2273 aliis
195 2243 384 2274 melioribus
412 2253 471 2274 nec
497 2244 557 2284 ipsi
584 2254 643 2274 nec
668 2245 794 2276 Faerno

872 1952 913 1980 34
924 1954 1117 1989 potestatem
1131 1950 1426 1991 sibi—nonficisse]
1444 1951 1531 1991 Quia

832 1993 1000 2032 superiora
1021 1993 1118 2024 verba
1144 1995 1328 2030 discessisse,
1356 1996 1532 2031 recessisse,

833 2035 997 2065 actionem
1035 2035 1174 2066 Antonii
1210 2037 1412 2076 exprimunt,
1450 2042 1533 2076 puto

835 2076 1065 2116 corrigendum
1079 2088 1148 2109 esse
1164 2079 1364 2118 nonsecisse.

878 2121 918 2149 35
934 2120 1098 2159 putabam
1102 2120 1198 2160 χόν-ε]
1229 2121 1399 2151 Putabam
1420 2121 1531 2151 nullus

835 2160 918 2191 liber
931 2171 995 2192 ser.
1015 2161 1126 2193 habet.
1160 2163 1294 2198 Addidit
1307 2164 1419 2194 Aldus.
1455 2164 1533 2193 Post

838 2212 947 2233 rursus
969 2202 1114 2234 deletum
1137 2215 1157 2235 a
1179 2205 1294 2236 Lamb.
1319 2206 1474 2242 Grutem,
1499 2207 1534 2236 in

838 2246 1034 2285 repetitione
1043 2246 1250 2277 Gruterianae
1261 2248 1286 2278 G
1293 2249 1470 2279 ronoviana
1479 2249 1535 2279 ad-

99 2285 258 2316 obediret.
275 2285 367 2316 nullo
384 2285 481 2316 modo
495 2296 608 2317 serum
630 2296 699 2317 esse
721 2293 794 2327 pot-

97 2333 160 2357 est.
175 2337 239 2367 quo
253 2328 350 2358 modo
360 2329 449 2359 enim
458 2329 618 2377 copulain
631 2331 796 2370 oculosque

99 2368 210 2400 locum
225 2369 344 2401 habere
357 2376 476 2410 potest,
491 2371 518 2400 si
532 2372 671 2402 consulis
684 2371 792 2410 legas?

101 2410 143 2441 ln
166 2411 230 2442 Ms.
247 2412 355 2443 Guelf.
370 2412 545 2453 explanate
566 2414 725 2453 scriptum
748 2420 800 2445 est

100 2455 276 2491 com-ulem,
301 2455 356 2494 qui
381 2461 432 2485 est
459 2454 692 2495 intelligendus
722 2456 800 2487 Hir-

101 2495 181 2527 tius.
226 2497 279 2526 Sic
292 2502 327 2527 et
341 2502 412 2528 erat
429 2498 463 2528 in
480 2497 677 2528 Franc.1d
700 2499 797 2537 edidi,

103 2536 204 2568 dum
196 2547 229 2568 m
245 2538 328 2568 libro
340 2540 462 2580 scripto
475 2540 592 2570 melius
603 2541 796 2580 reperiatur.

102 2589 180 2610 natu
205 2586 255 2611 est
281 2590 358 2612 sane
382 2581 544 2612 dubitatio
571 2583 607 2612 in
631 2593 684 2619 eo,
711 2584 799 2623 quod

104 2621 235 2652 Hirtius
263 2632 330 2653 non
358 2634 425 2655 una
449 2634 525 2654 cum
555 2624 671 2664 legatis
699 2635 800 2674 prope

105 2664 275 2695 Mutinam
298 2670 392 2697 erat:
416 2666 473 2697 sed
493 2671 606 2698 tamen
620 2667 655 2697 in
669 2669 802 2709 propin-

105 2717 170 2746 quo
184 2714 267 2737 erat.

148 2751 189 2780 33
211 2759 275 2779 nou
291 2749 381 2780 modo
400 2751 425 2781 i.
440 2760 457 2780 e
477 2751 517 2781 G
532 2761 596 2781 non
617 2751 709 2790 elisa]
736 2751 803 2782 De-

105 2789 170 2821 Ievi
191 2791 334 2821 alterum
359 2801 424 2822 non
447 2803 487 2822 ex
514 2793 690 2823 latinitatis
717 2793 801 2833 lege,

104 2833 182 2871 quia
201 2833 350 2873 sequitur
370 2844 411 2865 ne
435 2835 577 2874 quidem,
599 2841 634 2866 et
655 2835 761 2867 abfuit
783 2847 803 2868 a

105 2874 182 2907 Vat.
199 2875 306 2907 unde'
292 2886 366 2916 Jarn
382 2876 423 2910 ab
440 2877 512 2910 aliis
527 2877 673 2910 deletum
686 2883 749 2910 est.

837 2287 944 2318 ditum
971 2292 1022 2318 est
1047 2289 1164 2326 tacite,
1189 2290 1273 2320 forte
1297 2301 1316 2321 a
1339 2296 1533 2323 correctore.

837 2329 917 2360 Esse
939 2330 1191 2370 intelligendum
1213 2343 1231 2361 e
1250 2334 1450 2370 consolabor,
1464 2344 1534 2363 mo-

839 2373 913 2402 nuit
931 2372 1135 2403 Lambinus:
1159 2374 1246 2412 quod
1266 2382 1317 2405 est
1339 2381 1454 2406 tamen
1476 2376 1535 2405 du-

841 2424 927 2445 rum.
942 2424 1020 2444 nam
1037 2416 1122 2454 quod
1134 2422 1207 2456 post
1222 2419 1410 2447 cmzsolctbar
1426 2428 1534 2448 nec-es-

839 2458 938 2492 sario,
953 2465 991 2486 ut
1005 2458 1135 2497 opinor,
1151 2459 1285 2498 requirit
1300 2460 1434 2490 verbum
1451 2461 1533 2499 eius-

840 2499 941 2529 modi.
986 2498 1101 2538 Itaque
1124 2500 1241 2539 reliqui
1265 2501 1299 2531 in
1324 2507 1431 2538 textu,
1457 2502 1536 2533 dum

840 2541 979 2572 melius·
972 2551 1006 2570 ιιι
1021 2542 1111 2572 libris
1125 2543 1318 2582 reperiatur.

884 2584 925 2613 36
946 2593 1148 2623 quamquam
1171 2596 1214 2615 m.
1229 2596 1258 2624 q.
1275 2596 1307 2615 n.
1327 2595 1473 2625 unquam
1498 2587 1536 2615 ti.

843 2626 979 2665 morem]
998 2626 1105 2657 Verba
1120 2637 1266 2666 unquam
1289 2629 1438 2658 timorem
1460 2635 1539 2658 sunt

844 2677 864 2698 a
886 2668 1008 2707 glossa:
1032 2668 1214 2708 absuntque
1235 2679 1255 2699 a
1279 2669 1369 2699 libris
1394 2670 1540 2700 meliori-

844 2709 917 2741 bus.
939 2711 1076 2741 fortasse
1097 2717 1208 2741 totuin
1232 2715 1282 2741 est
1305 2722 1324 2741 a
1346 2712 1538 2751 glossatore.

845 2761 922 2782 nain
937 2753 1083 2792 profecto
1098 2758 1148 2783 est
1163 2754 1287 2789 durius,
1300 2762 1369 2783 tarn
1389 2755 1475 2784 brevi
1491 2755 1541 2785 iu-

844 2794 983 2824 tervallo
998 2804 1066 2825 esse
1083 2805 1296 2835 quamquam,
1311 2798 1473 2835 quamvis.

887 2840 927 2870 37
950 2847 983 2866 se
996 2847 1060 2867 non
1074 2842 1151 2867 ante
1165 2839 1435 2869 renuntiaturum
1450 2848 1542 2869 sena-

846 2878 914 2919 tui]
933 2879 1013 2917 Non
1034 2883 1112 2911 ante
1133 2879 1235 2911 delevi
1259 2891 1335 2912 cum
1362 2881 1488 2913 Fa‘e'rno
1510 2889 1544 2912 et
