1812 3147
176 154 221 188 19
239 146 436 200 precibus
460 147 724 189 restitissem.

235 47 311 84 773
820 45 1072 83 ORATIO

785 149 883 200 Sed,
906 165 1005 191 cum
1038 149 1143 190 mihi
1178 150 1344 206 patriae,
1377 165 1474 192 cum
1511 162 1676 195 vestro-

191 202 329 243 b·rum
364 204 662 259 periculorum,
684 220 783 247 cum
812 206 940 262 hujus
971 208 1103 258 urbis,
1125 221 1224 248 cum
1258 207 1427 249 illorum
1471 209 1672 252 delubro-

238 274 330 300 rum
354 271 482 316 atque
509 263 781 318 templorum,
804 279 902 305 cum
934 279 1164 319 puerorum
1186 264 1432 317 infantium,
1463 280 1562 307 cum
1584 281 1675 308 ma-

235 321 454 359 tronarum
491 335 540 360 ac
582 320 795 375 virginum
832 322 1030 361 veniebat
1062 322 1103 361 in
1136 331 1348 373 mentem3
1379 333 1422 364 et
1453 337 1553 363 cum
1586 322 1671 365 illae

235 373 403 416 infestat
436 391 486 416 ac
522 376 700 418 funestae
736 377 862 428 faces,
896 378 1227 433 universumque
1269 379 1400 419 totius
1444 381 1560 421 urbis
1603 379 1672 421 in-

234 432 449 482 cendium,
481 448 576 474 curn
612 433 708 484 tela,
750 448 848 475 eum
878 435 1033 485 caedes,
1065 449 1164 475 culn
1195 436 1356 476 civium
1395 451 1536 488 cruor,
1569 451 1671 478 cum

234 487 343 528 cinis
387 491 536 545 patriae
583 491 735 531 versari
779 501 877 531 ante
919 491 1081 541 oeulos,
1123 501 1252 546 atque
1296 493 1538 534 15ani1num
1578 509 1670 536 me-

233 546 371 586 moria
402 547 600 588 refricare
632 557 850 603 coeperat:
892 556 980 588 tum
1004 547 1188 602 denique
1217 549 1256 589 ei
1286 549 1551 602 resistebam,
1593 566 1669 593 ne-

233 616 317 657 que
348 603 484 644 solum
518 604 577 644 illi
609 604 722 645 hosti
762 620 812 645 ac
851 605 1090 659 parricidae,
1125 605 1197 646 sed
1231 604 1297 646 his
1329 606 1459 647 etiam
1495 610 1671 664 propin-

233 659 328 713 quis
367 661 492 711 illius,
536 660 769 712 Marcellis,
812 662 922 717 patri
956 671 999 702 et
1041 661 1145 712 filio,
1187 677 1369 716 quorum
1409 664 1514 704 alter
1551 666 1668 721 apud

232 731 301 756 me
334 719 520 772 parentis
562 718 834 773 gravitatem,
870 718 974 759 alter
1008 718 1083 759 filii
1128 720 1383 761 suavitatem
1415 721 1669 764 obtinebat:

233 788 370 828 neque
393 789 460 815 inc
481 775 719 816 arbitrabar
741 776 831 816 sine
862 790 1030 816 summo
1061 775 1215 817 scelere
1238 791 1377 832 posse,
1398 778 1514 832 quod
1537 779 1668 820 male-

234 830 379 872 ficium
404 832 445 872 in
476 832 568 872 aliis
603 832 901 882 vindicassem,
931 833 1042 873 idem
1076 833 1120 873 in
1153 833 1321 875 illorum
1357 835 1490 886 socio,
1517 836 1553 866 ¹6
1567 851 1667 878 cum

171 896 222 931 20
236 888 401 939 scirem,
423 888 664 930 defendere.
723 889 868 945 Atque
890 890 1002 930 idem
1033 903 1114 938 eqo
1137 905 1275 946 neque
1309 891 1358 932 P.
1383 892 1543 933 Sullam
1566 909 1668 949 sup-

183 1458 213 1511 7

234 944 387 1000 plicem
420 945 542 996 ferre,
566 961 704 1001 neque
734 947 906 988 eosdem
941 935 1184 998 Marcello&
1208 963 1284 1003 pro
1313 948 1440 1003 hujus
1464 950 1666 1005 periculis

231 1003 515 1058 lacrymantes
538 1003 771 1060 adspicere,
803 1018 940 1060 neque
972 1004 1099 1059 hujus
1133 1004 1198 1045 M.
1223 1004 1454 1058 Messallae,
1476 1007 1664 1050 hominis

231 1061 472 1111 necessarii,
496 1075 640 1116 preces
663 1063 871 1103 sustinere
889 1063 1024 1118 potui.
1049 1076 1185 1116 neque
1206 1062 1318 1103 enim
1352 1073 1417 1104 est
1439 1078 1567 1106 causa
1589 1065 1664 1106 ad-

232 1127 399 1158 versata
419 1127 598 1169 naturae,
617 1133 696 1160 nec
719 1119 864 1171 homo,
886 1133 964 1160 nec
985 1133 1048 1159 res
1069 1120 1375 1162 misericordiae
1407 1136 1514 1162 meae
1536 1136 1663 1178 repu-

231 1175 397 1227 gnavit.
431 1190 640 1230 nusquam
669 1191 839 1227 nomen,
873 1191 1082 1231 nusquam
1119 1176 1348 1232 vestigium
1371 1177 1534 1220 fuerat:
1567 1179 1662 1220 nul-

232 1230 316 1271 lum
341 1232 516 1283 crimen,
539 1233 701 1274 nullum
724 1234 945 1284 indicium,
967 1233 1081 1274 nulla
1098 1233 1299 1289 suspicio,
1361 1235 1539 1291 Suscepi
1561 1251 1664 1278 cau-

231 1302 336 1338 sam,
357 1287 588 1344 Torquate,
611 1291 793 1347 suscepi,
816 1301 860 1331 et
889 1290 971 1332 feci
996 1290 1191 1341 libenter,
1214 1300 1260 1331 ut
1290 1306 1371 1342 me,
1395 1306 1522 1347 quem
1557 1294 1660 1334 boni

229 1354 498 1386 constantem
521 1361 700 1403 semper,
724 1358 770 1389 ut
791 1363 930 1404 spero,
951 1348 1284 1406 existimassent,
1306 1350 1490 1390 eundem
1511 1364 1564 1391 ne
1581 1351 1663 1392 im·

231 1403 353 1457 probi
376 1403 549 1458 quidem
571 1405 785 1446 crudelem
816 1405 1022 1446 dicerent.

289 1459 375 1500 Hic
406 1461 466 1501 ait
497 1476 540 1502 se
571 1462 653 1513 ille,
678 1462 864 1517 judices,
897 1477 1075 1518 regnum
1100 1476 1240 1503 meum
1264 1461 1372 1503 ferre
1404 1477 1487 1504 non
1520 1479 1662 1520 posse.

166 1528 208 1563 21
231 1516 358 1563 Quod
391 1518 577 1570 tandem,
601 1519 833 1575 Torquate,
854 1523 1062 1576 regnum?
1094 1519 1354 1571 consulatus,
1378 1520 1521 1571 credo,
1546 1523 1660 1565 mei:

231 1574 269 1613 in
300 1589 386 1628 quo
414 1589 495 1631 ego
529 1577 734 1633 imperavi
766 1576 887 1628 nihil,
909 1577 981 1618 sed
1008 1586 1158 1618 contra
1187 1577 1379 1632 patribus
1402 1579 1660 1634 conscriptis

227 1641 270 1671 et
294 1632 416 1672 bonis
438 1634 638 1675 omnibus
664 1635 810 1690 parui:
841 1649 926 1689 quo
950 1635 994 1674 in
1019 1634 1272 1690 magistratu
1300 1649 1386 1675 non
1410 1634 1658 1678 institutum

227 1698 290 1728 cst
312 1705 336 1729 a
356 1704 438 1740 me,
454 1691 640 1745 judices,
663 1706 858 1747 regnum,
889 1694 924 1726 17
939 1691 1012 1732 sed
1034 1706 1119 1732 non
1143 1691 1411 1747 permissum.
1461 1692 1532 1734 An
1553 1702 1661 1746 tum,

227 1745 270 1786 in
296 1756 415 1787 tanto
448 1748 643 1804 imperio,
668 1758 789 1790 tanta
819 1757 1046 1805 potestate,
1072 1763 1157 1789 non
1189 1749 1296 1789 dicis
1328 1748 1458 1790 fuisse
1490 1765 1659 1806 regem3

224 1817 338 1845 nnnc
362 1804 591 1859 privatum,
613 1820 791 1863 regnare
812 1806 945 1848 dicis?
975 1821 1060 1861 quo
1081 1805 1251 1847 tandein
1275 1807 1472 1848 nomine?
1513 1808 1659 1860 Quod,

225 1859 268 1900 in
293 1876 399 1916 quos
426 1863 673 1904 testimonia
702 1863 867 1914 dixisti,
890 1863 1045 1918 inquit,
1067 1863 1258 1904 damnati
1283 1873 1402 1905 sunt:
1434 1879 1562 1919 quem
1588 1867 1661 1907 de-

226 1917 378 1969 fendis,
398 1929 540 1975 sperat
563 1935 606 1961 se
622 1921 868 1962 absolutum
889 1920 954 1961 iri.
1007 1920 1095 1962 Hic
1119 1920 1197 1961 tibi
1221 1935 1303 1977 ego
1326 1921 1378 1962 de
1402 1922 1660 1964 testimoniis

205 1976 330 2017 -meis
361 1976 443 2017 hoc
474 1978 741 2034 respondeo:
784 1979 819 2019 si
852 1977 1005 2019 falsum
1035 1978 1246 2030 dixerim5
1281 1981 1373 2018 18te
1406 1978 1450 2019 in
1491 1994 1564 2021 eos
1595 1980 1660 2021 di-

266 2119 301 2147 15
323 2118 473 2149 animum
499 2129 594 2150 mem.
620 2118 815 2160 ‘restit-abae]
841 2119 862 2150 i.
887 2130 915 2150 e.
959 2118 983 2150 l.
1009 2118 1148 2157 videtur,
1172 2129 1269 2159 quam
1284 2129 1343 2158 pro
1366 2129 1412 2156 re,
1427 2123 1460 2150 et
1476 2120 1584 2159 potius
1598 2130 1658 2160 pro

218 2160 375 2190 memoria
402 2171 513 2190 earum
546 2171 653 2192 rerum
676 2163 824 2192 animuin
848 2172 916 2192 rur·
960 2162 1132 2199 nucndare,
1156 2162 1287 2193 tradere
1310 2164 1343 2192 in
1362 2166 1555 2202 potestatem
1578 2163 1657 2193 dici·

217 2210 270 2230 sus
296 2203 343 2232 ita
365 2202 550 2240 adficiebat,
578 2209 616 2233 ut
644 2203 736 2233 dolor
760 2205 917 2244 pristinus

217 2244 465 2275 instauraretur.
498 2245 587 2276 Alias
603 2245 764 2285 refricare
778 2248 916 2276 dolorem

215 2291 249 2315 et.
271 2286 390 2316 similia
415 2287 542 2323 dicunt,
566 2288 587 2318 i.
605 2299 634 2318 e.
656 2289 746 2326 quasi
769 2288 915 2319 fricando

215 2328 408 2359 instaurare.
441 2329 503 2359 Sed
519 2330 647 2360 animus
663 2331 763 2360 veluti
778 2331 916 2361 fricatur

215 2371 385 2407 memoria,
401 2374 439 2400 ut
461 2371 555 2402 dolor
576 2373 751 2410 omitt-tur,
768 2373 858 2403 velut
883 2373 915 2403 in

214 2412 347 2442 vulnere
362 2422 427 2443 non
441 2415 578 2444 omnino
593 2420 720 2445 sanato,

260 2456 297 2485 16
319 2465 394 2485 cum
416 2456 546 2495 scirem]
573 2457 599 2485 V
604 2456 711 2486 idmur
736 2456 853 2495 glossae
874 2456 916 2486 si-

215 2498 311 2527 mile:
346 2498 405 2527 nisi
433 2499 558 2528 numeri
584 2498 733 2538 explendi
757 2509 871 2529 caussa
895 2509 915 2529 a

960 2209 1027 2240 tur,
1060 2215 1156 2243 quani
1187 2215 1244 2245 pro
1271 2214 1337 2234 non
1368 2204 1534 2245 impedire.
1579 2205 1656 2235 Non

960 2246 1063 2276 audeo
1078 2247 1260 2277 decernere.

1004 2291 1039 2319 18
1064 2293 1094 2319 ee
1121 2290 1156 2319 in
1179 2299 1228 2319 eos
1251 2288 1382 2327 dimisse]
1415 2288 1449 2319 P.
1482 2289 1656 2319 Manutius

960 2331 1210 2371 interpretatur,
1224 2335 1262 2361 tu
1276 2341 1403 2370 quoque
1417 2331 1449 2360 in
1465 2340 1518 2361 eos
1532 2331 1654 2368 dixisti,

959 2373 1102 2412 adeoque
1124 2378 1157 2403 et
1186 2374 1252 2414 ipse
1282 2373 1399 2403 falsum
1425 2373 1654 2403 testimonium

959 2415 1081 2445 dixisti.
1138 2416 1200 2446 Sed
1230 2415 1260 2445 id
1289 2425 1354 2444 non
1383 2415 1537 2444 convenit
1565 2416 1653 2445 satis.

960 2457 1079 2493 Immo,
1095 2462 1193 2497 atque
1208 2458 1255 2488 ita
1268 2457 1352 2487 idem
1367 2457 1397 2487 id
1411 2457 1529 2494 fecisti,
1543 2457 1576 2486 in
1592 2467 1656 2496 quo

960 2509 1097 2538 regnum
1120 2509 1230 2530 meum
1256 2499 1395 2539 intelligi
1424 2506 1530 2539 putas.
1575 2500 1656 2529 Mox

215 2540 371 2569 Cicerone
394 2539 540 2570 additum
562 2545 623 2577 est,
641 2542 695 2579 qui
709 2541 838 2571 sublato
857 2541 917 2570 hoc
953 2543 1095 2581 probare
1129 2541 1302 2572 delendum
1329 2541 1459 2581 judicat
1492 2542 1654 2571 Graevius.

213 2581 400 2619 languidior
415 2582 554 2612 videtur.
960 2584 1022 2613 Sed
1043 2584 1230 2623 Torquatus
1254 2594 1321 2614 non
1345 2584 1378 2614 in
1404 2583 1539 2613 dicendo
1562 2585 1657 2614 testi-

259 2628 290 2658 17
331 2625 385 2654 sed
414 2634 478 2653 mm
501 2625 715 2663 permissum]
754 2625 915 2654 Gruterus
959 2626 1072 2655 monio
1097 2636 1235 2666 regnum
1262 2626 1439 2665 qua-rebat,
1462 2625 1516 2656 seul
1546 2626 1580 2655 in
1603 2637 1655 2663 eo,

213 2666 245 2695 in
261 2667 387 2705 optimo
413 2666 562 2697 Palatino
587 2668 707 2706 reperit
723 2667 779 2697 secl
792 2677 916 2706 repres-
958 2668 1043 2706 quad
1068 2674 1200 2709 propter
1222 2669 1450 2699 testimonium
1474 2671 1544 2706 ejus
1565 2668 1657 2698 dam-

216 2718 283 2737 s‘nm
298 2721 304 2737 .-
328 2708 412 2748 quod
435 2710 555 2749 reecpit
577 2709 745 2745 Graevius;
769 2709 823 2747 qui
835 2719 909 2748 per·
954 2710 1024 2739 nati
1040 2711 1107 2740 sint
1122 2721 1130 2739 ι
1156 2712 1270 2741 Cicero
1286 2710 1471 2751 respondet,
1489 2720 1555 2739 non
1570 2711 1603 2739 in
1616 2720 1654 2740 eo

214 2753 341 2780 mittere
363 2760 503 2789 *regnum
529 2757 617 2781 reete
633 2751 695 2781 (lici
719 2761 785 2780 non
801 2756 909 2791 putat.
953 2762 1020 2781 esse
1045 2762 1197 2791 regnum,
1219 2753 1245 2782 si
1262 2753 1366 2791 jurati
1390 2753 1483 2782 testis
1505 2753 1655 2782 testimo-

212 2791 317 2822 qumo
336 2799 420 2823 recte
437 2793 575 2823 dicitur:
606 2793 659 2823 sed
677 2793 782 2823 lenius
795 2803 862 2823 esse
879 2793 910 2823 h.
956 2796 1048 2824 nium
1075 2796 1234 2834 probetur
1257 2795 1433 2834 judicibus.
1485 2794 1546 2824 Est
1574 2804 1652 2835 ergo
