1817 3169
298 119 395 151 1106
883 120 1132 159 ORATIO

294 225 445 258 statem
477 218 534 260 illi
572 229 759 266 nostram
791 238 1040 265 conservare
1070 224 1297 265 deberent:
1329 225 1478 278 89quae
1508 229 1625 264 certe
1642 221 1726 262 rni-

294 285 508 326 nueretur,
540 277 573 317 si
616 288 689 319 aut
721 280 987 335 adjutoribus
1031 281 1197 322 illorum
1228 280 1394 321 civibus
1427 280 1486 320 uti
1519 280 1562 320 in
1603 279 1725 320 bellis

295 331 419 371 nobis
443 348 525 375 non
549 334 708 386 liceret,
729 348 802 378 aut
833 338 997 393 praemii
1030 337 1243 378 tribuendi
1276 346 1528 393 potestatem
1563 336 1722 377 nullam

232 399 283 435 39
294 386 560 431 haberemus,
623 392 750 434 Nunc
772 409 870 435 vero
893 395 993 449 quid
1019 410 1099 450 ego
1121 405 1269 435 eontra
1291 394 1530 435 Gaditanos
1558 393 1724 448 loquar,

297 459 393 485 cum
437 447 494 497 id,
526 449 640 502 quod
682 450 880 501 defendo,
913 452 1131 491 voluntate
1171 465 1333 499 eorum,
1364 451 1632 500 auctoritate,
1665 449 1723 490 le-

187 502 470 557 p.63.gatione
501 505 592 560 ipsa
621 509 951 561 comprobetur?
981 508 1068 562 qui,
1091 522 1115 548 a
1138 507 1347 562 principio
1379 507 1442 547 sui
1474 507 1640 562 generis
1671 521 1722 546 ac

252 560 558 614 ³·reipublieae,
580 563 633 602 ab
656 564 772 604 omni
796 564 937 604 studio
958 578 1165 618 sensuque
1191 564 1422 603 Poenorum
1445 574 1606 604 mentes
1628 577 1724 604 suas

293 616 344 656 ad
388 627 581 658 nostrum
626 620 849 674 imperium
895 635 1134 674 nomenque
1176 621 1415 661 flexerunt?
1463 635 1585 674 quos,
1626 633 1726 661 cum

290 674 481 714 maxima
517 678 557 709 90
578 675 682 716 bella
726 678 849 717 nobis
900 677 1118 727 inferrent,
1163 677 1379 716 moenibus
1421 676 1722 717 excluserunt?

291 729 495 771 classibus
529 731 707 773 insecuti
742 736 866 774 sunt?
913 734 1180 789 corporibus,
1212 734 1362 788 copiis,
1393 733 1549 788 opibus
1590 733 1723 789 depu-

292 785 459 828 lerunt?
489 788 561 842 qui
598 798 641 829 et
683 800 867 831 veterem
901 791 1013 831 illam
1045 790 1232 846 speeiem
1278 789 1451 830 foederis
1496 788 1726 841 Marciani,

291 857 457 899 semper
477 848 511 878 9¹
531 847 647 886 omni
685 861 780 887 aree
811 848 1025 888 (luxerunt
1057 848 1327 896 sanctiorem,
1360 858 1400 886 et
1433 846 1515 886 hoc
1546 846 1725 898 foedere,

293 899 451 950 Catuli,
474 912 727 957 senatusque
749 905 1020 954 auctoritate,
1037 918 1080 944 se
1100 905 1322 945 nobiscum
1344 903 1721 958 conjunctissimos

291 971 380 998 esse
418 959 611 1007 arbitrati
655 964 779 1002 sunt?
820 976 1000 1015 quorum
1047 962 1221 1011 moenia,
1263 961 1452 1010 delubra,
1495 975 1634 1016 agros,
1677 969 1725 1002 ut

292 1014 383 1068 ipse
416 1014 623 1056 Hercules
670 1017 868 1058 itinerum
913 1033 962 1058 ae
997 1018 1186 1058 laborum
1231 1030 1416 1065 suorum,
1450 1017 1509 1058 sie
1542 1017 1724 1073 majores

294 1071 443 1121 nostri,
475 1071 641 1127 imperii
680 1089 729 1115 ac
760 1075 944 1115 nominis
984 1075 1129 1130 populi
1167 1074 1350 1115 Romani
1391 1075 1593 1115 terminos
1633 1089 1725 1117 esse

233 1128 545 1172 40voluerunt?
576 1129 805 1172 Testantur
826 1142 868 1171 et
889 1142 1079 1172 mortuos
1110 1142 1276 1172 nostros
1309 1132 1598 1187 imperatores,
1615 1146 1722 1186 quo-

295 1199 386 1224 rum
411 1185 517 1226 vivit
540 1186 790 1228 immortalis
812 1189 1018 1229 memoria
1048 1198 1090 1228 et
1113 1189 1261 1244 gloria,
1288 1189 1526 1243 Scipiones,
1551 1187 1723 1240 Brutos,

294 1240 516 1293 Horatios,
540 1243 726 1295 Cassios,
751 1244 966 1296 Metellos,
988 1255 1032 1286 et
1062 1245 1177 1286 hune
1210 1256 1460 1300 praesentem
1487 1245 1568 1286 Cn.
1593 1244 1724 1286 Pom-

291 1298 450 1353 peium,
469 1314 595 1354 quem
629 1302 777 1356 procul
808 1303 861 1342 ab
892 1317 1040 1343 eorum
1072 1302 1303 1352 moenibus,
1325 1316 1420 1343 acre
1451 1312 1494 1342 et
1519 1316 1724 1357 magnum

290 1354 446 1396 bellum
478 1368 712 1412 gerentem,
740 1368 979 1400 commeatu
1015 1359 1278 1414 pecuniaque
1303 1358 1534 1412 juverunt:
1566 1369 1609 1399 et
1640 1359 1722 1400 hoc

294 1421 486 1468 tempore
512 1414 605 1469 ipso
637 1415 842 1471 populum
875 1416 1135 1466 Romanum,
1154 1430 1280 1471 quem
1313 1415 1355 1456 in
1384 1416 1561 1456 caritate
1592 1430 1726 1456 anno-

289 1482 372 1518 nae,
408 1480 454 1510 ut
483 1486 597 1526 saepe
629 1483 727 1513 ante
759 1473 962 1524 fecerant,
994 1473 1208 1514 frumento
1238 1473 1528 1528 suppeditato,
1557 1471 1726 1513 levave-

293 1534 417 1568 runt:
449 1542 492 1568 se
527 1528 607 1569 lioc
629 1529 702 1583 jus
734 1544 823 1570 esse
846 1530 965 1581 velle,
989 1540 1036 1571 ut
1054 1530 1151 1580 sibi,
1173 1539 1216 1569 et
1239 1529 1396 1580 liberis,
1416 1529 1448 1569 si
1468 1529 1539 1584 qui
1562 1529 1724 1570 eximia

293 1583 451 1624 virtute
485 1584 657 1637 fuerint,
691 1586 747 1626 sit
776 1588 817 1627 in
852 1588 1006 1628 nostris
1037 1587 1201 1637 castris,
1221 1585 1276 1627 sit
1296 1586 1391 1626 92in
1417 1586 1722 1642 imperatorum

294 1641 530 1694 praetoriis,
563 1643 617 1682 sit
648 1643 830 1698 denique
861 1644 970 1685 inter
1002 1644 1124 1699 signa
1153 1654 1281 1698 atque
1312 1643 1353 1683 in
1382 1643 1472 1683 acie
1496 1643 1636 1693 locus;
1668 1643 1725 1683 sit

217 1697 361 1749 lsshis
384 1699 586 1752 gradibus
616 1700 842 1741 adscensus
875 1701 1003 1741 etiam
1032 1701 1084 1741 ad
1107 1700 1341 1741 civitatem.
1402 1699 1567 1745 Quodsi
1591 1698 1724 1750 Afris,

232 1774 276 1806 41
297 1754 328 1793 si
366 1755 523 1805 Sardis,
558 1756 590 1796 si
628 1756 847 1812 Hispanis,
874 1759 986 1813 agris
1016 1757 1314 1812 stipendioque
1340 1757 1543 1806 multatis,
1569 1756 1724 1797 virtute

293 1810 473 1866 adipisci
497 1811 596 1852 licet
617 1813 860 1855 civitatem:
886 1815 1112 1855 Gaditanis
1135 1823 1292 1864 autem,
1310 1813 1478 1863 officiis,
1499 1821 1723 1864 vetustate,

291 1867 388 1918 fide,
409 1869 620 1923 perieulis,
643 1870 806 1912 foedere
828 1871 1086 1926 conjunctiS,
1102 1870 1184 1910 hoc
1207 1870 1318 1911 idem
1338 1885 1423 1911 non
1441 1869 1612 1911 licebit:
1636 1885 1723 1911 non

289 1922 433 1966 foedus
467 1925 545 1966 sibi
590 1927 830 1978 nobiscum,
866 1929 936 1969 sed
971 1926 1257 1983 iniquissimas
1292 1927 1405 1981 leges
1442 1926 1665 1982 impositas
1698 1943 1724 1968 a

291 1982 414 2021 nobis
445 1996 535 2023 esse
564 1984 899 2025 arbitrabuntur.
960 1984 1102 2039 Atque
1135 1983 1461 2039 hane‚judices,
1485 1998 1568 2024 non
1600 1998 1624 2023 a
1655 1998 1723 2025 me

291 2038 395 2093 fingi
428 2040 681 2092 orationem,
713 2041 784 2084 sed
824 2056 890 2082 me
924 2042 1078 2092 dicere,
1110 2055 1207 2097 quae
1241 2040 1446 2082 Gaditani
1471 2040 1722 2096 judicarint,

332 2187 370 2216 29
401 2193 470 2222 (μαῖ’
497 2189 582 2215 certe
610 2187 826 2225 minueretur]
866 2186 905 2216 ln
933 2187 984 2217 ed.

290 2225 396 2254 Graev.
413 2235 520 2256 errore
535 2237 707 2265 operarum
722 2234 771 2258 est
787 2230 963 2259 minuetur.

331 2270 372 2300 90
394 2268 475 2297 bella
501 2269 587 2298 nobis
614 2269 832 2309 byei-rentur]
868 2271 984 2301 Putavi

290 2309 495 2339 scribendum
510 2320 577 2340 esse
592 2311 765 2350 inferrent,
784 2323 899 2352 nempe
916 2314 986 2342 1³oe-

291 2351 335 2380 ni.
380 2351 457 2390 Ejus
474 2351 621 2382 lectionis
637 2354 806 2392 vestigium
825 2354 927 2394 reperi
950 2356 984 2385 in

290 2393 354 2422 Ms.
368 2393 475 2423 Guell'.
491 2394 523 2422 in
539 2404 601 2432 quo
617 2400 683 2424 est:
708 2397 762 2434 qui
785 2406 860 2426 cum
879 2398 984 2427 maasi-

290 2444 345 2464 ma
361 2435 595 2474 nobisserrent.
640 2436 753 2475 ltaque
769 2439 884 2476 reeepi.

330 2480 367 2510 91
394 2478 480 2506 omni
502 2488 577 2507 arce
600 2479 807 2518 sanctiorem]
835 2480 915 2510 Haec
938 2480 983 2510 le-

289 2519 355 2548 ctio
376 2529 415 2549 ex
438 2519 530 2548 bonis
555 2519 644 2549 libris
666 2530 726 2550 ser.
751 2527 880 2560 recepta
902 2528 950 2551 est
965 2533 984 2552 a

289 2561 430 2591 Grutero
446 2567 479 2591 et
492 2562 714 2600 sequentibus,
724 2572 821 2601 quani
833 2568 865 2593 et
876 2563 983 2594 Guelf.

289 2602 397 2632 habet.
445 2602 526 2633 Edd.
540 2609 620 2633 vett.
633 2614 744 2633 omnes
760 2604 879 2634 [Πανία.
913 2605 983 2643 Ego

289 2654 364 2674 vero
381 2649 414 2674 et
428 2644 460 2674 in
481 2644 541 2674 hae
564 2645 654 2681 haesi,
673 2647 823 2685 venitque
846 2647 924 2676 olim
950 2648 982 2678 in

289 2692 435 2716 mentem
459 2696 534 2723 ara,
550 2687 637 2725 quod
658 2687 772 2717 deinde
795 2692 829 2717 et
849 2688 980 2719 Lambi-

289 2738 369 2757 num
394 2729 566 2768 conjecISSe
593 2733 627 2758 et
661 2729 838 2759 defendisse
868 2731 980 2769 reperi.

287 2769 339 2799 De
349 2772 525 2800 sanctitate
535 2770 658 2801 arcium
672 2771 753 2801 nihil
766 2772 878 2811 reperi.
895 2772 982 2802 Nam

288 2813 374 2851 quod
398 2812 606 2842 Guilielmius
635 2813 866 2843 confirmandae
891 2813 983 2844 lecti—

287 2853 359 2883 onis
387 2863 462 2884 arce
490 2855 524 2885 in
551 2855 615 2886 Ms.
644 2855 714 2886 Ers.
745 2862 818 2886 tum
847 2861 983 2898 repertae

1029 2196 1138 2223 nausa,
1155 2187 1187 2216 in
1204 2186 1310 2217 Plauti
1327 2184 1496 2215 Poennlum
1512 2195 1539 2214 c.
1555 2187 1584 2215 5.
1599 2185 1725 2225 profert

1030 2228 1137 2258 locum
1164 2229 1328 2260 Ciceronis
1353 2228 1386 2257 in
1409 2227 1553 2257 Verrinis
1570 2227 1609 2257 de
1633 2227 1721 2266 lege:

1029 2272 1079 2300 liic
1088 2275 1216 2310 portus,
1231 2272 1295 2299 hoec
1307 2279 1382 2306 arx,
1395 2271 1460 2298 hoec
1472 2278 1536 2298 ara
1549 2269 1706 2300 sociorum
1715 2283 1724 2299 :

1029 2312 1059 2342 id
1076 2312 1116 2343 ad
1130 2312 1337 2342 securitatem
1350 2311 1504 2351 pertinet,
1517 2320 1582 2340 non
1595 2310 1636 2341 ad
1649 2322 1723 2343 eam

1027 2354 1251 2389 sanctitatem,
1266 2362 1338 2392 quae
1366 2352 1418 2382 hie
1447 2352 1587 2391 intelligi
1613 2352 1721 2384 debet.

1026 2396 1070 2427 At
1083 2404 1162 2426 aras
1175 2399 1307 2425 sanctas
1321 2394 1397 2431 dici,
1412 2393 1451 2424 ab
1475 2395 1644 2433 religione,
1663 2405 1722 2425 no-

1025 2438 1190 2468 tissimum
1204 2442 1266 2472 est,
1281 2441 1315 2467 et
1329 2436 1407 2466 alias
1423 2436 1493 2466 aliis
1515 2446 1582 2467 esse
1601 2438 1722 2467 sancti-

1026 2489 1110 2515 ores,
1128 2479 1307 2517 religiosius
1324 2478 1385 2508 coli
1399 2489 1408 2515 ;
1434 2477 1518 2508 unde
1534 2479 1649 2509 Cicero
1666 2479 1722 2509 ad-

1025 2520 1074 2554 dit
1101 2522 1205 2551 omni:
1230 2520 1315 2559 quod
1342 2521 1413 2551 arci
1439 2521 1595 2559 junctum
1624 2520 1720 2560 plane

1026 2563 1138 2601 friget.

1067 2606 1108 2638 9⁶3
1131 2605 1166 2634 in
1187 2604 1300 2643 imper.
1321 2603 1494 2643 prator-iis]
1521 2602 1660 2643 Nempe,
1683 2608 1723 2634 ut

1026 2646 1093 2676 sint
1113 2656 1224 2676 eorum
1251 2645 1516 2675 contubernales:
1541 2645 1580 2675 de
1607 2645 1723 2684 quibus

1025 2698 1054 2718 v.
1065 2689 1097 2718 in
1111 2689 1200 2719 Clav.
1211 2689 1328 2718 Cetera
1342 2688 1507 2727 pertinent
1522 2697 1573 2723 ρο,
1587 2692 1624 2717 ut
1638 2688 1725 2718 inter

1025 2729 1144 2760 auxilia
1161 2731 1249 2760 loeus
1265 2731 1306 2759 sit
1321 2730 1502 2759 Gaditanis
1522 2729 1553 2759 id
1576 2733 1668 2769 patet
1683 2739 1722 2760 ex

1025 2782 1076 2808 eo,
1091 2772 1176 2811 quod
1199 2773 1236 2801 iis
1257 2772 1445 2801 uulneribus
1467 2770 1584 2810 gradus
1603 2771 1723 2801 divitur

1027 2814 1095 2843 fieri
1111 2814 1214 2852 adjus
1228 2814 1380 2844 civitatis.
1399 2823 1475 2843 nam
1490 2813 1524 2844 in
1539 2813 1722 2854 legionibus

1026 2856 1109 2886 cives
1124 2855 1220 2886 modo
1235 2865 1303 2886 csse
1317 2860 1465 2896 possunt.
