1817 3169
472 131 588 170 PRO
617 132 661 171 L.
690 132 1004 169 CORNELIO
1031 132 1240 169 BALBO.
1471 131 1568 166 1113

136 234 233 277 dere
260 234 469 290 jubebat:
501 236 607 276 3lab
644 235 725 276 hoc
763 234 914 290 impari
954 234 1201 283 certamine,
1243 242 1371 288 atquc
1413 233 1572 289 injusta

137 294 414 333 contentione
433 294 657 333 avocabat.
721 292 775 332 Et
798 301 887 332 erat
911 306 1034 345 aequa
1057 290 1140 339 lex,
1162 303 1204 330 et
1232 292 1369 340 nobis,
1387 275 1614 345 judices,2

137 359 264 404 atquc
286 350 501 399 omnibus,
523 350 595 404 qui
619 350 775 389 nostris
800 348 1164 389 familiaritatibus
1191 347 1481 402 implicantur,
1504 361 1574 387 ve-
1586 345 1638 378 60

138 406 359 446 hemcnter
382 405 512 457 utilis,
536 417 582 447 ut
614 416 778 446 nostras
810 404 1058 445 inimicitias
1091 403 1172 460 ipsi
1203 403 1313 443 inter
1346 418 1422 443 nos
1456 417 1577 458 gera-

139 476 246 513 mus,
280 463 429 503 amicis
472 474 713 504 nostrorum
757 462 1030 503 inimicorum
1068 470 1368 515 temperemus,
1403 459 1508 508 eAc,
1542 459 1574 500 si

137 533 233 560 mea
254 520 486 561 auctoritas
511 521 612 561 satis
635 519 747 575 apud
777 519 869 560 illos
893 520 935 559 in
970 518 1048 559 hac
1079 531 1124 558 re
1153 516 1353 572 ponderis
1387 516 1578 567 haberet,

138 591 234 616 cum
270 590 336 617 me
369 577 605 632 praesertim
643 591 782 617 rerum
819 577 1038 626 varietate,
1066 584 1194 629 atque
1229 588 1305 614 usu
1345 573 1454 628 ipso,
1485 572 1579 626 jam

141 633 392 688 perdoctum
417 634 632 675 viderent:
666 635 796 674 etiam
819 634 873 674 ab
897 633 976 674 illis
998 647 1070 673 eos
1094 631 1328 686 majoribus
1351 630 1578 670 discordiis

139 705 379 731 avocarem.
439 694 479 722 32⁷
498 690 547 731 [d
571 692 685 732 enim
713 689 971 731 contendere
1003 689 1109 730 mihi
1141 689 1193 728 de
1228 686 1460 743 republica,
1482 700 1581 726 cum

141 747 185 787 id
207 747 425 798 defendas,
441 748 556 802 quod
577 761 667 788 esse
690 747 902 802 optimum
927 747 1099 795 sentias,
1118 754 1160 786 et
1180 744 1357 785 fortium
1378 744 1581 794 virorum,

140 814 184 844 et
222 819 475 859 magnorum
511 804 736 845 hominum
772 818 938 860 semper
972 802 1144 858 putavi:
1179 815 1316 856 neque
1349 800 1451 842 huic
1489 815 1584 840 um-

142 876 270 916 quam
307 862 456 912 labori,
489 861 650 912 officio,
684 862 849 901 muneri
882 860 1015 901 defui.
1049 859 1122 900 sed
1151 858 1388 908 contentio,
1419 857 1583 898 tamdiu

144 919 310 974 sapiens
333 927 411 969 est,
433 918 637 973 quamdiu
661 928 734 958 aut
757 917 930 973 proficit
952 916 1128 973 aliquid,
1150 925 1238 966 aut,
1268 915 1300 955 si
1337 929 1421 962 non
1450 914 1582 970 profi-

143 975 217 1026 cit,
249 989 334 1015 non
366 976 490 1016 obest
520 975 703 1015 civitati.
767 975 991 1015 Voluimus
1020 973 1234 1029 quaedam,
1266 972 1639 1022 contendimus‚61

143 1033 310 1088 experti
334 1046 501 1073 sumus:
535 1033 714 1072 obtenta
736 1046 821 1072 non
845 1041 957 1072 sunt.
989 1031 1179 1072 dolorem
1211 1029 1297 1080 alii,
1320 1044 1396 1069 nos
1418 1029 1581 1069 luctum

144 1103 453 1144 maeroremque
476 1089 756 1145 suscepimus.
816 1088 906 1130 Cur
928 1103 992 1140 ea,
1015 1102 1111 1142 quae
1137 1096 1302 1127 mutare
1325 1101 1409 1126 non
1433 1100 1584 1142 possu-

145 1161 254 1196 mus,
276 1145 514 1187 convellere
537 1147 764 1197 malumus,
786 1161 915 1202 quam
939 1145 1074 1186 tueri?
1108 1143 1389 1185 oca-:sarem
1414 1152 1584 1183 senatus

147 1213 191 1244 et
222 1218 378 1259 genere
414 1202 775 1258 supplicationum
817 1202 1082 1258 amplissimo
1119 1201 1303 1251 ornavit,
1332 1208 1375 1241 et
1408 1214 1585 1240 numero

147 1260 312 1301 dierum
337 1275 465 1301 novo.
527 1260 664 1311 Idem,
687 1260 730 1300 in
753 1259 964 1315 angustiis
996 1258 1160 1300 aerarii:
1194 1258 1400 1298 victorem
1422 1256 1589 1298 exerci-

149 1327 240 1358 tum
273 1317 488 1373 stipendio
522 1317 692 1358 affecit:
729 1316 977 1372 imperatori
1009 1316 1159 1357 decem
1188 1315 1353 1370 legatos
1384 1314 1588 1363 decrevit,

146 1374 239 1430 lege
283 1374 538 1429 Sempronia
576 1374 891 1415 succedendum
929 1388 1018 1414 non
1055 1373 1236 1413 censuit.
1300 1371 1468 1412 Harum
1504 1385 1587 1424 ego

150 1432 454 1472 sententiarum
478 1441 520 1471 et
550 1432 747 1487 princeps
777 1441 821 1472 et
853 1441 1002 1472 auctor
1033 1429 1121 1471 fui:
1153 1443 1292 1484 neque
1325 1443 1394 1469 me
1425 1428 1590 1468 dissen-

151 1488 259 1529 sioni
285 1502 388 1529 meae
412 1488 605 1544 pristinae
630 1489 776 1544 putavi
802 1488 944 1544 potius
973 1486 1184 1536 assentiri,
1206 1500 1335 1541 quam
1367 1484 1589 1541 praeseuti-

152 1546 230 1586 bus
254 1545 502 1601 reipublicae
526 1546 790 1601 temporibus
813 1556 856 1586 et
876 1544 1120 1586 concordiae
1143 1546 1183 1574 33
1197 1543 1443 1584 convenire.
1488 1541 1588 1582 Non

150 1602 264 1644 idem
287 1603 379 1643 aliis
402 1603 586 1644 videtur.
618 1612 717 1643 sunt
748 1603 927 1644 fortasse
959 1602 1002 1642 in
1033 1601 1247 1641 sententia
1267 1600 1492 1641 firmiores.
1525 1613 1590 1639 re-

149 1659 367 1716 prehendo
389 1659 603 1701 neminem
622 1676 632 1702 :
656 1660 728 1700 sed
751 1660 959 1701 assentior
979 1673 1067 1699 non
1089 1658 1317 1698 omnibus:
1342 1670 1480 1711 neque
1499 1670 1590 1696 esse

152 1717 435 1758 inconstantis
472 1726 593 1772 puto,
626 1718 882 1758 sententiam
915 1716 1117 1770 aliquam,
1160 1725 1379 1769 tamquam
1417 1713 1589 1767 aliquod

151 1774 389 1829 navigium,
412 1784 540 1829 atque
561 1788 747 1825 cursum,
770 1789 822 1815 ex
847 1773 1095 1829 reipublicae
1120 1782 1375 1827 tempestate
1396 1771 1591 1811 modera-

153 1831 205 1872 ri.
256 1832 339 1872 Sed
362 1831 394 1871 si
418 1832 492 1886 qui
514 1841 627 1882 sunt,
649 1832 806 1887 quibus
827 1831 1044 1871 infinitum
1069 1829 1125 1869 sit
1146 1829 1309 1880 odium,
1332 1829 1375 1868 in
1397 1842 1505 1882 quos
1527 1841 1590 1867 se-
1602 1832 1653 1867 62

156 1887 239 1929 mel
269 1897 513 1944 susceptum
547 1889 624 1940 sit,
655 1903 762 1943 quos
791 1888 916 1930 video
937 1901 1029 1928 esse
1060 1885 1315 1927 nonnullos:
1348 1899 1446 1925 cum
1470 1884 1635 1926 ‹luci-1³-
1649 1881 1702 1912 68.

156 1945 236 1986 bus
266 1945 383 2001 ipsis,
415 1959 500 1985 non
522 1960 621 1986 cum
645 1947 856 1987 comitatu
889 1943 1306 1998 assectatoribusque
1336 1934 1633 1998 confligaiit.³‘

159 2001 281 2043 Illam
303 2002 416 2043 enim
439 2001 617 2044 fortasse
639 2003 919 2059 pertinaciam
946 1999 1156 2052 nonnulli,
1179 1999 1380 2040 virtutem
1409 1998 1481 2040 alii
1515 2013 1595 2054 pu-

158 2060 336 2101 tabunt:
369 2058 480 2100 hanc
511 2073 610 2100 vero
632 2060 906 2115 iniquitatem
936 2072 1100 2108 omnes,
1121 2071 1221 2098 cum
1250 2057 1394 2111 aliqua
1415 2055 1598 2097 crudeli-

159 2126 247 2157 tate
268 2115 563 2171 conjunctam.
624 2117 723 2167 Sed,
746 2118 779 2157 si
801 2126 1018 2158 certorum
1049 2114 1275 2154 hominum
1297 2123 1460 2154 mentes
1482 2112 1599 2153 nulla

157 2174 323 2214 ratione
346 2173 528 2229 placare,
547 2173 731 2228 judices,
755 2187 1006 2229 possumus:
1038 2179 1202 2212 vestros
1224 2170 1397 2226 quidem
1429 2170 1596 2212 animos

159 2240 273 2272 certe
296 2230 568 2282 confidimus,
603 2246 688 2272 non
712 2231 904 2272 oratione
937 2238 1097 2280 nostra,
1129 2228 1201 2269 sed
1233 2227 1503 2268 humanitate
1527 2241 1597 2268 ve-

161 2297 248 2328 stra
268 2302 358 2328 esse
380 2287 586 2343 placatos
1612 2308 1681 2357 23

215 2345 333 2391 Quid
354 2359 466 2385 enlm
491 2353 570 2395 est,
591 2359 667 2386 cur
686 2360 771 2386 non
795 2344 938 2402 potius
970 2343 1023 2384 ad
1044 2356 1254 2384 summam
1276 2341 1446 2383 laudem
1479 2341 1596 2393 huic,
1612 2379 1663 2413 ὃς

205 2497 243 2525 31
260 2494 302 2525 ab
315 2496 371 2525 hoc·
385 2495 508 2535 impari
522 2495 616 2536 cert]
635 2496 686 2526 Sic
701 2501 734 2526 et
750 2495 859 2526 Guelf.
903 2495 960 2526 Ita
981 2495 1067 2526 enim
1093 2493 1281 2525 contendere
1306 2493 1345 2524 de
1366 2502 1436 2532 rep.
1451 2502 1525 2522 cum
1541 2492 1600 2522 διο.

165 2536 254 2568 Bene
268 2537 410 2577 primum
425 2548 442 2568 e
462 2539 652 2577 conjectura
667 2538 859 2575 Lambinus,
903 2538 965 2568 Sed
981 2537 1097 2568 melius
1112 2537 1213 2567 etiam
1228 2540 1266 2566 ut
1284 2546 1343 2576 pro
1359 2545 1434 2565 eum
1448 2534 1600 2571 dedisset,

165 2584 239 2618 post
257 2589 274 2608 e
290 2580 353 2609 Ms.
370 2579 438 2609 Pal.
454 2580 555 2610 edidit
569 2581 740 2610 Gruterus.
776 2580 859 2611 Edd.
903 2586 942 2610 ut
954 2579 1084 2609 volebat
1100 2579 1249 2609 Ursinus.
1294 2578 1366 2617 Ego
1378 2583 1458 2617 puto
1472 2577 1601 2607 Cicero-

168 2625 249 2651 vett.
265 2627 299 2650 et
311 2621 389 2650 Mss.
411 2621 467 2651 alii
483 2621 532 2652 rel
555 2623 717 2662 imperito,
733 2622 782 2653 vel
800 2623 862 2652 z'm-
905 2632 980 2652 nem
1007 2622 1183 2662 scripsisse,
1200 2619 1336 2650 Etenim
1358 2618 1546 2648 contendere
1569 2618 1600 2647 d.

164 2663 263 2701 probo
276 2662 410 2692 habent.
905 2675 935 2694 r.
950 2665 1008 2695 διο.
1034 2664 1085 2693 Sic
1100 2663 1249 2703 placebat
1263 2667 1297 2691 et
1310 2660 1479 2692 Abramio.

212 2706 252 2734 32
267 2704 310 2734 Id
322 2704 407 2734 enim
420 2705 607 2735 contendere
622 2706 702 2735 mihi
717 2706 755 2734 de
776 2704 862 2744 rep.]
949 2709 988 2736 33
1003 2705 1184 2743 convenire]
1210 2703 1375 2733 Vitiosum
1393 2707 1444 2732 est
1465 2702 1534 2731 sine
1548 2699 1607 2730 du·

172 2742 211 2774 In
227 2745 287 2775 hoc
302 2746 373 2776 loco
388 2745 479 2776 valde
493 2746 692 2777 dissentiunt
714 2747 788 2777 libri
803 2756 864 2777 scr.
907 2748 972 2778 bio.
988 2747 1026 2777 de
1042 2748 1136 2776 rebus
1151 2747 1212 2776 hoc
1227 2745 1360 2781 dicitur,
1384 2753 1451 2774 non
1474 2743 1512 2773 de
1537 2751 1609 2783 per·

171 2792 206 2816 et
220 2786 290 2817 edd.
328 2788 391 2817 Ms.
407 2787 516 2819 Guelf.
552 2790 594 2819 Id
615 2790 700 2819 euim
721 2789 867 2819 concede·
910 2791 1009 2820 sonis.
1048 2788 1194 2819 Graevins
1208 2787 1377 2826 eleganter
1398 2785 1537 2826 conjecit
1560 2785 1610 2814 in-

172 2837 241 2858 rem
264 2829 303 2859 de
322 2839 389 2868 rep.
427 2830 495 2860 Erf.
512 2831 611 2860 etiam
633 2831 867 2861 contenderem.
911 2832 1042 2862 servire.

172 2869 318 2900 Graevius
346 2871 446 2901 edidit
470 2882 486 2901 e
514 2874 702 2911 conjectura
729 2872 843 2902 Ursini
859 2884 866 2901 ι
