1785 3185
381 115 729 155 PHILIPPICA
771 113 1269 156 QUARTADECIMA.
1437 113 1537 150 14:35

106 219 165 261 da
185 220 416 262 discedere.
475 219 619 275 Atque
648 219 957 269 animadverto,
980 226 1119 274 patres
1140 215 1391 272 conscripti,
1411 230 1539 272 quos·
1553 221 1579 256 8

110 277 209 318 dam
231 277 332 319 huic
353 277 496 318 favere
528 277 752 318 sententiae
772 293 781 319 :
812 289 993 332 quorum
1016 290 1065 316 ea
1096 289 1230 325 mens,
1254 274 1380 329 idque
1401 273 1543 315 consi-

109 333 215 374 lium
228 343 306 385 est,
329 342 390 384 ut,
412 348 509 375 cum
530 334 717 385 videant,
731 333 1084 390 gloriosissimum
1106 331 1223 372 illum
1246 330 1302 372 D.
1326 330 1462 371 Bruto
1478 329 1545 370 fu·

112 398 256 432 turum
274 391 402 441 diem,
433 406 518 446 quo
551 391 620 432 die
642 401 815 447 propter
850 390 942 445 ejus
975 388 1152 429 salutem
1187 387 1467 428 ssredierimus
1489 387 1544 428 ad

113 448 333 499 vestitum,
355 448 469 488 hunc
493 457 659 488 tantum
692 449 730 489 ei
754 447 940 489 fructum
970 446 1131 501 eripere
1164 445 1356 500 cupiant,
1379 458 1430 484 ne
1455 458 1544 484 me-

112 505 262 546 moriae
294 505 620 561 posteritatique
652 505 873 561 prodatur,
895 513 1068 560 propter
1099 502 1225 543 unius
1247 501 1353 542 civis
1377 501 1545 555 pericu-

113 560 200 602 lum
234 562 438 618 populum
474 561 719 603 Romanum
752 562 804 603 ad
835 576 937 617 saga
969 560 1109 611 ivisse,
1146 568 1322 615 propter
1351 557 1544 613 ejusdem

117 617 294 659 salutem
330 620 485 660 redisse
517 619 567 660 ad
602 629 740 676 togas.
773 617 909 660 tollite
940 617 1068 668 hanc,
1101 615 1260 657 nullam
1291 625 1378 656 tam
1402 629 1544 670 pravae
1557 608 1676 679 29⁵9·

114 676 345 723 sententiae
373 691 543 718 causam
578 676 812 733 reperietis.
870 675 958 715 Vos
991 688 1105 724 vem,
1130 682 1268 729 patres
1296 671 1545 726 conscripti,
1579 672 1586 679 ’

116 742 367 774 conservate
396 734 695 775 auctoritatem
721 743 918 782 vestram,
943 739 1110 772 manete
1133 732 1173 771 in
1199 729 1426 779 sententia,
1450 733 1468 760 3
1485 738 1547 768 te·

114 799 215 831 nete
249 802 387 831 vestra
418 792 637 842 memoria,
667 790 781 845 quod
815 803 928 846 saepe
959 787 1221 837 ostendistis,
1252 786 1379 842 hujus
1413 786 1548 826 totius

118 846 217 887 belli
251 847 294 887 in
328 847 453 889 unius
475 848 554 888 viri
587 847 807 889 fortissimi
839 855 883 887 et
911 845 1091 886 maximi
1116 845 1202 885 vita
1235 844 1424 899 positum
1455 856 1547 883 esse

116 903 360 945 discrimen.
420 904 487 946 Ad
516 904 573 946 D.
610 905 792 946 Brutum
825 903 1088 945 liberandum
1111 901 1242 957 legati
1275 900 1408 950 missi,
1430 897 1591 955 prin-⁶2

118 960 235 1015 cipes
257 962 460 1013 civitatis,
481 963 553 1017 qui
577 962 635 1003 illi
660 962 771 1003 hosti
794 977 843 1003 ac
871 960 1094 1016 parricidae
1116 958 1431 1007 denuntiarent,
1454 965 1502 997 ut
1524 969 1585 1002 a4

118 1015 298 1059 Mutina
328 1019 587 1061 discederet:
620 1019 810 1075 ejusdem
846 1017 903 1059 D.
938 1017 1063 1058 Bruti
1096 1014 1376 1056 conservandi
1410 1014 1550 1070 gratia

119 1075 270 1116 consul
288 1077 440 1117 sortitu
463 1077 513 1117 ad
539 1076 692 1118 bellum
717 1075 933 1132 profectus
956 1073 1010 1115 A.
1035 1073 1232 1124 Hirtius3
1269 1072 1392 1127 cujus
1412 1071 1550 1112 imbe-

119 1131 340 1173 cillitatem
378 1133 636 1185 valitudinis,
659 1134 789 1174 animi
817 1133 966 1184 virtus,
988 1141 1032 1172 et
1061 1144 1155 1186 spes
1179 1130 1372 1170 victoriae
1394 1127 1556 1170 confir-

118 1189 256 1230 mavit
275 1206 284 1230 2
318 1189 477 1241 Caesar,
500 1206 612 1242 cum,
634 1191 825 1231 exercitu
861 1203 934 1245 per
960 1203 1002 1230 se
1035 1196 1301 1243 comparato,
1322 1189 1343 1217 4
1359 1201 1383 1226 a
1402 1185 1555 1241 primis

121 1246 311 1302 pestibus
333 1248 635 1304 rempublicam
659 1248 892 1298 liberasset,
910 1260 963 1286 ne
984 1245 1084 1301 quid
1106 1254 1254 1301 postea
1278 1243 1446 1284 sceleris
1466 1243 1554 1284 ori-

120 1314 251 1355 retur,
285 1304 502 1360 profectus
533 1315 597 1346 est
618 1305 670 1346 ad
702 1304 882 1345 eundem
907 1303 1090 1344 Brutum
1111 1298 1394 1352 liberandum,
1425 1298 1551 1341 vicit-

119 1375 204 1414 que
237 1361 428 1403 dolorem
460 1362 642 1418 aliquem
677 1361 960 1403 domesticum
994 1359 1143 1416 patriae
1177 1358 1369 1403 caritate.
1431 1356 1588 1403 Quid&

122 1416 176 1458 C.
201 1417 341 1458 Pansa
371 1419 462 1475 egit
494 1420 608 1461 aliud
638 1419 872 1460 delectibus
896 1417 1117 1467 habendis,
1149 1415 1341 1472 pecuniis
1374 1429 1553 1470 compa-

121 1475 281 1527 randis,
311 1476 688 1518 senatusconsultis
710 1475 915 1517 faciendis
937 1473 1200 1531 gravissimis
1222 1473 1266 1514 in
1296 1471 1557 1522 Antonium,

121 1532 249 1573 nobis
280 1533 570 1584 cohortandis,
610 1533 768 1590 populo
807 1532 1005 1573 Romano
1042 1531 1096 1573 ad
1132 1544 1304 1572 causam
1341 1528 1555 1570 libertatis

125 1590 336 1641 vocando,
361 1591 439 1632 nisi
463 1601 510 1632 ut
533 1590 589 1632 D.
614 1591 772 1633 Brutus
794 1590 1070 1631 liberaretur?
1101 1603 1126 1629 a
1147 1602 1233 1644 quo
1256 1586 1439 1644 populus
1465 1585 1559 1627 Ro-

124 1660 277 1688 manus
310 1647 506 1703 frequens
536 1649 596 1689 ita
618 1649 796 1689 salutem
821 1646 878 1689 D.
901 1646 1027 1688 Bruti
1049 1660 1134 1687 una
1154 1659 1260 1685 voce
1282 1643 1559 1700 depoposcit,

125 1712 175 1744 ut
203 1718 296 1745 eam
321 1707 436 1746 5non
471 1705 607 1746 solum
637 1705 876 1746 commodis
907 1704 1008 1756 suis,
1041 1703 1114 1744 sed
1144 1702 1273 1744 etiam
1307 1701 1556 1742 necessitati

125 1761 266 1802 victus
308 1762 552 1804 anteferret.
583 1764 698 1818 quod
729 1776 896 1818 sperare
926 1776 1004 1802 nos
1035 1759 1208 1815 quidem
1239 1759 1459 1809 debemus,
1481 1772 1558 1814 pa-

127 1825 212 1858 tres
234 1820 482 1876 conscripti,
509 1829 583 1861 aut
615 1820 722 1861 inibi
742 1834 846 1871 esse,
868 1818 1049 1874 autjam
1071 1831 1162 1858 esse
1191 1815 1459 1858 confectum:
1484 1814 1559 1860 sed

124 1875 217 1930 Spei
248 1875 436 1917 fructum
466 1878 524 1919 rei
556 1877 758 1919 convenit
778 1885 822 1917 et
851 1875 1022 1917 eventui
1045 1873 1262 1924 reservari,
1284 1887 1337 1914 ne
1359 1882 1433 1913 aut
1455 1872 1558 1914 deo-

125 1946 221 1973 rum
252 1933 558 1975 immortalium
590 1934 845 1975 beneficium
877 1933 1153 1974 festinatione
1173 1930 1460 1987 praeripuisse,
1483 1937 1558 1971 aut

129 1990 218 2030 vim
242 1990 427 2032 fortunae
451 1991 634 2032 stultitia
655 1991 932 2032 contemsisse
955 1990 1188 2031 videamur.

186 2047 271 2088 Sed
291 2049 496 2103 quoniam
531 2049 789 2104 significatio
825 2057 964 2090 vestra
987 2047 1088 2087 satis
1118 2045 1318 2096 declarat,
1339 2043 1443 2099 quid
1474 2042 1594 2094 hace}

123 2104 183 2150 ,de
205 2119 249 2145 re
279 2106 496 2147 sentiatis:
530 2107 581 2147 ad
613 2106 775 2147 litteras
805 2105 990 2155 veniam,
1012 2119 1109 2159 quae
1140 2112 1241 2144 sunt
1263 2117 1288 2142 a
1309 2099 1558 2142 consulibus

126 2172 172 2203 et
192 2177 217 2203 a
239 2173 503 2219 propraetore
524 2162 681 2214 missae,
702 2163 736 2204 si
769 2177 905 2219 pauca
924 2171 1038 2212 ante,
1059 2175 1156 2217 quae
1188 2159 1241 2200 ad
1264 2159 1375 2216 ipsas
1397 2158 1559 2199 litteras

127 2220 388 2275 pertineant,
425 2221 590 2262 dixero.
651 2219 813 2262 Imbuti
851 2219 1058 2279 sanguine
1096 2217 1242 2274 gladii,
1280 2225 1422 2273 patres
1457 2218 1606 2269 con-3

170 2353 191 2382 2
212 2352 405 2383 redierimus
425 2352 471 2382 ad
489 2349 655 2390 vestitum]
692 2349 826 2381 Malunt
867 2349 996 2390 petitio.
1041 2349 1196 2380 Ceterum
1217 2351 1324 2378 vestra
1338 2346 1424 2377 forte
1439 2345 1479 2376 ad
1493 2355 1566 2375 sen-

127 2393 260 2432 quidam
275 2405 293 2424 e
308 2394 448 2425 Ms.uno
463 2395 683 2432 adtogam,ut
692 2399 725 2422 et
735 2393 826 2422 Grae-
867 2393 970 2423 tentia
991 2392 1148 2432 pertinet,
1162 2395 1202 2420 ut
1217 2396 1295 2420 ante
1316 2389 1443 2419 dixerat
1457 2392 1568 2418 aucto-

128 2435 212 2466 vius.
227 2436 309 2467 mihi
322 2442 434 2476 togam
456 2437 563 2476 glossa
587 2435 726 2465 videtur.
751 2440 826 2475 post
867 2436 999 2464 ritatem
1016 2438 1168 2464 vestram.

124 2478 245 2512 statim
267 2489 286 2509 e
311 2479 377 2511 Ms.
402 2478 593 2519 Huydecop.
618 2484 652 2508 et
677 2476 748 2507 edd.
775 2486 823 2516 pr.
909 2479 930 2506 4
951 2486 972 2506 α
980 2477 1102 2515 primis
1110 2473 1266 2515 pestibus]
1280 2473 1329 2504 Ut
1341 2471 1448 2502 reditu
1461 2473 1568 2502 Anto·

130 2519 238 2550 addidi
252 2524 395 2552 tantum.
437 2520 523 2551 Item
539 2530 615 2551 mox
629 2530 687 2560 pro
702 2521 774 2549 iisse
787 2519 826 2548 ii-
869 2518 914 2548 nii
937 2528 956 2548 a
978 2518 1152 2548 Brundisio
1175 2516 1217 2548 ad
1237 2517 1364 2546 urbem.
1389 2523 1465 2544 mox
1480 2514 1569 2543 dolor

130 2561 205 2594 dem
221 2562 295 2593 libri
316 2564 419 2595 ivisse.
464 2563 550 2593 Puto
572 2572 632 2592 ser.
647 2564 717 2593 isse.
741 2561 828 2600 quod
870 2561 1060 2591 domesticus
1081 2565 1131 2590 est
1146 2570 1185 2589 ex
1206 2569 1258 2595 eo,
1276 2557 1362 2597 quod
1384 2556 1427 2585 D.
1445 2556 1570 2586 Brutus

129 2610 171 2634 et‘
181 2604 258 2634 alibi
273 2605 307 2635 in
320 2606 413 2637 ivisse
426 2604 478 2636 vel
490 2606 564 2635 iisse
577 2609 743 2635 mutatum
765 2608 826 2634 est.
871 2609 998 2643 patrem
1036 2602 1199 2632 Caesarem
1235 2599 1463 2630 interfecisset.
1507 2595 1572 2627 Sed

129 2646 266 2680 interim
280 2648 384 2685 ivisse,
400 2653 438 2678 ut
453 2648 596 2684 mollius,
611 2645 754 2687 praetuli.
871 2646 1013 2684 aliquem
1035 2643 1117 2675 mihi
1132 2644 1280 2682 languet,
1304 2651 1364 2672 nec
1378 2650 1398 2670 a
1412 2640 1572 2669 Cicerone

173 2691 192 2719 3
216 2693 319 2720 tenete
352 2694 462 2721 vestra
496 2689 667 2729 memoria]
711 2687 828 2719 Vestra
869 2686 1009 2717 videtur.

132 2730 215 2766 mihi
229 2731 393 2771 displicet,
407 2742 466 2763 nec
482 2736 533 2763 est
546 2733 707 2762 usitatum
721 2731 766 2761 sic
780 2730 829 2760 di·
912 2732 930 2760 5
945 2738 1009 2759 mm
1022 2738 1048 2758 s.
1064 2726 1235 2757 commodis
1245 2725 1326 2761 suis,
1337 2723 1425 2754 sede.
1439 2723 1573 2754 necessi-

131 2783 216 2805 cere.
260 2774 326 2805 Ms.
358 2775 403 2806 H.
433 2774 532 2805 habet
565 2777 678 2810 tenete,
706 2776 827 2803 tenete.-
870 2772 934 2802 tati
957 2769 1073 2809 victus]
1109 2769 1238 2808 Nempe
1268 2766 1386 2797 clausis
1412 2766 1572 2803 tabernis,

132 2815 221 2856 quod
237 2825 303 2847 non
318 2816 490 2858 displicet:
512 2825 713 2856 quamquam
728 2815 763 2845 in
778 2824 832 2845 su·
873 2813 998 2844 indicto
1028 2813 1192 2847 tumultu,
1215 2815 1249 2840 et
1275 2809 1315 2840 ab
1338 2808 1448 2839 labore
1473 2808 1574 2840 absa,

133 2858 313 2914 gerim-ibus
336 2860 491 2894 membris
514 2858 606 2894 nulla
626 2862 678 2892 est
690 2857 768 2891 talis
780 2866 831 2895 re⁴
875 2855 997 2896 nendo,
1013 2864 1078 2895 quo
1094 2854 1198 2886 victus
1213 2854 1426 2896 quaereretur.
