1785 3185
273 96 372 131 1418
854 93 1114 133 ORATIO

222 193 259 250 4
326 196 387 236 At
423 196 536 237 enim
568 210 646 237 nos
690 195 756 238 M.
791 197 993 253 Lepidus,
1027 198 1257 253 imperator
1293 195 1462 248 iterum,
1494 195 1689 254 pontifex

270 253 498 303 maximus,
528 253 690 308 optime
720 255 918 309 proximo
949 254 1062 295 civili
1100 254 1206 295 bello
1237 255 1289 294 de
1321 255 1539 310 republica
1567 254 1692 296 meri·

224 315 256 344 b.
273 317 352 359 tus,
375 309 427 350 ad
459 324 607 364 pacem
639 309 902 351 adhortatur.
963 310 1132 351 Nullius
1163 311 1275 366 apud
1306 324 1388 361 me,
1413 322 1552 368 patres
1590 326 1693 352 con-

269 366 433 420 scripti,
456 367 686 408 auctoritas
719 368 856 422 major
885 375 962 416 est,
984 381 1113 421 quam
1144 367 1211 408 M.
1233 367 1399 422 Lepidi,
1422 368 1486 410 vel
1518 379 1692 424 propter

267 421 400 476 ipsius
425 423 639 474 virtutem,
664 424 727 463 vel
750 433 923 479 propter
944 423 1116 464 familiae
1139 424 1408 480 dignitatem.
1430 427 1466 456 21
1484 426 1694 465 accedunt

268 479 419 520 eodem
448 479 583 520 multa
621 481 798 535 privata,
832 493 988 535 magna
1022 480 1113 534 ejus
1147 479 1190 520 in
1218 494 1285 520 me
1318 482 1484 531 merita,
1516 495 1566 521 ac
1598 494 1692 521 mea

266 536 465 589 quaedam
495 537 538 577 in
560 536 690 577 illum.
722 537 959 577 niaximum
981 550 1079 576 vero
1108 536 1200 590 ejus
1225 536 1478 577 beneficium
1500 550 1693 586 numero,

267 593 383 646 quod
405 593 488 633 hoc
519 594 662 634 animo
696 593 739 633 in
772 592 1080 648 rempublicam
1111 602 1199 634 est:
1232 607 1329 648 quae
1348 593 1454 635 mihi
1476 594 1565 634 vita
1597 607 1693 634 mea

231 655 255 686 ε
270 663 433 704 semper
456 649 537 689 fuit
559 650 709 691 carior.
766 649 878 690 Nam
900 664 997 691 cum
1022 648 1234 704 Magnum
1260 649 1529 704 Pompeium,
1549 649 1692 691 claris-

267 705 423 746 simum
448 706 775 756 adolescentem,
799 706 1138 761 praestantissimi
1164 706 1241 746 viri
1265 706 1414 757 filium,
1435 706 1690 747 auctoritate

265 762 448 803 adduxit
485 763 536 803 ad
570 776 732 818 pacem,
765 777 936 817 remque
967 763 1180 818 publicam
1213 763 1302 803 sine
1340 763 1466 803 armis
1500 764 1689 804 maximo

264 819 402 859 ‘civilis
427 819 523 860 belli
556 819 744 874 periculo
766 818 986 861 liberavit:
1019 828 1110 860 turn
1144 833 1212 860 me
1241 819 1333 873 ejus
1358 819 1565 862 beneficio
1597 819 1689 875 plus

263 888 391 929 quam
422 890 498 931 pro
522 876 631 917 virili
665 885 784 932 parte
803 874 1039 931 obligatum
1071 885 1190 931 puto.
1253 876 1403 931 ltaque
1421 877 1457 918 ei
1491 884 1533 916 et
1555 875 1690 917 hono-

265 946 328 972 res
360 932 544 981 decrevi,
566 935 605 963 22
621 947 727 987 quos
761 932 881 988 potui
913 933 1211 988 amplissimos,
1236 932 1278 973 in
1309 934 1464 988 quibus
1486 947 1561 974 vos
1582 932 1689 974 mihi

262 989 362 1029 estis
386 989 568 1031 assensi:
599 1003 679 1030 nec
712 1003 912 1044 umquam
946 990 997 1030 de
1023 988 1093 1030 illo
1116 999 1159 1029 et
1181 1004 1347 1045 sperare
1379 990 1542 1045 optime
1563 998 1606 1030 et
1627 990 1688 1030 lo-

260 1046 332 1099 qui
364 1045 524 1085 destiti.
584 1044 762 1102 Magnis
784 1055 827 1087 et
849 1045 991 1087 multis
1014 1047 1266 1102 pignoribus
1286 1046 1353 1087 M.
1376 1047 1584 1102 Lepidum
1603 1060 1688 1087 res-

261 1101 432 1156 publica
454 1102 661 1158 illigatum
689 1111 816 1143 tenet.
840 1102 1012 1144 'summa
1035 1102 1235 1144 nobilitas
1265 1113 1328 1143 est
1351 1103 1550 1153 hominis,
1574 1106 1693 1143 sum-—

259 1159 317 1199 mi
353 1158 550 1209 honores,
583 1159 893 1216 amplissimum
927 1160 1227 1210 sacerdotium,
1261 1160 1442 1215 plurima
1472 1160 1588 1201 urbis
1620 1174 1692 1200 or-

258 1227 474 1266 namenta,
505 1216 652 1272 ipsius,
683 1216 840 1266 fratris,
871 1217 1167 1271 majorumque
1198 1227 1500 1258 monumenta:
1533 1217 1688 1272 proba·

259 1272 424 1313 tissima
442 1287 566 1323 uxor,
592 1273 851 1329 optatissimi
886 1273 1024 1324 liberi,
1053 1287 1116 1313 res
1147 1273 1367 1314 familiaris
1400 1287 1498 1315 cum
1530 1272 1685 1329 ampla,

259 1337 350 1369 tum
373 1340 491 1370 casta
512 1345 536 1370 a
558 1344 709 1371 cruore
730 1329 862 1371 civili.
888 1344 1013 1371 nemo
1035 1331 1090 1371 ab
1110 1344 1160 1370 eo
1183 1330 1288 1371 civis
1306 1330 1502 1381 violatus,
1524 1329 1685 1371 23·ωυί-

259 1385 290 1425 ti
313 1385 405 1440 ejus
446 1386 653 1427 beneficio
677 1396 720 1427 et
751 1387 1043 1429 misericordia
1079 1386 1260 1428 liberati.
1321 1386 1435 1427 Talis
1466 1387 1600 1443 igitur
1622 1388 1695 1426 vir-

258 1452 302 1482 et
322 1443 446 1493 civis,
466 1444 669 1499 opinione
689 1444 771 1484 labi
795 1452 953 1500 potest,
986 1444 1206 1485 voluntate
1224 1459 1249 1484 a
1269 1443 1488 1499 republica
1506 1443 1684 1484 disside-

223 1513 304 1551 9re
326 1499 442 1541 nullo
468 1510 594 1555 pacto
630 1512 785 1556 potest.
849 1500 1005 1542 Pacem
1029 1501 1118 1542 vult
1142 1500 1208 1541 M.
1238 1499 1440 1556 Lepidus.
1499 1500 1695 1554 Praecla7

259 1570 334 1598 re:
367 1556 401 1597 si
437 1557 562 1598 talem
600 1566 743 1612 potest
774 1557 957 1607 efficere,
979 1557 1146 1613 qualem
1186 1571 1320 1612 nuper
1347 1557 1517 1599 effecit:
1545 1560 1697 1612 24qua.

250 1624 366 1669 ‘pace
390 1613 473 1654 Cn.
498 1614 695 1669 Pompeii
720 1613 854 1655 filium
878 1615 1117 1670 respublica
1141 1614 1367 1669 adspiciet,
1396 1628 1559 1668 suoque
1588 1615 1682 1654 sinu

256 1669 573 1725 'complexuque
606 1671 810 1726 recipiet:
851 1685 988 1727 neque
1026 1672 1163 1712 solum
1204 1670 1336 1721 illurn,
1373 1671 1445 1712 sed
1477 1686 1575 1711 cum
1609 1670 1680 1711 illo

257 1727 440 1781 seipsam
463 1728 543 1768 sibi
568 1728 807 1768 restitutam
843 1729 1026 1783 putabit.
1089 1729 1199 1769 Haec
1233 1743 1362 1769 causa
1391 1727 1489 1778 fuit,
1509 1742 1586 1769 cur
1611 1728 1684 1768 de-

256 1785 486 1824 cerneretis
517 1793 701 1825 statuam
735 1786 778 1826 in
812 1784 980 1826 Rostris
1010 1801 1107 1826 cum
1140 1784 1418 1840 inscriptione
1450 1785 1680 1840 praeclara:

257 1854 333 1880 cur
362 1841 530 1882 absenti
554 1841 836 1897 triumphum.
859 1856 1117 1897 quamquam
1148 1842 1262 1883 enim
1293 1856 1470 1896 magnas
1500 1855 1565 1882 res
1597 1841 1697 1882 bel--

257 1896 359 1937 licas
383 1910 586 1952 gesserat,
607 1908 650 1939 et
683 1898 903 1955 triumpho
937 1900 1105 1955 dignas,
1137 1913 1224 1940 non
1259 1908 1349 1939 erat
1378 1908 1519 1939 tamen
1548 1898 1585 1938 ci
1610 1898 1687 1938 tri-

121 1971 154 2003 p.
172 1953 490 2005 saabuendum,
511 1955 626 2009 quod
663 1969 740 1996 nec
776 1955 824 1996 L.
860 1955 1055 2006 AEmilio,
1086 1970 1165 1997 nec
1205 1954 1440 1996 AEmiliano
1472 1954 1696 2011 Scipioni,v

211 2017 335 2051 ²·nec
358 2012 565 2065 superiori
599 2011 823 2063 Africano,
849 2028 925 2054 nec
961 2013 1121 2063 Mario,
1147 2027 1225 2053 nec
1250 2012 1472 2068 Pompeio,
1495 2013 1567 2067 qui
1593 2027 1689 2052 mam

246 2066 347 2121 jora
368 2068 477 2109 bella
498 2079 744 2124 gesserunt:
778 2070 867 2121 sed,
901 2071 1015 2126 quod
1054 2070 1223 2111 silentio
1245 2068 1372 2110 civile
1401 2069 1556 2110 bellum
1578 2083 1680 2110 con-

291 2214 326 2243 9}
353 2223 420 2243 acc.
436 2214 542 2244 eodem
558 2216 663 2246 multa
672 2214 823 2254 privata]
849 2215 945 2245 Refe-

250 2263 285 2283 ro
301 2255 362 2284 hoe
378 2255 418 2285 ad
432 2257 612 2295 sequentia,
630 2267 689 2287 nec
713 2257 827 2295 majori
843 2258 944 2287 inter-

248 2297 428 2336 punctione
455 2299 636 2337 sejungam.
674 2299 708 2328 in
729 2299 866 2338 privata
895 2304 944 2329 est

248 2347 363 2376 genuS,
388 2349 503 2379 nempe
528 2342 657 2377 merita,
680 2340 794 2370 deinde
824 2346 944 2381 parteS,

247 2389 372 2418 magna
394 2380 464 2421 qjus
479 2382 513 2410 in
528 2392 590 2418 me,
605 2383 751 2421 quoedam
767 2392 839 2413 mea
855 2384 889 2414 in
903 2384 944 2413 il-

248 2422 327 2451 lum.
352 2422 390 2452 In
407 2423 524 2452 ultimo
541 2423 648 2463 rgffi'cia
667 2423 815 2454 addidere
833 2425 944 2455 Mure-

246 2467 313 2499 tus,
329 2463 485 2501 FaErnus,
497 2465 642 2495 Graevius
652 2476 689 2495 ex
701 2465 772 2495 edd.
787 2476 835 2506 pr.
848 2468 945 2497 omis-

246 2514 317 2535 sum
334 2515 353 2534 a
375 2506 532 2537 Ferrario.
575 2507 658 2537 Sane
683 2507 859 2538 humanius
883 2508 945 2539 hoc

246 2553 308 2583 est,
325 2557 420 2585 quam
435 2545 575 2587 intelligi
591 2550 719 2579 merita.
740 2549 802 2580 Sed
817 2559 883 2580 non
896 2556 946 2581 est

247 2589 280 2618 id
315 2589 449 2619 verbum
482 2591 514 2620 in
553 2590 642 2620 libris
669 2599 730 2621 scr.
766 2596 804 2622 ut
836 2592 944 2623 Guelf.

247 2630 356 2670 Huyd.
367 2641 426 2661 nec
441 2641 525 2670 aegre
536 2632 651 2662 tulerit
665 2631 804 2672 Lepidus
816 2634 944 2664 Cicero-

245 2681 320 2702 nem
337 2674 533 2704 meritorum
549 2674 645 2704 verbo
661 2683 756 2704 usum
772 2685 850 2705 esse.
879 2676 940 2706 Le-

242 2720 314 2745 ctor
336 2714 458 2755 deligat
482 2716 559 2755 ipse.
606 2716 746 2746 Faernus
776 2717 939 2757 ceterique

240 2757 341 2786 otiam
357 2766 397 2786 ac
411 2767 485 2787 cum
509 2757 584 2787 Vnt.
602 2757 733 2788 delent:
759 2758 844 2797 quod
861 2769 937 2790 sane

242 2799 360 2838 placet.
403 2798 443 2832 In
466 2799 627 2840 principio
643 2809 710 2831 non
726 2801 805 2831 satis
827 2800 936 2841 placet

989 2216 1109 2247 eodem.

1030 2260 1070 2289 22
1092 2267 1192 2297 quam
1201 2259 1298 2298 potui
1309 2256 1425 2297 ampl]
1442 2257 1497 2287 Sic
1511 2254 1582 2286 edd.
1598 2261 1678 2286 vett.

987 2304 1023 2330 at
1038 2310 1057 2329 a
1079 2299 1202 2330 Faerno
1225 2299 1298 2330 inde
1321 2299 1428 2338 plures
1449 2299 1547 2329 etiam
1572 2298 1678 2328 Graev.

988 2351 1107 2381 quo-51⁹.
1128 2343 1180 2372 Sic
1195 2347 1228 2371 ct
1240 2340 1347 2372 Guelf.
1364 2346 1398 2371 et
1415 2339 1522 2380 Huyd.
1538 2339 1677 2370 habent:

986 2383 1080 2422 idque
1109 2390 1143 2414 et
1164 2385 1231 2424 ipse
1254 2383 1371 2422 recepi.
1399 2392 1499 2422 quam
1521 2381 1679 2411 adverbiis

981 2426 1137 2466 jungitur
1159 2427 1192 2456 in
1209 2426 1267 2456 hac
1284 2425 1400 2461 forma,
1417 2433 1482 2454 non
1499 2423 1676 2463 adjectivis,

987 2467 1073 2506 quod
1089 2468 1274 2508 repererim.

1030 2512 1068 2539 ⁴23
1101 2510 1197 2540 multi
1238 2508 1308 2548 ejus
1350 2506 1509 2547 beneficio]
1561 2505 1676 2537 Addidi

986 2549 1056 2589 ejus
1070 2561 1106 2581 ex
1121 2551 1171 2582 ed.
1187 2551 1318 2586 Graevii,
1335 2550 1390 2588 qui
1415 2555 1525 2579 tamen
1543 2558 1607 2578 nou
1627 2549 1677 2578 in-

986 2593 1084 2630 dicat,
1114 2593 1199 2624 unde
1222 2593 1384 2622 sumserit.
1442 2591 1538 2620 Certe
1566 2592 1675 2621 abesse

988 2643 1051 2665 uon
1070 2641 1188 2674 potest.

1027 2680 1067 2707 24
1100 2687 1164 2716 qua
1188 2685 1271 2716 pace
1305 2675 1363 2706 Cn.
1403 2673 1668 2713 P.--adspiciec]

983 2717 1110 2758 Nempe
1129 2718 1219 2749 Sext.
1238 2718 1423 2758 Pompeius,
1438 2718 1499 2746 etsi
1521 2717 1560 2746 ab
1574 2717 1673 2746 armis

981 2760 1183 2796 discesserat,
1206 2767 1339 2791 auctore
1363 2758 1499 2798 Lepido,
1527 2757 1613 2789 Phil.
1628 2757 1672 2794 V,

983 2805 1030 2834 15.
1047 2802 1193 2833 noudum
1208 2802 1346 2833 redierat
1363 2801 1516 2832 Romam.
1693 2806 1696 2810 ’
