1812 3147
533 81 653 119 PRO
685 80 732 119 L.
761 79 1006 118 FLACCO.
1415 84 1494 124 767

46 187 202 232 duetus
223 184 352 242 hujus
373 183 552 242 pudore,
574 193 618 225 et
641 198 728 225 non
760 183 1034 240 amplissimis
1066 184 1315 240 patrimonii
1338 185 1491 240 copiis,

45 243 91 291 id
123 257 213 285 non
243 242 380 284 solum
411 241 530 293 fecit,
569 242 643 282 scd
676 242 807 282 etiam
837 241 1005 297 prolixe
1037 241 1338 296 cumulateque
1370 242 1489 283 fecit.

23 299 114 343 4ΕΧ
138 315 224 356 quo
255 299 437 355 intelligi
461 299 604 350 debet,
626 313 724 340 eum
747 309 900 340 contra
928 297 1043 354 leges
1076 298 1278 354 pecunias
1311 313 1396 339 non
1419 314 1488 340 ce-

4 354 5 357 *
77 358 173 408 isse,
194 357 267 413 qui
292 365 380 398 tam
403 356 533 398 fuerit
554 357 597 397 iu
622 356 860 397 hereditate
880 356 1157 398 concedenda
1176 355 1379 397 liberalis.
1427 355 1486 397 At
1500 358 1551 392 90

43 372 340 457 ἕεῆοίἀίαῐιυω
379 415 541 456 crimen
576 422 641 455 est
682 414 848 469 ingens.
891 414 1052 454 talenta
1088 413 1404 468 quinquaginta
1444 428 1489 454 se

46 472 201 514 Flacco
241 472 348 514 dicit
391 471 571 512 dedisse.
631 471 871 512 Audiamus
912 470 1149 512 hominem.
1211 471 1310 511 Non
1354 469 1489 511 adest.

48 529 281 576 Quomodo
321 529 454 585 igitur
487 529 621 570 dicit?
654 528 894 584 Epistolam
931 538 1067 569 mater
1104 527 1198 583 ejus
1237 526 1412 583 profert,
1446 537 1490 568 et

45 585 220 628 alteram
251 601 395 628 soror:
428 587 637 642 scriptum
667 587 720 627 ad
752 601 795 627 se
819 586 970 627 dicunt
1001 600 1092 626 esse
1124 586 1178 626 ab
1211 585 1298 636 illo,
1323 595 1488 626 tantam

43 644 271 701 pecuniam
306 643 461 685 Flacco
495 645 655 685 datam.
716 643 832 698 Ergo
871 643 921 695 is,
958 643 1081 698 49qui
1115 643 1149 683 si
1189 657 1305 684 aram
1339 652 1487 683 tenens

37 702 218 758 juraret,
239 701 430 743 crederet
460 716 601 752 nemo,
625 716 699 757 per
721 701 961 757 epistolam,
983 700 1099 756 quod
1123 699 1250 751 volet,
1273 699 1485 754 injuratus

42 759 272 816 probabit?
312 758 373 799 At
394 759 466 814 qui
491 760 581 801 vir?
612 773 741 814 quam
762 773 849 799 non
881 759 1043 799 amicus
1076 758 1160 798 suis
1183 757 1378 799 civibus?
1409 758 1529 812 quib.

43 816 350 872 patrimonium
392 816 493 856 satis
531 815 710 867 lautum,
744 816 858 871 quod
899 816 969 856 hic
1008 815 1234 856 nobiscum
1270 814 1483 855 conficere

44 873 200 930 potuit,
233 873 488 915 Graecorum
517 874 728 915 conviviis
766 873 917 914 maluit
947 873 1169 928 dissipare.
1232 872 1350 918 Quid
1382 872 1541 913 atti-91

42 930 138 972 nuit
159 930 395 986 relinquere
417 931 526 972 hanc
547 933 725 973 urbem?
756 931 953 972 libertate
975 940 1062 970 tam
1088 929 1295 985 praeclara
1312 933 1482 973 carere?

6 980 21 999 ⁹
43 987 158 1029 adire
180 988 417 1043 periculum
439 989 701 1044 navigandi?
725 988 845 1043 quasi
870 989 983 1029 bona
1003 1002 1194 1029 comesse
1218 987 1372 1028 Romae
1395 1002 1484 1028 non

41 1043 201 1086 liceret.
223 1061 338 1087 nunc
360 1046 546 1102 denique
566 1045 813 1087 materculae
837 1061 924 1086 suae
949 1045 1129 1086 festivus
1151 1044 1278 1097 filius,
1301 1045 1482 1085 aniculae

40 1102 219 1144 minime
249 1103 514 1160 suspiciosae,
536 1114 694 1160 purgat
726 1118 770 1144 se
799 1117 874 1159 per
894 1102 1135 1159 epistolam,
1158 1112 1206 1143 ut
1227 1117 1320 1144 eam
1352 1117 1482 1158 pecu-

37 1159 435 1216 niams⁵0quacum
472 1163 713 1216 trajecerat,
749 1176 836 1202 non
873 1161 1173 1211 consumsisset,
1212 1160 1285 1201 sed
1325 1160 1480 1201 Flacco

39 1216 205 1259 dedisse
246 1219 455 1260 videatur.
515 1221 576 1260 At
616 1218 780 1259 fruetus
823 1218 894 1259 isti
927 1217 1254 1269 Trallianorum,
1289 1210 1561 1264 Globuloss'l

71 1284 223 1316 raetore
246 1276 493 1319 venierunt:
532 1276 747 1317 Falcidius
768 1285 930 1317 emerat
962 1275 1059 1317 H-S
1093 1276 1323 1332 nongentis
1354 1275 1483 1316 milli-

38 1289 133 1374 Eus.
193 1332 238 1373 Si
267 1333 341 1375 dat
372 1342 535 1375 tantam
568 1335 795 1390 pecuniam
819 1333 989 1384 Flacco,
1021 1347 1175 1389 nempe
1209 1333 1370 1374 idcirco
1393 1333 1482 1383 dat,

36 1398 86 1431 ut
115 1398 207 1431 rata
237 1391 292 1432 sit
322 1392 471 1433 emtio.
534 1391 650 1432 Emit
678 1392 812 1448 igitur
845 1391 1020 1446 aliquid,
1050 1391 1164 1446 quod
1198 1400 1313 1432 certe
1346 1391 1482 1431 multo

37 1447 171 1503 pluris
193 1457 327 1490 esset:
356 1449 433 1497 ,dat
463 1449 516 1491 de
546 1449 689 1490 lucro:
722 1448 831 1489 nihil
852 1448 1039 1489 detrahit
1070 1449 1122 1488 de
1153 1448 1266 1489 vivo.
1327 1448 1478 1488 Minus

36 1505 171 1561 igitur
201 1505 308 1547 lucri
338 1505 457 1548 facit.
520 1506 609 1548 Cur
638 1506 856 1548 Albanum
894 1506 1037 1546 venire
1059 1506 1216 1561 jubet?
1247 1521 1322 1547 cur
1352 1507 1477 1546 matri
1492 1509 1541 1544 92

36 1563 512 1618 praeterea-blanditur?
542 1579 618 1606 cur
640 1564 832 1620 epistolis
854 1572 897 1604 et
920 1563 1076 1604 sororis
1098 1574 1142 1603 et
1163 1563 1311 1604 matris
1343 1564 1480 1604 imbe-

37 1619 261 1662 cillitatem
293 1625 556 1678 aucupatur?
588 1630 807 1678 postremo
841 1636 916 1663 cur
953 1636 1041 1662 non
1079 1621 1275 1662 audimus
1309 1621 1480 1677 ipsum?

37 1675 281 1729 Retinetur,
310 1680 453 1731 credo,
484 1679 529 1720 in
558 1679 808 1735 provincia:
842 1688 978 1720 mater
1009 1689 1155 1734 negat.
1183 1679 1381 1730 venisset,
1416 1679 1482 1719 in-

35 1735 144 1790 quit,
177 1736 212 1776 si
243 1746 353 1777 esset
381 1737 705 1778 denunciatum.
766 1736 832 1778 Tu
866 1746 982 1778 certe
1014 1736 1247 1792 coegisses,
1282 1736 1315 1776 si
1346 1736 1481 1780 ullum

36 1792 352 1834 firmamentum
374 1794 418 1836 in
440 1795 512 1835 illo
535 1803 644 1836 teste
671 1794 901 1851 posuisses.
965 1793 1048 1835 Sed
1072 1793 1289 1835 hominem
1323 1794 1377 1834 ab
1408 1808 1482 1834 ne-

37 1850 158 1906 gotio
179 1851 391 1892 abducere
411 1851 602 1894 noluisti.
633 1866 840 1908 magnum
863 1861 954 1893 erat
975 1852 1013 1892 ei
1037 1860 1252 1893 certamen
1286 1851 1482 1907 proposi-

38 1916 145 1958 tum,
175 1923 332 1964 magna
352 1925 451 1951 cum
475 1909 643 1952 Graecis
665 1910 913 1952 contentio:
946 1909 1020 1964 qui
1052 1918 1211 1960 tamen,
1244 1921 1291 1950 ut
1312 1911 1482 1965 opinor,

29 1963 180 2020 Jacent
202 1966 320 2007 victi.
343 1982 444 2008 nam
466 1968 546 2008 iste
568 1982 676 2008 unus
699 1976 836 2008 totam
855 1966 1005 2008 Asiam
1028 1967 1326 2023 magnitudine
1350 1981 1482 2022 pocu-

35 2021 172 2063 lorum
197 2023 468 2080 bibendoque
491 2025 723 2081 superavit.
773 2025 856 2066 Sed
879 2034 1024 2066 tamen
1046 2025 1141 2080 quis
1166 2025 1261 2075 tibi,
1286 2024 1406 2074 Laeli,
1429 2024 1482 2064 de

35 2079 227 2135 epistolis
250 2081 341 2122 istis
373 2083 608 2125 indicavit?
640 2082 887 2123 5lmulieres
916 2092 1078 2138 negant
1108 2097 1153 2122 se
1184 2082 1306 2122 scire.
1369 2081 1480 2128 Quis

25 2135 72 2177 ·is
96 2145 161 2178 est
190 2138 351 2194 igitur?
382 2139 451 2181 ille
482 2141 573 2196 ipse
604 2140 700 2191 tibi,
723 2155 766 2180 se
799 2141 853 2180 ad
883 2148 1063 2180 matrem
1087 2149 1130 2180 et
1159 2153 1348 2180 sororem
1376 2139 1480 2180 scri-

35 2193 182 2250 psisse,
214 2197 431 2239 narravit?
462 2201 502 2228 52
515 2213 569 2238 an
603 2198 734 2238 etiam
768 2197 940 2254 scripsit
976 2206 1096 2237 oratu
1139 2199 1241 2239 tuo?
1283 2197 1344 2238 At
1378 2211 1478 2238 vero
1493 2208 1543 2243 93

76 2321 118 2368 ‘39
137 2321 193 2360 qui
212 2322 241 2351 si
254 2330 351 2352 aram
366 2323 405 2363 t.]
431 2323 578 2354 Graevius
598 2323 734 2363 corrigit
778 2323 875 2354 Hanc
897 2321 1074 2353 lectionem
1090 2322 1168 2353 fecit
1183 2322 1355 2353 Gruterus.
1390 2322 1483 2352 Grae-

36 2370 101 2398 ⁶¹⁴²,
116 2363 144 2393 δί
157 2363 215 2394 δίο·
776 2367 847 2396 vius
870 2364 957 2396 dedit
981 2377 998 2396 e
1020 2365 1111 2395 libris
1135 2366 1222 2396 suis:
1246 2365 1406 2396 flIulz'eres
1428 2375 1482 2394 ηε-

78 2405 118 2434 50
150 2414 290 2444 quaeum
317 2405 509 2448 trajecerat]
538 2409 562 2439 i.
592 2417 735 2448 quacum
774 2412 862 2446 gant
874 2418 907 2438 se
919 2409 1016 2438 seire.
1060 2407 1147 2447 Quis
1161 2409 1189 2438 is
1202 2412 1248 2438 est
1269 2408 1405 2445 igitur?
1426 2409 1483 2438 ilt'e

35 2447 198 2486 profectus
217 2453 289 2480 crat
312 2449 346 2479 in
369 2449 492 2488 Asiam,
517 2455 555 2480 ut
580 2461 654 2481 eam
677 2451 735 2481 foe-
776 2452 843 2490 ipse
858 2451 915 2481 tim·
929 2460 962 2481 se
978 2451 1037 2481 ἃς.
1061 2450 1147 2490 quod
1169 2455 1219 2480 est
1234 2451 1334 2480 etiam
1358 2449 1393 2479 in
1415 2450 1481 2480 Ms.

37 2489 109 2519 nori
130 2488 234 2528 daret,
257 2496 291 2522 et
317 2493 515 2531 negotiando
538 2498 674 2532 augeret
697 2503 734 2524 ac
777 2494 840 2523 Gu.
855 2493 917 2523 nisi
931 2492 1019 2532 quod
1032 2493 1161 2523 omittit
1182 2494 1261 2533 ipse.
1306 2492 1358 2522 Sic
1380 2493 1483 2531 igitur

36 2528 163 2562 lucrum
186 2532 317 2564 faceret.
362 2535 414 2564 Sic
440 2534 561 2574 legitur
585 2545 602 2565 e
628 2544 736 2565 corre·
777 2540 812 2565 et
827 2545 886 2566 nos
900 2535 1071 2566 edidimus.
1117 2535 1170 2565 Sic
1192 2535 1291 2565 habet
1314 2536 1414 2565 etiam
1430 2535 1479 2565 ed.

38 2572 146 2604 ctione
165 2574 297 2606 Gruteri
318 2581 354 2606 et
374 2576 573 2607 Guilielmii:
599 2578 634 2608 in
655 2577 735 2608 Mss.
777 2577 931 2610 Juntina.
957 2577 1039 2608 Edd.
1054 2578 1095 2608 R.
1114 2580 1205 2608 1480.
1225 2577 1282 2608 ΒΓ.
1297 2576 1386 2607 Med.
1405 2587 1482 2607 eon-

37 2612 150 2646 Frane.
180 2617 286 2648 Guelf.
322 2623 372 2648 est
407 2628 507 2659 quam
544 2619 735 2660 traiecerat,
778 2621 930 2651 sentiunt
943 2620 1009 2650 Ms.
1025 2624 1150 2650 nostro.

37 2657 122 2694 quod
135 2657 172 2688 de
187 2659 399 2691 foenerationc
418 2661 577 2701 intelligit
599 2662 733 2692 Lambi-
823 2664 863 2693 52
885 2672 930 2693 an
944 2663 1046 2693 etiam
1069 2662 1200 2702 scripsit
1221 2665 1318 2693 oratu
1335 2660 1403 2700 tuo]
1431 2661 1484 2691 Sic

38 2704 112 2742 ζιυε,
141 2700 225 2730 unde
253 2704 393 2742 pecunia
422 2702 606 2744 trajectitia
631 2709 678 2734 est
703 2706 739 2735 in
781 2704 853 2735 edd.
868 2714 916 2745 pr.
931 2714 1045 2735 omnes
1059 2709 1094 2735 et
1116 2704 1263 2735 MsxGu.
1311 2704 1388 2734 Duo
1405 2702 1482 2732 Mss.

27 2749 121 2779 jure.
143 2742 205 2789 §ed
219 2743 274 2774 ille
289 2753 355 2774 non
370 2746 546 2784 trajecerat
561 2747 735 2787 pecuniam
779 2747 876 2778 Grut.
903 2749 1049 2778 hortatu.
1073 2746 1209 2786 Rogata
1231 2745 1334 2777 edidit
1359 2746 1484 2785 primus

36 2781 165 2820 soenom,
181 2785 236 2814 sed
252 2788 446 2819 confecerat.
778 2789 960 2821 Victorius.
991 2790 1096 2822 Vetus
1111 2789 1258 2820 restituit
1272 2788 1442 2818 Gruterus.

77 2827 112 2855 51
139 2827 293 2858 mutieres
306 2834 431 2869 negant
451 2839 485 2862 se
495 2831 591 2867 scire,
607 2831 662 2872 qui
677 2828 734 2870 sis]

686 2879 814 2915 δερ.
