1785 3185
361 122 710 161 PHILIPPICA
739 117 1242 161 QUARTADECIMA.
1419 118 1518 154 1445

83 224 208 267 listis.
268 224 362 266 Erit
383 225 515 281 igitur
535 232 755 266 exstructa
776 223 908 265 moles
930 236 1057 279 opere
1078 220 1327 278 magnifico,
1350 219 1522 261 incisae·

84 297 170 337 que
201 282 370 333 litterae,
400 283 556 323 divinae
592 281 760 322 virtutis
795 291 922 322 testes
956 280 1252 335 sempiternae:
1285 290 1520 332 numquam

86 341 141 380 de
169 339 305 389 vobis,
334 353 496 390 eorum,
518 339 592 394 qui
625 349 698 378 aut
729 338 936 379 videbunt
958 346 1144 378 vestrum
1175 343 1520 383 monumentum,

86 404 162 436 aut
181 396 369 446 audient,
391 396 657 452 gratissimus
680 409 817 436 sermo
849 395 1124 435 conticescet.
1147 392 1209 431 ita
1240 405 1316 447 pro
1347 389 1516 432 mortali
1535 406 1565 437 b.

87 453 336 494 conditione
357 454 458 494 vitae
482 453 845 494 immortalitatem
868 451 969 491 estis
991 449 1226 491 consecuti.

147 510 230 551 Sed
249 509 467 563 quoniam,
490 519 629 565 patres
651 509 898 564 conscripti,
930 507 1076 562 gloriae
1099 519 1253 545 munus
1276 501 1452 559 optimis
1474 511 1517 542 et
1536 503 1599 550 15

88 564 334 607 fortissimis
359 566 524 607 civibus
547 566 813 607 monumenti
838 566 998 605 bonore
1024 562 1291 618 persolvitur,
1324 558 1515 601 console·
1528 575 1579 608 34

86 637 183 664 mur
200 637 345 664 eorum
363 625 599 678 proximos,
621 623 776 678 quibus
796 622 961 678 optima
978 630 1042 661 est
1064 619 1157 660 liaec
1177 618 1349 672 quidem
1364 630 1519 657 conso-

88 679 215 721 latio:
248 680 510 736 parentibuS,
543 680 658 735 quod
692 689 810 720 tanta
848 677 1094 734 reipublicae
1129 675 1328 731 praesidia
1361 687 1519 728 genue-

89 746 214 778 runt:
248 736 403 787 liberis,
436 737 551 792 quod
582 737 802 777 habebunt
833 735 1070 776 domestica
1099 732 1296 787 exempla
1319 731 1519 772 virtutis:

90 793 366 849 conjugib11S‚
402 794 519 848 quod
554 794 606 834 iis
640 794 738 834 viris
780 793 1000 842 carebunt,
1039 802 1146 845 quos
1178 788 1361 838 laudare,
1393 800 1521 842 quam

89 850 236 906 lugere
269 851 520 906 praestabit:
553 850 771 901 fratribus,
805 849 920 905 quod
952 849 993 889 in
1027 862 1084 899 se,
1119 855 1164 887 ut
1185 858 1430 901 corporum,
1460 844 1521 884 sic

93 908 298 948 virtutum
331 908 651 948 similitudinem
684 922 774 948 esse
803 906 1035 947 confident.
1094 903 1240 959 Atque
1271 902 1433 944 utinam
1457 900 1522 940 bis

92 964 292 1005 omnibus
324 965 568 1020 abstergere
599 966 745 1006 fletum
783 963 1003 1004 sententiis
1040 961 1196 1002 nostris
1232 959 1523 1012 consultisque

93 1035 329 1076 possemne„
350 1022 414 1062 vel
436 1023 578 1076 aliqua
601 1021 692 1062 talis
714 1021 777 1061 bis
798 1022 839 1052 46
853 1019 1045 1061 adhiberi
1069 1018 1238 1074 publice
1262 1024 1406 1072 posset
1429 1029 1523 1055 ora-

94 1079 171 1129 tio,
205 1092 291 1133 qua
312 1078 574 1134 deponerent
601 1092 829 1119 moerorem
853 1088 980 1132 atque
1002 1076 1180 1126 luctum,
1202 1074 1525 1130 gauderentque

93 1135 254 1190 potius,
286 1149 384 1176 cum
412 1136 548 1177 multa
568 1147 612 1177 et
634 1136 749 1176 varia
771 1135 1067 1190 impenderent
1099 1126 1346 1173 hominibus
1369 1143 1525 1185 genera

93 1192 259 1242 mortis,
282 1192 324 1232 id
344 1207 493 1248 genus,
514 1196 553 1227 47
568 1193 682 1248 quod
699 1205 809 1232 esset
829 1191 1177 1247 pulcherrimum,
1198 1188 1284 1229 suis
1303 1187 1526 1242 obtigisse,

94 1262 253 1303 eosque
289 1263 370 1290 nec
406 1250 649 1290 inhumatos
685 1263 789 1299 esse,
834 1262 912 1289 nec
951 1248 1164 1288 desertos:
1207 1245 1340 1300 (quod
1382 1255 1526 1284 tamen

95 1305 237 1361 ipsum
268 1321 345 1362 pro
368 1308 505 1362 patria
527 1322 610 1347 non
648 1306 934 1347 miserandum
965 1304 1184 1361 putaturz)
1216 1317 1294 1343 nec
1325 1301 1527 1356 dispersis

97 1363 234 1404 bustis
275 1364 424 1404 humili
465 1365 682 1419 sepultura
718 1372 943 1413 crematOS,
981 1362 1054 1402 sed
1088 1369 1309 1401 contectos
1343 1357 1527 1415 publicis

99 1421 301 1475 operibus
323 1433 451 1476 atque
473 1422 735 1470 muneribus,
757 1434 890 1474 eaque
915 1418 1224 1468 exstructione,
1248 1430 1345 1471 quae
1376 1416 1444 1465 sit,
1473 1414 1526 1454 ad

97 1478 347 1518 memoriam
379 1478 645 1527 aeternitatis,
674 1480 714 1509 48
728 1491 799 1518 ara
828 1476 1011 1517 virtutis.
1072 1474 1365 1522 Quamobrem
1389 1471 1588 1516 maxi-35

97 1547 216 1574 mum
250 1535 422 1589 quidem
460 1536 656 1576 solatium
688 1535 769 1575 erit
798 1534 1154 1589 propinquorum,
1193 1531 1344 1572 eodem
1377 1542 1530 1570 monu-

97 1601 244 1632 mento
266 1591 468 1632 declarari
491 1602 534 1632 et
557 1593 756 1632 virtutem
779 1605 966 1640 suorum,
988 1599 1031 1631 et
1056 1590 1276 1645 pietatem,
1294 1597 1338 1627 et
1360 1597 1530 1627 senatus

100 1647 244 1698 fidem,
277 1658 320 1688 et
349 1649 630 1689 crudelissimi
665 1649 913 1689 memoriam
939 1647 1058 1688 belli:
1092 1647 1135 1687 in
1166 1660 1267 1701 quo,
1299 1644 1378 1684 nisi
1414 1652 1532 1683 tanta

100 1705 284 1746 militum
308 1705 440 1746 virtus
461 1707 712 1757 exstitisset,
737 1705 963 1761 parricidio
987 1704 1054 1746 M.
1077 1702 1258 1744 Antonii
1282 1715 1437 1742 nomen
1457 1714 1535 1756 po-

100 1762 188 1817 puli
216 1762 403 1803 Romani
427 1763 668 1804 occidisset.
727 1764 871 1817 Atque
901 1763 1030 1802 etiam
1060 1774 1228 1810 censeo,
1261 1769 1400 1814 patres
1431 1771 1536 1798 con·

103 1819 268 1875 scripti,
304 1834 400 1874 quae
434 1822 612 1875 praemia
642 1819 851 1860 militibus
886 1818 1157 1874 promisimus
1191 1831 1282 1867 uos,
1314 1813 1537 1871 republica

102 1886 365 1932 recuperata,
408 1878 658 1928 tributuros,
697 1890 747 1917 ea
784 1877 905 1926 vivis,
946 1876 1267 1929 victoribusque
1303 1871 1536 1922 cumulate,

104 1947 203 1974 cum
229 1943 397 1989 tempus
420 1935 598 1984 venerit,
622 1933 919 1990 persolvenda:
951 1933 1025 1988 qui
1047 1944 1189 1973 autem
1212 1945 1266 1971 ex
1289 1929 1355 1981 iis,
1378 1928 1535 1984 quibus

103 1989 174 2030 illa
195 1994 400 2046 promissa
421 2002 535 2042 suut,
558 2006 633 2047 pro
657 1991 794 2047 patria
815 1990 1079 2040 occiderunt,
1101 2002 1248 2029 eorum
1272 1986 1535 2042 parentibus,

104 2046 263 2098 liberis,
279 2048 554 2103 conjugibuS‚
577 2049 795 2098 fratribus,
815 2047 962 2088 eadem
987 2046 1214 2087 tribuenda
1234 2058 1402 2085 censeo.
1435 2042 1533 2094 Sed,
1552 2042 1619 2089 14

106 2113 153 2144 ut
171 2104 400 2160 aliquando
425 2106 636 2146 sententia
658 2105 934 2160 complectar,
958 2104 1018 2144 ita
1039 2117 1210 2144 censeo,
1547 2112 1598 2146 36

167 2160 279 2202 Cum
303 2161 355 2202 C.
380 2162 533 2213 Pansa,
557 2162 720 2212 consul,
753 2164 998 2217 imperator,
1027 2160 1197 2200 initium
1219 2172 1317 2200 cum
1340 2156 1537 2198 hostibus

107 2219 372 2274 confligendi
395 2218 558 2270 fecerit,
588 2234 673 2275 quo
698 2218 854 2274 proelio
876 2219 988 2273 legio
1019 2217 1181 2258 Martia
1210 2214 1448 2257 admirabili
1474 2214 1538 2253 in-

109 2276 390 2332 credibilique
422 2277 579 2317 virtute
609 2277 849 2317 libertatem
883 2275 1028 2331 populi
1062 2273 1247 2315 Romani
1284 2271 1671 2322 detenderitfflaffi.

1551 2332 1580 2352 2.

145 2400 187 2430 46
221 2400 367 2430 adhiberi
397 2401 526 2440 publice
552 2404 655 2440 posset
683 2399 799 2439 oratio]
845 2403 907 2429 tas.

106 2441 252 2472 Primum
262 2443 393 2482 publice
408 2453 473 2473 non
495 2450 542 2473 est
567 2444 599 2473 in
625 2443 687 2473 Ms.
713 2443 803 2482 Huy-
886 2444 926 2474 47
949 2440 1033 2480 quod
1051 2444 1128 2470 esset
1140 2438 1271 2480 pulch]
1308 2438 1397 2470 Libri
1411 2436 1543 2477 quidam

105 2482 174 2513 dec.
198 2494 264 2516 non
281 2485 371 2515 bene.
390 2486 520 2525 publice
540 2486 692 2525 exprimit
717 2485 802 2514 idem
845 2487 902 2520 est,
922 2491 958 2513 ut
974 2489 1009 2513 et
1028 2482 1175 2522 Huydec.
1191 2487 1224 2511 et
1237 2483 1282 2512 sic
1296 2481 1368 2511 edd.
1385 2490 1433 2520 pr.
1458 2484 1545 2510 reete

105 2525 185 2562 fere,
208 2527 295 2565 quod
309 2532 406 2557 antea
419 2528 543 2558 dixerat
563 2528 728 2557 sententiis
748 2536 802 2556 uo-
845 2530 920 2555 esset
935 2525 1082 2565 praetulit
1101 2525 1275 2554 Ferrarius.
1320 2522 1458 2552 Librarii
1474 2530 1546 2560 ger-

106 2569 197 2604 stris,
213 2574 326 2608 estque
339 2579 358 2599 a
373 2570 549 2609 republica,
566 2579 622 2608 pei·
634 2574 802 2599 senatum:
847 2568 1051 2597 manizantes
1075 2567 1190 2597 dedere
1216 2570 1273 2602 est,
1296 2572 1334 2595 ut
1356 2574 1453 2604 saepe,
1477 2571 1545 2593 non

109 2619 170 2640 nee
185 2610 217 2640 id
232 2611 381 2641 librarius
395 2611 554 2642 addiderit
568 2613 688 2651 potius,
707 2621 804 2650 quam
847 2610 972 2639 adsueti
987 2618 1153 2649 gei-manre
1167 2608 1326 2639 latinitati
1339 2608 1373 2637 in
1387 2616 1447 2636 usu
1460 2610 1545 2635 tem·

109 2652 268 2683 omiserit.
311 2653 348 2683 P.
365 2653 574 2684 Burmannus
590 2654 748 2684 secundus
765 2654 804 2684 V.
848 2661 978 2691 porum.

112 2695 151 2725 C.
177 2696 318 2734 conjecit
344 2697 513 2726 consolatio
538 2706 597 2735 pro
623 2696 738 2732 oratio,
768 2700 806 2725 nt
889 2697 930 2724 48
952 2703 1015 2723 ara
1037 2691 1182 2730 virtutis]
1208 2692 1229 2722 i.
1246 2702 1275 2721 e.
1292 2694 1547 2720 monumentum

111 2737 208 2768 initio
223 2743 273 2770 est
294 2737 429 2776 capitis:
453 2739 574 2776 optima
590 2740 655 2768 hoec
668 2742 713 2768 est
733 2747 806 2767 coi>
850 2734 976 2766 editum
998 2735 1198 2765 honorandae
1221 2729 1363 2763 virt‘utis.
1384 2741 1461 2762 nam
1484 2739 1549 2760 ara

109 2781 234 2811 solatio.
278 2780 340 2810 Sed
353 2780 504 2810 adlabere
518 2781 619 2811 alicui
632 2781 808 2810 orationem
851 2777 912 2808 hoc
929 2786 1024 2807 sensu
1045 2776 1164 2816 passim
1187 2776 1274 2816 apud
1296 2774 1433 2805 Latinos
1454 2773 1547 2803 Suet.

107 2824 213 2853 ctiam
237 2822 276 2854 de
298 2821 520 2853 consolatione
541 2822 710 2862 eleganter
731 2821 810 2852 dici-
851 2821 936 2860 Aug.
959 2822 984 2850 1.
1001 2829 1064 2849 ara
1084 2818 1218 2850 Octavio
1231 2820 1417 2848 censueram
1432 2815 1492 2847 &m
1530 2837 1533 2840 ·

112 2870 181 2902 tur,
195 2870 236 2896 ut
249 2865 426 2905 alloquium
440 2873 497 2905 pro
509 2864 620 2896 eadem
633 2863 719 2905 apud
732 2867 810 2904 poe·
1419 2868 1421 2870 ·
