1817 3169
480 134 593 171 PRO
620 135 665 172 L.
693 133 1004 172 CORNELIO
1032 135 1242 172 BALBO.
1474 139 1567 172 1101

139 235 305 291 ⁶²quod
335 235 389 277 ad
419 251 590 278 causam
621 236 727 289 nihil
757 237 973 292 pertinet:
1012 237 1063 277 de
1094 238 1281 278 civitatis
1311 238 1424 278 enim
1457 238 1572 293 jure,

138 306 224 333 non
254 293 307 334 de
339 286 587 335 toederibus'·
598 285 917 358 disceptamus·
924 294 1061 349 >quid
1085 303 1163 343 est,
1185 296 1463 347 quamobrem
1485 295 1571 336 eivi

141 349 358 391 Gaditano
397 351 439 390 in
479 351 589 392 hanc
621 351 840 391 'civitatem
875 351 1018 392 venire
1053 365 1139 391 non
1175 350 1327 391 liceat?
1360 351 1571 405 Equidem

136 406 264 470 longe
285 421 406 448 secus
428 408 580 449 sentio.
603 422 701 448 nam
731 409 882 448 6deum
913 422 968 448 ex
999 408 1199 448 omnibus
1229 407 1478 448 civitatibus
1505 423 1572 448 via

136 463 192 504 sit
212 478 256 504 111
278 473 483 515 nost1·,am
501 479 686 521 cumque
707 466 862 505 nostris
881 465 1048 506 civibus
1071 474 1215 520 pateat
1232 465 1311 504 iter
1334 464 1386 504 ad
1409 474 1570 504 ceteras

134 520 362 563 civitates:
400 531 489 562 tum
524 536 638 573 vero,
672 531 718 562 ut
747 537 930 577 quaeque
960 521 1185 562 nobiscum
1216 521 1405 561 maxime
1436 521 1570 561 socie-

136 585 237 629 tate,
269 579 480 642 amicitia,
507 579 750 635 sponsione,
783 580 995 634 pactione,
1028 578 1191 619 f·oede1e
1226 577 1462 632 conjuncta
1491 587 1568 628 est,

135 634 196 674 ita
226 635 330 676 mihi
365 635 556 677 maxime
584 637 984 677 G⁴communionem
1016 635 1337 686 beneficiorum,
1368 634 1569 698 piaemio-

136 705 246 742 rum,
279 693 483 743 civitam,
516 693 737 734 continere
773 693 952 733 videtur.
1013 692 1147 747 Atqui
1184 701 1337 733 ceterae
1371 691 1567 732 civitates

135 762 282 789 omnes
305 764 390 790 non
413 750 660 791 dubitarent
681 760 848 790 nostros
881 751 1066 805 1·‹cipere
1098 751 1140 790 in
1171 764 1266 790 suas
1297 749 1509 798 civitates,
1532 749 1566 789 si

134 805 245 846 idem
279 821 356 848 nos
380 807 492 862 J'uris
523 807 790 856 haheiemus,
813 807 927 862 quod
949 807 1094 848 ceteri.
1117 806 1187 847 sed
1211 820 1287 847 nos
1310 820 1395 846 non
1419 820 1569 861 possu-

134 877 228 903 mus
264 874 307 904 et
339 863 467 919 hujus
498 878 588 905 esse
620 863 822 914 civitatis,
853 873 896 904 et
925 863 1114 919 cujusvis
1149 874 1384 919 plaeterea:
1416 863 1568 903 ceteris

134 933 384 961 concessum
427 930 504 961 est.
579 920 730 975 Itaque
774 920 817 961 in
861 920 1027 962 Graecis
1069 921 1318 961 civitatibus
1360 920 1630 970 videmus‚3o

132 974 315 1018 Athenis
350 978 558 1028 Rhodios,
583 978 947 1029 Lacedaemonios,
970 988 1133 1018 cetelos
1154 977 1343 1032 undique
1368 977 1569 1028 adscribi,

134 1033 447 1090 multarumque
469 1049 559 1075 esse
580 1036 753 1076 eosdem
781 1035 975 1076 homines
997 1035 1236 1076 civitatum.
1299 1035 1398 1080 Quo
1430 1048 1569 1075 errore

133 1091 286 1132 ductos
317 1092 403 1133 vidi
444 1102 617 1148 egomet
648 1092 875 1133 nonnullos
907 1092 1127 1147 imperitos
1159 1091 1370 1142 homines,
1403 1101 1570 1132 nostros

133 1147 262 1199 cives,
295 1125 496 1190 Athenis
510 1150 553 1190 in
590 1164 766 1190 numero
798 1149 998 1205 judicum
1034 1158 1162 1204 atque
1193 1149 1569 1213 Areopagitarum,

134 1215 251 1246 certa
282 1207 412 1258 tribu,
434 1207 474 1237 65
487 1216 606 1248 certo
642 1221 848 1248 numer-o
839 1239 850 1259 ,
882 1221 979 1247 cum
1017 1206 1279 1262 ignorarent,
1302 1221 1334 1246 51
1367 1205 1480 1246 1111111
1507 1207 1570 1247 ci-

131 1261 312 1321 ⁴gitatem
344 1275 486 1304 essent
517 1264 677 1319 adepti,
702 1264 812 1305 hanc
846 1278 889 1304 se
916 1263 1164 1328 perdidisse,
1187 1264 1270 1304 nisi
1303 1263 1568 1328 postliminio

132 1332 467 1376 recuperassent.
530 1321 699 1362 Peiitus
737 1335 836 1361 vero
873 1321 1008 1362 nostri
1039 1322 1150 1375 Juris
1189 1336 1237 1361 ac
1273 1321 1402 1361 moris
1441 1334 1568 1361 nemo

137 1390 355 1432 umquam,
377 1379 449 1433 qui
482 1378 593 1419 hanc
624 1378 844 1420 civitatem
875 1379 1056 1419 retinere
1080 1377 1217 1428 xellet
1240 1379 1282 1418 in
1314 1377 1439 1419 aliam
1462 1378 1569 1419 civi-

133 1442 263 1474 tatem
289 1450 331 1475 se
352 1436 529 1477 dicavit.
591 1435 675 1476 Sed
706 1435 777 1476 hic
812 1444 925 1476 totus
944 1435 1073 1476 locus
1098 1435 1419 1490 disputationis,
1439 1445 1567 1490 atque
1586 1426 1649 1473 13

132 1492 338 1532 orationis
370 1506 537 1557 ineae,J
529 1492 703 1543 udices,
737 1493 920 1548 peitinet
953 1493 1005 1533 ad
1041 1506 1269 1533 commune
1293 1507 1366 1547 Jus
1398 1502 1567 1533 mutan-

100 1556 105 1557 ’
132 1546 279 1590 darum
303 1550 557 1591 civitatum:
590 1550 696 1590 nihil
725 1549 869 1600 habet,
891 1550 1005 1604 quod
1029 1550 1084 1590 sit
1104 1550 1326 1606 pr·op1ium
1347 1549 1611 1619 religionisl’·
1627 1545 1679 1576 ⁶¹·

132 1618 181 1646 ac
213 1605 442 1648 foeder.um
508 1606 705 1648 Defendo
736 1607 851 1647 enim
882 1622 970 1647 1em
1003 1607 1258 1657 unixersam,
1288 1607 1386 1647 null
1379 1622 1447 1648 un
1478 1621 1568 1647 esse
1578 1599 1610 1619 a.

131 1674 303 1720 gentem
335 1678 389 1705 ex
421 1666 537 1705 omni
570 1664 746 1720 regione
774 1674 994 1715 telwralum,
1018 1679 1155 1719 neque
1178 1674 1263 1705 tam
1289 1664 1568 1705 dissidentem

132 1736 157 1761 a
190 1720 349 1776 populo
388 1721 515 1762 Rom
505 1737 585 1762 mo
623 1721 724 1762 odio
761 1721 948 1776 quodam
983 1722 1047 1751 66
1037 1732 1165 1777 atque
1201 1721 1397 1772 discidio,
1431 1736 1569 1777 neque

133 1787 219 1818 tam
253 1778 335 1819 fide
367 1779 749 1833 benevolenti-tque
779 1779 1072 1842 conjunctam,
1095 1793 1148 1819 ex
1171 1794 1256 1834 qua
1280 1780 1405 1819 nobis
1437 1780 1567 1819 inter-

131 1835 292 1876 dictum
316 1836 384 1885 sit,
406 1836 442 1869 67
458 1846 505 1876 ut
526 1851 578 1876 ne
600 1850 727 1891 quem
757 1836 992 1877 adsciscere
1020 1836 1174 1885 civ,em
1197 1845 1268 1876 aut
1293 1836 1440 1876 (ivimt
1445 1851 1466 1875 e
1489 1837 1565 1877 do-

131 1906 231 1933 nare
253 1893 479 1956 possimus.
529 1892 686 1948 Ojura
709 1892 912 1948 praeclala
933 1903 1060 1947 atque
1082 1893 1336 1947 divinitusj
1329 1908 1397 1933 1111
1421 1894 1520 1934 inde
1541 1902 1622 1934 a31

131 1949 346 2005 principio
374 1949 561 1991 Romani
593 1950 777 1991 nominis
801 1966 825 1990 a
846 1950 1082 2014 majoribus
1109 1951 1266 1991 nostris
1287 1961 1563 2007 compaiQata
1556 1953 1562 1978 ¹

131 2021 184 2046 ne
206 2007 300 2062 quis
323 2007 516 2047 nostrum
540 2007 633 2071 pius
655 2022 783 2062 quam
806 2023 931 2048 unlus
953 2007 1141 2048 ci'xitatis
1163 2022 1253 2047 esse
1279 2009 1436 2061 possit:
1463 2008 1567 2060 (dis-

132 2063 368 2104 similitudo
401 2065 512 2104 enim
548 2064 775 2105 civitatum
803 2065 1054 2105 varietatem
1080 2065 1191 2120 juris
1218 2064 1243 2104 h
1248 2064 1372 2106 {beat
1397 2079 1569 2106 necesse

129 2129 217 2161 est·
209 2122 239 2170 .)
262 2135 314 2161 ne
336 2121 430 2175 quis
455 2121 614 2162 invitus
637 2122 814 2162 civitate
835 2131 1050 2162 mutetur:
1083 2136 1189 2162 neve
1211 2121 1252 2160 in
1276 2121 1452 2163 civitate
1478 2137 1568 2163 ma-

130 2186 228 2219 neat
249 2178 425 2219 invitus.
459 2178 570 2220 Haec
593 2187 691 2219 sunt
709 2179 823 2219 enim
846 2178 1126 2220 fundamenta
1144 2177 1388 2220 firmissima
1408 2189 1565 2221 nostlae

172 2335 212 2365 62
244 2336 328 2374 quod
362 2335 408 2365 ad
439 2344 573 2365 causam
610 2345 644 2366 n.
675 2334 727 2374 μ]
763 2334 826 2366 int.
871 2334 1069 2374 intelligam.

131 2386 329 2416 quamquam
348 2378 381 2407 id
397 2387 463 2407 non
480 2378 625 2418 pertinet
639 2377 680 2407 ad
695 2386 826 2407 eausam
912 2377 953 2406 66
981 2382 1079 2416 atque
1105 2376 1250 2416 discidio]
1283 2377 1335 2407 Sic
1363 2376 1427 2407 Ms.
1456 2377 1564 2408 Guelf.

132 2424 339 2459 praesentem.
870 2424 972 2449 reete.
1016 2419 1068 2449 Sic
1093 2423 1128 2448 et
1150 2420 1252 2450 tacite
1277 2419 1377 2449 edidit
1403 2420 1562 2451 Graevius.

171 2461 211 2492 63
233 2471 306 2491 cum
321 2471 361 2491 ex
382 2460 527 2492 omnibus
548 2461 652 2499 civia]
679 2461 826 2491 Graevius
869 2460 991 2500 Vulgg.
1008 2461 1148 2492 dissidio.
1170 2461 1268 2492 male.
1312 2461 1481 2493 Dissidere
1501 2463 1564 2493 dis·

132 2511 172 2532 ez·
192 2503 324 2539 delevit,
347 2510 479 2534 auctore
503 2504 567 2533 Ms.
583 2503 656 2533 Erf.
700 2503 823 2543 Vulga-

130 2549 203 2574 tum
219 2545 333 2575 melius
349 2551 439 2585 puto.

171 2586 212 2616 64
247 2589 705 2618 communionem—continere
736 2586 823 2616 vide-

131 2627 201 2666 tur]
239 2628 325 2659 Mira
358 2629 492 2668 phrasis.
536 2630 599 2660 Pro
633 2630 724 2669 atqui
758 2628 822 2659 Ms.

133 2669 242 2699 Gneli'.
258 2675 364 2710 atque.
379 2681 443 2701 non
458 2672 555 2702 male.

176 2711 216 2741 65
238 2716 322 2742 certo
337 2714 484 2752 numero]
505 2713 592 2753 Quid
607 2718 656 2743 est
677 2712 711 2743 h.
726 2712 747 2742 1.
764 2722 825 2741 nu-

133 2753 267 2782 merus?
282 2763 356 2783 nam
373 2754 468 2785 debet
483 2765 550 2785 esse
564 2755 720 2802 ejusmodi
735 2754 825 2794 qnid,

132 2796 224 2833 cujus
239 2796 352 2825 tribus.
367 2805 483 2837 nempe
499 2797 605 2826 omnis
618 2797 825 2826 Atheniensis

132 2841 183 2866 est
205 2841 303 2866 certoe
328 2838 443 2874 tribus,
465 2839 545 2868 certi
568 2840 694 2877 populi,
716 2839 827 2868 curioe.

134 2876 234 2917 ἳῆμου,
261 2879 415 2922 φρατρίας.
441 2879 493 2910 hic
520 2879 670 2923 petza-esav.
698 2882 827 2910 curiam

193 2934 302 2963 VOL.
330 2936 384 2963 11.
408 2936 452 2963 P
475 2936 530 2963 11.

865 2504 945 2533 sidio
958 2503 1052 2533 nihili
1068 2507 1127 2533 est.

908 2545 947 2579 67
978 2550 1016 2576 ut
1044 2555 1084 2575 ne
1114 2544 1223 2584 quem]
1264 2545 1317 2576 Sic
1347 2545 1448 2575 edidit
1477 2550 1565 2577 recte

866 2587 1014 2617 Gra-vius
1037 2597 1055 2616 e
1082 2587 1145 2617 Ms.
1170 2587 1239 2617 Erf.
1265 2589 1431 2618 consentit
1453 2588 1563 2619 Guelf.

866 2628 948 2659 Edd.
966 2629 1008 2659 R.
1026 2629 1082 2659 ΒΓ.
1097 2629 1307 2659 interdictum
1329 2631 1384 2666 sit,
1400 2632 1565 2660 asciscere.

819 2676 821 2679 “
867 2671 964 2702 male.
988 2676 1062 2710 post
1084 2671 1231 2701 additum
1254 2681 1294 2700 ne
1316 2673 1350 2701 in
1373 2672 1564 2703 edd.Wald.

871 2715 961 2743 1430.
977 2719 1040 2743 cet.
1058 2713 1143 2752 quod
1161 2713 1299 2745 melius:
1324 2719 1362 2743 ut
1383 2718 1417 2743 et
1441 2714 1476 2743 P.
1494 2714 1566 2744 Ma-

868 2760 940 2785 nut.
973 2758 1062 2785 1540.
1088 2759 1126 2784 ut
1153 2765 1203 2784 ηε.
1246 2756 1412 2786 Victorius
1442 2760 1480 2785 ut
1510 2766 1565 2785 ne-

867 2806 938 2835 que,
961 2797 1100 2828 vitiose:
1125 2807 1220 2836 quem
1243 2798 1344 2828 ceteri
1370 2797 1436 2829 fere
1462 2799 1564 2829 secuti

868 2843 958 2869 sunt.

806 2927 883 2963 40
