1785 3185
298 90 398 130 1374
857 84 1109 124 ORATIO

300 190 460 230 tionem
497 188 757 245 posteritatis
800 185 1142 232 ¹6inobscurabit
1177 190 1353 232 oblivio.
1413 187 1526 240 Nam
1565 189 1726 245 reliqua
1778 228 1780 230 .

305 247 396 286 Ser.
442 246 620 301 Sulpicii
643 246 732 287 vita
761 246 904 287 multis
926 249 1006 288 erit
1033 247 1330 304 praeclarisque
1357 248 1645 288 monumentis
1674 246 1727 287 ad

303 316 475 343 omnem
508 303 756 343 memoriam
783 305 1095 346 commendata.
1127 319 1291 360 semper
1319 304 1430 345 illius
1457 305 1726 360 gravitatem,

170 372 202 404 '—
217 359 607 409 22³-eonstantiam,
631 359 771 409 fidem,
803 369 1076 416 praestantem
1098 362 1142 401 in
1165 361 1381 416 republica
1402 361 1558 402 tuenda
1582 373 1729 400 curam
1780 377 1783 409 3

263 414 294 436 ⁸·
307 426 435 471 atque
476 417 760 472 prudentiam,
810 417 1002 457 omnium
1043 417 1286 458 mortalium
1327 417 1438 458 fama
1480 417 1728 458 celebrabit.
1780 423 1783 446 ἰ

309 473 402 514 Nec
426 487 523 513 vero
545 473 736 514 silebitur
765 472 1268 528 admirabilisrquaedam,
1301 483 1343 514 et
1373 473 1648 523 incredibilis,
1681 486 1732 512 ac
1781 470 1785 505 ἶ

307 544 431 585 paene
452 529 597 570 divina
617 530 708 583 ejus
732 529 773 568 in
795 529 961 584 legibus
989 530 1330 584 interpretandis,
1361 532 1564 585 aequitate
1593 527 1732 584 expli·
1782 522 1785 560 ἷ-

308 587 460 636 canda,
482 587 673 626 scientia.
726 585 903 635 Omnes,
924 600 977 626 ex
997 588 1114 626 omni
1138 596 1279 636 aetate,
1297 586 1371 641 qui
1392 587 1473 627 hac
1493 587 1535 626 in
1558 586 1734 626 civitate
1782 607 1785 643 3

309 643 636 697 intelligentiam
662 642 772 696 juris
793 642 1049 694 habuerunt,
1073 644 1106 683 si
1131 657 1260 683 unum
1284 643 1326 683 in
1349 642 1491 684 locum
1513 641 1737 684 conferan-
1782 658 1785 684 z

311 709 394 750 tur,
412 697 510 740 cum
533 700 621 739 Ser.
647 698 838 753 Sulpicio
866 701 898 732 ¹7
914 714 998 740 non
1022 701 1107 740 sint
1123 699 1416 755 comparandi.
1450 699 1602 754 Neque
1622 698 1734 739 enim
1783 726 1785 730 ι

251 757 295 791 ll
313 757 380 797 ille
419 756 555 810 magis
587 756 697 810 juris
736 756 968 806 consultus,
999 771 1127 811 quam
1161 757 1344 811 justitiae
1377 756 1473 797 fuit.
1536 754 1739 810 lssltaque
1783 786 1785 789 .

311 828 406 868 quae
430 812 811 867 proficiscebantur
840 827 865 852 a
896 813 1077 869 legibu5‚
1100 822 1143 853 et
1164 829 1188 853 a
1210 813 1309 869 jure
1337 812 1469 863 civili,
1492 826 1657 867 semper
1686 811 1739 852 ad
1784 813 1785 854 3

309 869 558 915 facilitatem
591 869 925 924 aequitatemque
955 870 1187 922 referebat3
1222 884 1358 925 neque
1383 869 1656 909 ¹9instituere
1687 866 1737 908 li-

310 927 419 967 tium
450 926 639 966 actiones
671 925 869 977 malebat,
900 941 1028 981 quam
1057 928 1367 968 controversias
1398 925 1558 967 tollere.
1619 923 1736 981 Ergo
1784 938 1785 942 ¹

310 983 394 1024 hcc
416 992 567 1023 statuae
585 991 866 1024 monumento
888 997 972 1024 non
994 993 1117 1040 eget:
1149 986 1189 1014 20
1203 984 1332 1024 habet
1351 982 1421 1024 illa
1441 983 1617 1038 majora.
1640 981 1737 1023 haec

309 1040 424 1080 enim
447 1047 599 1089 statua,
631 1040 782 1079 mortis
808 1039 999 1082 honestae
1024 1041 1142 1082 testis
1164 1041 1268 1082 erit:
1301 1040 1385 1090 illa,
1408 1039 1615 1081 memoria
1634 1040 1737 1079 vitai

313 1096 531 1152 gloriosae:
573 1104 621 1136 ut
643 1096 725 1136 hoc
747 1097 884 1152 magis
905 1107 1227 1138 monumentum
1259 1097 1368 1153 grati
1390 1106 1574 1146 senatus,
1607 1109 1737 1150 quam

254 1162 300 1199 12
313 1153 413 1194 clari
446 1152 554 1204 viri,
575 1151 765 1194 futurum
799 1154 869 1194 sit.
929 1154 1121 1195 Multum
1150 1154 1281 1195 etiam
1312 1153 1492 1194 valuisse
1523 1152 1575 1193 ad
1604 1151 1739 1208 patris

313 1210 520 1251 honorem
542 1210 678 1266 pietas
700 1209 776 1250 filii
802 1211 1019 1252 videbitur
1038 1228 1048 1252 :
1079 1213 1168 1266 qui,
1191 1225 1450 1266 quamquam
1471 1210 1654 1251 afflictus
1675 1208 1740 1249 lu-

311 1276 385 1309 ctu
416 1281 502 1307 non
528 1266 661 1317 adest,
695 1276 837 1308 tamen
867 1267 927 1309 sic
956 1269 1132 1309 animati
1161 1281 1250 1308 esse
1278 1267 1458 1317 debetis,
1479 1268 1516 1297 21
1537 1276 1585 1306 ut
1606 1266 1640 1306 si
1670 1264 1739 1306 ille

312 1324 493 1366 adesset.
524 1331 590 1364 est
610 1333 753 1364 autem
776 1323 836 1364 ita
857 1324 1051 1376 affectus,
1074 1335 1122 1366 ut
1142 1339 1268 1366 nemo
1299 1337 1502 1379 umquam
1524 1322 1640 1364 unici
1662 1322 1739 1363 filii

310 1391 493 1422 mortem
512 1380 650 1436 magis
679 1379 877 1431 doluerit,
902 1396 1032 1436 quam
1054 1381 1122 1423 ille
1144 1391 1300 1423 moeret
1322 1381 1467 1437 patris.
1529 1377 1741 1435 Equidem

311 1439 442 1479 etiam
463 1437 516 1478 ad
531 1436 687 1478 famam
707 1437 797 1478 Ser.
821 1437 1000 1494 Sulpicii
1021 1438 1095 1479 filii
1114 1439 1296 1479 arbitror
1317 1437 1543 1494 pertinere,
1563 1445 1610 1477 ut
1625 1436 1740 1477 vide-

311 1504 408 1536 atur
429 1494 636 1535 honorem
654 1493 847 1535 debitum
869 1496 979 1550 patri
1003 1496 1267 1552 praestitisse.
1296 1508 1556 1550 quamquam
1578 1492 1740 1534 nullum

311 1561 639 1592 monumentum
679 1550 833 1592 clarius
867 1552 957 1593 Ser.
1001 1552 1216 1608 Sulpicius
1258 1552 1494 1607 relinquere
1525 1552 1567 1581 22
1582 1550 1740 1606 potuit,

311 1623 442 1663 quam
459 1608 647 1664 effigiem
669 1622 836 1649 morum
855 1623 1043 1661 suorum,
1062 1609 1247 1660 virtutis,
1262 1608 1532 1658 constantiae,
1553 1607 1740 1663 pietatis,

314 1665 494 1722 ingenii,
526 1665 684 1706 filium:
724 1665 847 1720 cujus
880 1665 1019 1707 luctus
1055 1677 1129 1707 aut
1166 1667 1249 1707 hoc
1286 1666 1446 1708 honore
1476 1673 1632 1716 vestro,
1666 1673 1742 1705 aut

270 1722 433 1803 finullo
455 1721 607 1764 solatio
629 1721 757 1763 levari
779 1731 934 1778 potest.

260 1828 306 1861 13
376 1777 492 1821 Mihi
514 1788 657 1820 autem
678 1779 917 1821 recordanti
940 1780 1030 1822 Ser.
1063 1780 1241 1836 Sulpicii
1270 1779 1426 1821 multos
1448 1778 1491 1819 in
1513 1786 1660 1820 nostra
1679 1777 1742 1819 fa-

355 1892 390 1923 16
403 1892 635 1932 inobscurabit]
652 1892 849 1932 Suspectum
857 1893 1003 1931 verbum,

314 1935 391 1974 quia
404 1939 454 1965 est
468 1935 537 1965 sine
556 1934 716 1974 exemplo.
760 1934 875 1973 Itaque
893 1945 911 1965 e
925 1936 1003 1966 Vat.

314 1982 483 2017 receptum
498 1987 517 2007 a
531 1976 658 2006 Graevio
673 1981 747 2016 post
761 1975 842 2006 alios
855 1977 1004 2008 obscura-

314 2018 360 2050 bie
371 2030 381 2048 :
403 2018 489 2058 quod
502 2023 536 2049 et
551 2017 660 2058 Huyd.
676 2018 785 2049 habet.
802 2018 879 2057 quia
893 2023 1004 2051 tamen

314 2066 367 2091 est
394 2061 436 2091 ad
467 2060 652 2100 exemplum
689 2059 850 2100 analogias
881 2061 1006 2092 Graecae

315 2103 472 2134 ἔπισιιοτίω
487 2103 625 2139 factum,
647 2107 682 2132 et
703 2101 778 2132 inde
792 2107 863 2143 post
879 2103 1005 2134 facturn

314 2145 558 2176 inobscurabilis
572 2144 658 2185 apud
670 2143 813 2176 Tertull.
830 2144 869 2175 de
885 2145 1004 2177 Anima

314 2198 344 2218 e.
360 2191 391 2218 5.
407 2187 544 2219 servavi.

361 2233 396 2263 17
418 2239 483 2261 non
502 2231 567 2259 sint
587 2228 705 2268 comp.]
738 2229 802 2266 Sic,
826 2238 893 2259 non
913 2233 1002 2267 sunt,

314 2270 456 2302 habebat
476 2272 554 2302 Vat.
578 2270 663 2302 unde
686 2276 773 2301 recte
795 2270 919 2301 editum
940 2277 1001 2302 est.

315 2312 355 2343 ln
369 2313 432 2344 Gu.
445 2319 495 2345 est
508 2313 542 2343 in
555 2317 648 2344 textu
660 2316 700 2343 st.
712 2312 767 2343 sed
777 2312 889 2343 eadem
901 2322 1002 2343 manu

315 2364 414 2395 supra
427 2356 586 2395 scriptum
600 2356 677 2385 sint.
700 2354 811 2386 Etiam
827 2355 896 2386 sine
911 2355 1001 2386 libris

315 2397 361 2427 sic
376 2397 556 2427 edidissem.

352 2442 388 2470 18
404 2440 520 2479 Itaque
533 2438 616 2478 quoe]
635 2437 712 2468 Non
723 2447 801 2469 sane
815 2437 906 2469 valde
919 2439 1006 2469 bene‘

315 2486 423 2512 sonat.
466 2481 494 2510 E
519 2481 594 2510 Vat.
624 2481 771 2510 Graevius
798 2485 871 2520 post
899 2480 998 2511 alios:

316 2523 372 2554 lea
386 2533 425 2553 ea
438 2532 527 2562 quce:
551 2532 618 2552 non
632 2523 762 2553 suavius
781 2532 870 2553 sane.
916 2522 1000 2552 Puto

310 2575 372 2605 que
398 2570 512 2595 natum
535 2574 553 2594 e
578 2565 785 2604 repetitione,
813 2564 1000 2594 delendum.

311 2617 388 2646 que:
414 2608 461 2637 ita
482 2613 515 2637 et
537 2606 720 2645 elegantior
740 2606 845 2637 oratio
868 2607 918 2636 fit.
941 2616 1001 2637 nee

309 2651 380 2679 alia
393 2653 574 2689 sequuntur
588 2654 660 2688 post
675 2647 756 2679 haec.

356 2693 392 2725 19
418 2692 611 2722 constituere
638 2692 660 2721 l.
688 2690 840 2729 actiones]
873 2690 901 2720 E
923 2690 997 2721 Vnt.

308 2733 454 2763 Graevius
474 2734 652 2764 instituere.
697 2732 735 2763 ld
756 2734 831 2772 quia
852 2737 901 2763 est
924 2743 998 2772 pro-

309 2776 417 2815 prium
432 2776 470 2807 de
486 2775 669 2807 actionibus
683 2775 830 2812 verbum,
846 2776 949 2816 recepi
962 2779 996 2806 et

1057 1894 1133 1934 ipse.
1178 1894 1229 1923 Sic
1244 1897 1294 1923 est
1312 1893 1399 1924 Mur.
1415 1902 1445 1923 c.
1461 1896 1494 1927 9.

1100 1939 1140 1966 -20
1154 1936 1248 1966 habet
1264 1937 1333 1966 alia
1348 1933 1492 1976 majora]
1511 1932 1596 1970 Hoc,
1611 1942 1678 1964 non
1693 1933 1742 1963 in-

1057 1977 1184 2017 telligo,
1209 1977 1369 2017 quomodo
1389 1976 1444 2008 hic
1465 1977 1594 2007 dicatur
1613 1981 1648 2006 et
1666 1985 1742 2005 curn

1055 2020 1174 2050 ceteris
1189 2023 1294 2050 coeat.
1332 2021 1378 2050 At
1400 2028 1497 2049 nenio
1520 2019 1554 2048 in
1576 2027 1615 2047 eo
1637 2017 1744 2048 haesit.

1057 2061 1109 2091 An
1120 2062 1293 2101 legendum
1305 2074 1311 2091 :
1328 2062 1494 2092 imbecilla
1505 2059 1635 2100 majora
1643 2060 1659 2090 f
1670 2060 1743 2095 illa,

1057 2113 1129 2142 quae
1145 2110 1221 2135 ante
1237 2108 1418 2134 memorata
1431 2107 1509 2133 sunt
1527 2102 1566 2132 de
1586 2101 1742 2142 Sulpicio,

1056 2151 1136 2176 sunt
1158 2148 1284 2186 majora
1306 2145 1428 2176 honore
1451 2149 1592 2181 statuae3
1615 2153 1689 2174 nam
1709 2148 1742 2174 et

1056 2193 1131 2227 post
1146 2189 1351 2228 prosequitur
1373 2187 1553 2218 sententias
1567 2185 1624 2217 has
1639 2184 1719 2216 duas
1730 2196 1740 2216 ι

1056 2231 1122 2260 Izoec
1135 2234 1250 2260 statua
1265 2230 1325 2260 διο.
1343 2230 1402 2259 illa
1417 2230 1573 2261 memoria
1586 2229 1659 2258 vitae
1670 2227 1741 2265 glo-

1054 2272 1147 2302 riosoe
1162 2272 1219 2302 διο.
1265 2271 1328 2303 Res
1343 2277 1393 2301 est
1414 2271 1461 2302 ita
1479 2271 1621 2306 evidens,
1640 2275 1679 2300 ut
1696 2269 1741 2299 sic

1055 2314 1216 2353 corrigere
1250 2322 1316 2344 non
1352 2312 1541 2344 dubitarim.
1584 2313 1628 2343 Et
1663 2310 1740 2342 alibi

1053 2354 1124 2386 haec
1137 2356 1202 2387 duo
1216 2356 1313 2386 verba
1327 2355 1462 2386 confusa
1475 2353 1624 2385 vidimus.

1096 2401 1131 2428 ‘21
1151 2403 1188 2428 ut
1202 2398 1257 2427 ille
1269 2399 1297 2428 si
1311 2397 1448 2435 adesset]
1465 2396 1544 2427 Non
1557 2397 1657 2428 male:
1673 2405 1742 2427 me·

1053 2438 1116 2470 lius
1129 2446 1241 2471 tamen
1255 2440 1328 2470 Vat.
1350 2439 1412 2469 Gu.
1427 2445 1461 2468 et
1476 2438 1550 2470 inde
1563 2438 1634 2469 edd.
1655 2447 1744 2477 quae·

1053 2480 1141 2519 dam,
1156 2487 1193 2512 ut
1206 2482 1234 2512 si
1245 2482 1300 2511 ille
1313 2481 1367 2511 ad.
1391 2481 1471 2511 item
1486 2491 1561 2512 mox
1574 2481 1741 2521 pertinere

1054 2533 1112 2563 pro
1129 2523 1218 2563 vulg.
1235 2525 1384 2553 attinere.

1095 2568 1136 2596 22
1158 2565 1316 2605 potuerit]
1345 2564 1509 2595 Vitiosum
1531 2573 1659 2605 semper
1679 2574 1740 2604 pu-

1053 2608 1134 2644 tavi,
1145 2606 1381 2646 legendumque
1389 2607 1497 2646 potuit
1509 2607 1559 2638 vel
1565 2607 1738 2646 potuisset.-

1052 2649 1128 2689 quia
1139 2650 1244 2688 potuit
1257 2649 1371 2680 deinde
1386 2650 1421 2679 in
1435 2648 1515 2679 Mss.
1531 2648 1651 2688 reperit
1666 2647 1741 2678 Fer·

1053 2692 1166 2727 rarius,
1192 2691 1336 2732 itemque
1359 2691 1428 2733 ipse
1449 2691 1483 2723 in
1505 2690 1614 2722 Guelf.
1634 2694 1669 2722 et
1692 2689 1738 2722 H.

1051 2742 1170 2775 recepi.
