<?xml version="1.0" encoding="UTF-8"?>
<!DOCTYPE html PUBLIC "-//W3C//DTD XHTML 1.0 Transitional//EN"
    "http://www.w3.org/TR/xhtml1/DTD/xhtml1-transitional.dtd">
<html xmlns="http://www.w3.org/1999/xhtml" xml:lang="en" lang="en">
 <head>
  <title>
</title>
<meta http-equiv="Content-Type" content="text/html;charset=utf-8" />
  <meta name='ocr-system' content='tesseract 3.04.00' />
  <meta name='ocr-capabilities' content='ocr_page ocr_carea ocr_par ocr_line ocrx_word'/>
</head>
<body>
  <div class='ocr_page' id='page_1' title='image "./p2operaomnia02ciceuoft_0219.png"; bbox 0 0 1769 3174; ppageno 0'>
   <div class='ocr_carea' id='block_1_1' title="bbox 470 109 1481 150">
    <p class='ocr_par' dir='ltr' id='par_1_1' title="bbox 470 109 1481 150">
     <span class='ocr_line' id='line_1_1' title="bbox 470 109 1481 150; baseline -0.001 -1"><span class='ocrx_word' id='word_1_1' title='bbox 470 112 586 150; x_wconf 85' lang='lat' dir='ltr'>PRO</span> <span class='ocrx_word' id='word_1_2' title='bbox 627 109 716 148; x_wconf 90' lang='lat' dir='ltr'>CN.</span> <span class='ocrx_word' id='word_1_3' title='bbox 759 109 1037 148; x_wconf 85' lang='lat' dir='ltr'>PLANCIO.</span> <span class='ocrx_word' id='word_1_4' title='bbox 1405 112 1481 148; x_wconf 79' lang='lat'>939</span> 
     </span>
    </p>
   </div>
   <div class='ocr_carea' id='block_1_2' title="bbox 31 212 1616 1870">
    <p class='ocr_par' dir='ltr' id='par_1_2' title="bbox 31 212 1616 1870">
     <span class='ocr_line' id='line_1_2' title="bbox 31 212 1477 272; baseline -0.002 -15"><span class='ocrx_word' id='word_1_5' title='bbox 31 223 180 272; x_wconf 83' lang='lat' dir='ltr'>postea</span> <span class='ocrx_word' id='word_1_6' title='bbox 196 216 394 271; x_wconf 81' lang='lat' dir='ltr'>princeps</span> <span class='ocrx_word' id='word_1_7' title='bbox 416 215 525 256; x_wconf 89' lang='lat' dir='ltr'>inter</span> <span class='ocrx_word' id='word_1_8' title='bbox 546 229 669 256; x_wconf 90' lang='lat' dir='ltr'>suos:</span> <span class='ocrx_word' id='word_1_9' title='bbox 703 213 980 269; x_wconf 87' lang='lat' dir='ltr'>plurimarum</span> <span class='ocrx_word' id='word_1_10' title='bbox 1012 225 1152 252; x_wconf 78' lang='lat' dir='ltr'>rerum</span> <span class='ocrx_word' id='word_1_11' title='bbox 1185 212 1477 254; x_wconf 81' lang='lat' dir='ltr'>sanctissimus</span> 
     </span>
     <span class='ocr_line' id='line_1_3' title="bbox 32 268 1479 328; baseline -0.002 -15"><span class='ocrx_word' id='word_1_12' title='bbox 32 273 354 328; x_wconf 83' lang='lat' dir='ltr'>etjustissimus</span> <span class='ocrx_word' id='word_1_13' title='bbox 376 272 576 327; x_wconf 76' lang='lat' dir='ltr'>7⁰judex,</span> <span class='ocrx_word' id='word_1_14' title='bbox 598 272 885 311; x_wconf 85' lang='lat' dir='ltr'>maximarum</span> <span class='ocrx_word' id='word_1_15' title='bbox 910 268 1165 309; x_wconf 81' lang='lat' dir='ltr'>societatum</span> <span class='ocrx_word' id='word_1_16' title='bbox 1198 279 1361 317; x_wconf 84' lang='lat' dir='ltr'>auctor,</span> <span class='ocrx_word' id='word_1_17' title='bbox 1387 270 1479 324; x_wconf 89' lang='lat' dir='ltr'>plu-</span> 
     </span>
     <span class='ocr_line' id='line_1_4' title="bbox 33 325 1479 385; baseline -0.002 -15"><span class='ocrx_word' id='word_1_18' title='bbox 33 330 236 371; x_wconf 78' lang='lat' dir='ltr'>rimarum</span> <span class='ocrx_word' id='word_1_19' title='bbox 258 329 485 385; x_wconf 78' lang='lat' dir='ltr'>magister:</span> <span class='ocrx_word' id='word_1_20' title='bbox 519 328 552 368; x_wconf 82' lang='lat' dir='ltr'>si</span> <span class='ocrx_word' id='word_1_21' title='bbox 572 343 659 369; x_wconf 90' lang='lat' dir='ltr'>non</span> <span class='ocrx_word' id='word_1_22' title='bbox 682 327 810 368; x_wconf 86' lang='lat' dir='ltr'>modo</span> <span class='ocrx_word' id='word_1_23' title='bbox 842 327 883 366; x_wconf 88' lang='lat' dir='ltr'>in</span> <span class='ocrx_word' id='word_1_24' title='bbox 908 341 959 367; x_wconf 90' lang='lat' dir='ltr'>eo</span> <span class='ocrx_word' id='word_1_25' title='bbox 982 325 1088 366; x_wconf 86' lang='lat' dir='ltr'>nihil</span> <span class='ocrx_word' id='word_1_26' title='bbox 1112 340 1310 379; x_wconf 81' lang='lat' dir='ltr'>umquam</span> <span class='ocrx_word' id='word_1_27' title='bbox 1338 341 1479 381; x_wconf 84' lang='lat' dir='ltr'>repre-</span> 
     </span>
     <span class='ocr_line' id='line_1_5' title="bbox 33 382 1479 437; baseline -0.003 -10"><span class='ocrx_word' id='word_1_28' title='bbox 33 385 229 437; x_wconf 83' lang='lat' dir='ltr'>hensum,</span> <span class='ocrx_word' id='word_1_29' title='bbox 253 387 324 427; x_wconf 88' lang='lat' dir='ltr'>sed</span> <span class='ocrx_word' id='word_1_30' title='bbox 347 386 517 427; x_wconf 86' lang='lat' dir='ltr'>laudata</span> <span class='ocrx_word' id='word_1_31' title='bbox 538 394 638 426; x_wconf 88' lang='lat' dir='ltr'>sunt</span> <span class='ocrx_word' id='word_1_32' title='bbox 658 384 828 425; x_wconf 83' lang='lat' dir='ltr'>omnia:</span> <span class='ocrx_word' id='word_1_33' title='bbox 863 393 1005 424; x_wconf 88' lang='lat' dir='ltr'>tamen</span> <span class='ocrx_word' id='word_1_34' title='bbox 1038 382 1074 423; x_wconf 86' lang='lat' dir='ltr'>is</span> <span class='ocrx_word' id='word_1_35' title='bbox 1105 383 1244 423; x_wconf 86' lang='lat' dir='ltr'>oberit</span> <span class='ocrx_word' id='word_1_36' title='bbox 1267 382 1479 423; x_wconf 83' lang='lat' dir='ltr'>honestis-</span> 
     </span>
     <span class='ocr_line' id='line_1_6' title="bbox 35 438 1478 499; baseline -0.003 -15"><span class='ocrx_word' id='word_1_37' title='bbox 35 444 144 485; x_wconf 81' lang='lat' dir='ltr'>simo</span> <span class='ocrx_word' id='word_1_38' title='bbox 176 444 264 484; x_wconf 89' lang='lat' dir='ltr'>filio</span> <span class='ocrx_word' id='word_1_39' title='bbox 298 452 430 499; x_wconf 86' lang='lat' dir='ltr'>pater,</span> <span class='ocrx_word' id='word_1_40' title='bbox 449 442 521 498; x_wconf 92' lang='lat' dir='ltr'>qui</span> <span class='ocrx_word' id='word_1_41' title='bbox 554 442 619 483; x_wconf 91' lang='lat' dir='ltr'>vel</span> <span class='ocrx_word' id='word_1_42' title='bbox 647 441 790 482; x_wconf 88' lang='lat' dir='ltr'>minus</span> <span class='ocrx_word' id='word_1_43' title='bbox 819 440 1048 480; x_wconf 83' lang='lat' dir='ltr'>honestum</span> <span class='ocrx_word' id='word_1_44' title='bbox 1088 449 1131 479; x_wconf 89' lang='lat' dir='ltr'>et</span> <span class='ocrx_word' id='word_1_45' title='bbox 1162 438 1344 479; x_wconf 83' lang='lat' dir='ltr'>alienum</span> <span class='ocrx_word' id='word_1_46' title='bbox 1371 440 1478 480; x_wconf 84' lang='lat' dir='ltr'>tueri</span> 
     </span>
     <span class='ocr_line' id='line_1_7' title="bbox 33 496 1480 554; baseline -0.003 -13"><span class='ocrx_word' id='word_1_47' title='bbox 33 500 100 541; x_wconf 84' lang='lat' dir='ltr'>vel</span> <span class='ocrx_word' id='word_1_48' title='bbox 123 500 378 541; x_wconf 83' lang='lat' dir='ltr'>auctoritate</span> <span class='ocrx_word' id='word_1_49' title='bbox 408 515 497 550; x_wconf 88' lang='lat' dir='ltr'>sua,</span> <span class='ocrx_word' id='word_1_50' title='bbox 520 499 586 541; x_wconf 83' lang='lat' dir='ltr'>vel</span> <span class='ocrx_word' id='word_1_51' title='bbox 616 499 755 554; x_wconf 84' lang='lat' dir='ltr'>gratia</span> <span class='ocrx_word' id='word_1_52' title='bbox 785 498 947 553; x_wconf 83' lang='lat' dir='ltr'>possit?</span> <span class='ocrx_word' id='word_1_53' title='bbox 979 496 1199 552; x_wconf 82' lang='lat' dir='ltr'>Asperius,</span> <span class='ocrx_word' id='word_1_54' title='bbox 1231 496 1385 550; x_wconf 86' lang='lat' dir='ltr'>inquit,</span> <span class='ocrx_word' id='word_1_55' title='bbox 1418 496 1480 536; x_wconf 92' lang='lat' dir='ltr'>lo-</span> 
     </span>
     <span class='ocr_line' id='line_1_8' title="bbox 35 552 1543 612; baseline -0.001 -15"><span class='ocrx_word' id='word_1_56' title='bbox 35 567 160 597; x_wconf 88' lang='lat' dir='ltr'>cutus</span> <span class='ocrx_word' id='word_1_57' title='bbox 191 567 255 598; x_wconf 83' lang='lat' dir='ltr'>est</span> <span class='ocrx_word' id='word_1_58' title='bbox 284 556 445 612; x_wconf 87' lang='lat' dir='ltr'>aliquid</span> <span class='ocrx_word' id='word_1_59' title='bbox 475 555 719 612; x_wconf 84' lang='lat' dir='ltr'>aliquando.</span> <span class='ocrx_word' id='word_1_60' title='bbox 782 554 922 595; x_wconf 85' lang='lat' dir='ltr'>Immo</span> <span class='ocrx_word' id='word_1_61' title='bbox 954 553 1134 594; x_wconf 79' lang='lat' dir='ltr'>fortasse</span> <span class='ocrx_word' id='word_1_62' title='bbox 1172 553 1361 594; x_wconf 82' lang='lat' dir='ltr'>liberius.</span> <span class='ocrx_word' id='word_1_63' title='bbox 1420 552 1481 594; x_wconf 80' lang='lat' dir='ltr'>At</span> <span class='ocrx_word' id='word_1_64' title='bbox 1494 562 1543 595; x_wconf 78' lang='lat'>33</span> 
     </span>
     <span class='ocr_line' id='line_1_9' title="bbox 36 610 1482 670; baseline -0.003 -16"><span class='ocrx_word' id='word_1_65' title='bbox 36 613 77 654; x_wconf 85' lang='lat' dir='ltr'>id</span> <span class='ocrx_word' id='word_1_66' title='bbox 100 614 255 670; x_wconf 88' lang='lat' dir='ltr'>ipsum,</span> <span class='ocrx_word' id='word_1_67' title='bbox 279 614 432 670; x_wconf 86' lang='lat' dir='ltr'>inquit,</span> <span class='ocrx_word' id='word_1_68' title='bbox 455 629 540 655; x_wconf 92' lang='lat' dir='ltr'>non</span> <span class='ocrx_word' id='word_1_69' title='bbox 575 622 639 654; x_wconf 87' lang='lat' dir='ltr'>est</span> <span class='ocrx_word' id='word_1_70' title='bbox 669 612 906 653; x_wconf 88' lang='lat' dir='ltr'>ferendum.</span> <span class='ocrx_word' id='word_1_71' title='bbox 972 610 1085 666; x_wconf 81' lang='lat' dir='ltr'>Ergo</span> <span class='ocrx_word' id='word_1_72' title='bbox 1118 610 1160 650; x_wconf 90' lang='lat' dir='ltr'>hi</span> <span class='ocrx_word' id='word_1_73' title='bbox 1183 610 1344 651; x_wconf 88' lang='lat' dir='ltr'>ferendi</span> <span class='ocrx_word' id='word_1_74' title='bbox 1369 621 1482 661; x_wconf 87' lang='lat' dir='ltr'>sunt,</span> 
     </span>
     <span class='ocr_line' id='line_1_10' title="bbox 35 667 1484 725; baseline -0.002 -14"><span class='ocrx_word' id='word_1_75' title='bbox 35 672 108 725; x_wconf 86' lang='lat' dir='ltr'>qui</span> <span class='ocrx_word' id='word_1_76' title='bbox 133 671 635 725; x_wconf 84' lang='lat' dir='ltr'>queruntur,libertatem</span> <span class='ocrx_word' id='word_1_77' title='bbox 655 669 810 724; x_wconf 89' lang='lat' dir='ltr'>equitis</span> <span class='ocrx_word' id='word_1_78' title='bbox 832 668 1018 709; x_wconf 83' lang='lat' dir='ltr'>Romani</span> <span class='ocrx_word' id='word_1_79' title='bbox 1037 682 1080 708; x_wconf 76' lang='lat' dir='ltr'>se</span> <span class='ocrx_word' id='word_1_80' title='bbox 1103 667 1211 708; x_wconf 80' lang='lat' dir='ltr'>ferre</span> <span class='ocrx_word' id='word_1_81' title='bbox 1230 682 1312 707; x_wconf 88' lang='lat' dir='ltr'>non</span> <span class='ocrx_word' id='word_1_82' title='bbox 1336 670 1484 722; x_wconf 85' lang='lat' dir='ltr'>posse?</span> 
     </span>
     <span class='ocr_line' id='line_1_11' title="bbox 38 724 1616 781; baseline -0.002 -12"><span class='ocrx_word' id='word_1_83' title='bbox 38 727 228 769; x_wconf 85' lang='lat' dir='ltr'>Ubinam</span> <span class='ocrx_word' id='word_1_84' title='bbox 254 727 321 769; x_wconf 89' lang='lat' dir='ltr'>ille</span> <span class='ocrx_word' id='word_1_85' title='bbox 345 731 464 770; x_wconf 83' lang='lat' dir='ltr'>mos?</span> <span class='ocrx_word' id='word_1_86' title='bbox 498 728 568 768; x_wconf 91' lang='lat' dir='ltr'>ubi</span> <span class='ocrx_word' id='word_1_87' title='bbox 591 727 659 768; x_wconf 77' lang='lat' dir='ltr'>illa</span> <span class='ocrx_word' id='word_1_88' title='bbox 682 726 860 781; x_wconf 84' lang='lat' dir='ltr'>aequitas</span> <span class='ocrx_word' id='word_1_89' title='bbox 877 725 1018 781; x_wconf 73' lang='lat' dir='ltr'>juris?</span> <span class='ocrx_word' id='word_1_90' title='bbox 1051 724 1122 765; x_wconf 91' lang='lat' dir='ltr'>ubi</span> <span class='ocrx_word' id='word_1_91' title='bbox 1145 724 1215 765; x_wconf 84' lang='lat' dir='ltr'>illa</span> <span class='ocrx_word' id='word_1_92' title='bbox 1236 725 1414 780; x_wconf 83' lang='lat' dir='ltr'>antiqua</span> <span class='ocrx_word' id='word_1_93' title='bbox 1436 725 1484 765; x_wconf 90' lang='lat' dir='ltr'>li-</span> <span class='ocrx_word' id='word_1_94' title='bbox 1498 747 1527 776; x_wconf 80' lang='lat' dir='ltr'>p.</span> <span class='ocrx_word' id='word_1_95' title='bbox 1544 736 1616 766; x_wconf 80' lang='lat'><strong>266.</strong></span> 
     </span>
     <span class='ocr_line' id='line_1_12' title="bbox 38 781 1526 840; baseline -0.002 -15"><span class='ocrx_word' id='word_1_96' title='bbox 38 785 196 836; x_wconf 87' lang='lat' dir='ltr'>bertas,</span> <span class='ocrx_word' id='word_1_97' title='bbox 219 800 313 839; x_wconf 66' lang='lat' dir='ltr'>quae</span> <span class='ocrx_word' id='word_1_98' title='bbox 338 785 458 826; x_wconf 86' lang='lat' dir='ltr'>malis</span> <span class='ocrx_word' id='word_1_99' title='bbox 481 799 684 840; x_wconf 80' lang='lat' dir='ltr'>oppressa</span> <span class='ocrx_word' id='word_1_100' title='bbox 707 783 920 832; x_wconf 84' lang='lat' dir='ltr'>civilibus,</span> <span class='ocrx_word' id='word_1_101' title='bbox 943 781 1148 822; x_wconf 75' lang='lat' dir='ltr'>extollere</span> <span class='ocrx_word' id='word_1_102' title='bbox 1161 782 1254 836; x_wconf 83' lang='lat' dir='ltr'>jam</span> <span class='ocrx_word' id='word_1_103' title='bbox 1275 791 1420 837; x_wconf 82' lang='lat' dir='ltr'>caput,</span> <span class='ocrx_word' id='word_1_104' title='bbox 1442 793 1485 823; x_wconf 86' lang='lat' dir='ltr'>et</span> <span class='ocrx_word' id='word_1_105' title='bbox 1497 790 1526 810; x_wconf 84' lang='lat' dir='ltr'>a.</span> 
     </span>
     <span class='ocr_line' id='line_1_13' title="bbox 41 838 1486 897; baseline -0.001 -15"><span class='ocrx_word' id='word_1_106' title='bbox 41 842 273 896; x_wconf 82' lang='lat' dir='ltr'>aliquando</span> <span class='ocrx_word' id='word_1_107' title='bbox 303 850 505 893; x_wconf 86' lang='lat' dir='ltr'>recreata,</span> <span class='ocrx_word' id='word_1_108' title='bbox 529 856 572 882; x_wconf 89' lang='lat' dir='ltr'>se</span> <span class='ocrx_word' id='word_1_109' title='bbox 602 841 765 897; x_wconf 83' lang='lat' dir='ltr'>erigere</span> <span class='ocrx_word' id='word_1_110' title='bbox 795 840 1008 881; x_wconf 77' lang='lat' dir='ltr'>debebat?</span> <span class='ocrx_word' id='word_1_111' title='bbox 1042 838 1250 894; x_wconf 80' lang='lat' dir='ltr'>Equitum</span> <span class='ocrx_word' id='word_1_112' title='bbox 1281 854 1362 894; x_wconf 78' lang='lat' dir='ltr'>ego</span> <span class='ocrx_word' id='word_1_113' title='bbox 1396 840 1486 880; x_wconf 83' lang='lat' dir='ltr'>Ro-</span> 
     </span>
     <span class='ocr_line' id='line_1_14' title="bbox 41 897 1488 952; baseline -0.001 -13"><span class='ocrx_word' id='word_1_114' title='bbox 41 913 267 940; x_wconf 84' lang='lat' dir='ltr'>manorum</span> <span class='ocrx_word' id='word_1_115' title='bbox 289 900 417 939; x_wconf 89' lang='lat' dir='ltr'>etiam</span> <span class='ocrx_word' id='word_1_116' title='bbox 439 899 478 939; x_wconf 87' lang='lat' dir='ltr'>in</span> <span class='ocrx_word' id='word_1_117' title='bbox 504 898 698 939; x_wconf 85' lang='lat' dir='ltr'>homines</span> <span class='ocrx_word' id='word_1_118' title='bbox 720 897 1010 938; x_wconf 89' lang='lat' dir='ltr'>nobilissimos</span> <span class='ocrx_word' id='word_1_119' title='bbox 1029 897 1271 948; x_wconf 83' lang='lat' dir='ltr'>maledieta,</span> <span class='ocrx_word' id='word_1_120' title='bbox 1296 897 1488 952; x_wconf 82' lang='lat' dir='ltr'>publica-</span> 
     </span>
     <span class='ocr_line' id='line_1_15' title="bbox 41 954 1487 1009; baseline -0.001 -13"><span class='ocrx_word' id='word_1_121' title='bbox 41 970 195 996; x_wconf 85' lang='lat' dir='ltr'>norum</span> <span class='ocrx_word' id='word_1_122' title='bbox 232 956 275 996; x_wconf 94' lang='lat' dir='ltr'>in</span> <span class='ocrx_word' id='word_1_123' title='bbox 308 956 365 1002; x_wconf 81' lang='lat' dir='ltr'>Q.</span> <span class='ocrx_word' id='word_1_124' title='bbox 398 956 652 1005; x_wconf 85' lang='lat' dir='ltr'>Seaevolarn,</span> <span class='ocrx_word' id='word_1_125' title='bbox 683 955 818 995; x_wconf 88' lang='lat' dir='ltr'>virum</span> <span class='ocrx_word' id='word_1_126' title='bbox 851 954 1052 994; x_wconf 88' lang='lat' dir='ltr'>omnibus</span> <span class='ocrx_word' id='word_1_127' title='bbox 1094 954 1284 1009; x_wconf 80' lang='lat' dir='ltr'>ingenio,</span> <span class='ocrx_word' id='word_1_128' title='bbox 1300 954 1487 1008; x_wconf 83' lang='lat' dir='ltr'>justitia,</span> 
     </span>
     <span class='ocr_line' id='line_1_16' title="bbox 42 1011 1490 1069; baseline -0.001 -15"><span class='ocrx_word' id='word_1_129' title='bbox 42 1013 290 1069; x_wconf 81' lang='lat' dir='ltr'>integritate</span> <span class='ocrx_word' id='word_1_130' title='bbox 323 1023 612 1069; x_wconf 74' lang='lat' dir='ltr'><strong>praestantem,</strong></span> <span class='ocrx_word' id='word_1_131' title='bbox 632 1026 794 1068; x_wconf 83' lang='lat' dir='ltr'>aspere,</span> <span class='ocrx_word' id='word_1_132' title='bbox 824 1021 866 1053; x_wconf 90' lang='lat' dir='ltr'>et</span> <span class='ocrx_word' id='word_1_133' title='bbox 898 1011 1111 1061; x_wconf 86' lang='lat' dir='ltr'>ferociter,</span> <span class='ocrx_word' id='word_1_134' title='bbox 1137 1021 1181 1052; x_wconf 89' lang='lat' dir='ltr'>et</span> <span class='ocrx_word' id='word_1_135' title='bbox 1212 1011 1342 1052; x_wconf 90' lang='lat' dir='ltr'>libere</span> <span class='ocrx_word' id='word_1_136' title='bbox 1373 1012 1490 1052; x_wconf 82' lang='lat' dir='ltr'>dicta</span> 
     </span>
     <span class='ocr_line' id='line_1_17' title="bbox 43 1064 1574 1124; baseline 0 -14"><span class='ocrx_word' id='word_1_137' title='bbox 43 1072 405 1111; x_wconf 83' lang='lat' dir='ltr'><strong>commemorem?</strong></span> <span class='ocrx_word' id='word_1_138' title='bbox 428 1070 605 1111; x_wconf 87' lang='lat' dir='ltr'>Consuli</span> <span class='ocrx_word' id='word_1_139' title='bbox 628 1069 678 1110; x_wconf 91' lang='lat' dir='ltr'>P.</span> <span class='ocrx_word' id='word_1_140' title='bbox 702 1069 874 1110; x_wconf 84' lang='lat' dir='ltr'>Nsiacae</span> <span class='ocrx_word' id='word_1_141' title='bbox 895 1083 1037 1124; x_wconf 76' lang='lat' dir='ltr'>praeco</span> <span class='ocrx_word' id='word_1_142' title='bbox 1060 1068 1263 1118; x_wconf 83' lang='lat' dir='ltr'>Granius,</span> <span class='ocrx_word' id='word_1_143' title='bbox 1287 1069 1428 1109; x_wconf 89' lang='lat' dir='ltr'>medio</span> <span class='ocrx_word' id='word_1_144' title='bbox 1446 1069 1487 1109; x_wconf 92' lang='lat' dir='ltr'>in</span> <span class='ocrx_word' id='word_1_145' title='bbox 1508 1064 1574 1113; x_wconf 78' lang='grc'>14</span> 
     </span>
     <span class='ocr_line' id='line_1_18' title="bbox 43 1125 1492 1183; baseline 0 -15"><span class='ocrx_word' id='word_1_146' title='bbox 43 1126 153 1178; x_wconf 86' lang='lat' dir='ltr'>foro,</span> <span class='ocrx_word' id='word_1_147' title='bbox 176 1142 274 1168; x_wconf 91' lang='lat' dir='ltr'>cum</span> <span class='ocrx_word' id='word_1_148' title='bbox 297 1126 380 1177; x_wconf 88' lang='lat' dir='ltr'>ille,</span> <span class='ocrx_word' id='word_1_149' title='bbox 401 1127 544 1168; x_wconf 83' lang='lat' dir='ltr'>edicto</span> <span class='ocrx_word' id='word_1_150' title='bbox 558 1126 749 1183; x_wconf 86' lang='lat' dir='ltr'>justitio,</span> <span class='ocrx_word' id='word_1_151' title='bbox 771 1130 806 1160; x_wconf 76' lang='lat'>71</span> <span class='ocrx_word' id='word_1_152' title='bbox 825 1126 1001 1166; x_wconf 88' lang='lat' dir='ltr'>domum</span> <span class='ocrx_word' id='word_1_153' title='bbox 1021 1125 1280 1166; x_wconf 82' lang='lat' dir='ltr'>descendens</span> <span class='ocrx_word' id='word_1_154' title='bbox 1298 1137 1492 1182; x_wconf 76' lang='lat' dir='ltr'>rogasset</span> 
     </span>
     <span class='ocr_line' id='line_1_19' title="bbox 46 1183 1491 1239; baseline 0.001 -14"><span class='ocrx_word' id='word_1_155' title='bbox 46 1184 274 1235; x_wconf 82' lang='lat' dir='ltr'>Granium,</span> <span class='ocrx_word' id='word_1_156' title='bbox 305 1184 408 1239; x_wconf 86' lang='lat' dir='ltr'>quid</span> <span class='ocrx_word' id='word_1_157' title='bbox 440 1184 572 1225; x_wconf 87' lang='lat' dir='ltr'>tristis</span> <span class='ocrx_word' id='word_1_158' title='bbox 603 1193 736 1225; x_wconf 88' lang='lat' dir='ltr'>esset:</span> <span class='ocrx_word' id='word_1_159' title='bbox 781 1197 833 1224; x_wconf 86' lang='lat' dir='ltr'>an</span> <span class='ocrx_word' id='word_1_160' title='bbox 862 1185 902 1217; x_wconf 78' lang='lat'>72</span> <span class='ocrx_word' id='word_1_161' title='bbox 920 1183 1034 1238; x_wconf 88' lang='lat' dir='ltr'>quod</span> <span class='ocrx_word' id='word_1_162' title='bbox 1068 1184 1289 1224; x_wconf 84' lang='lat' dir='ltr'>auctiones</span> <span class='ocrx_word' id='word_1_163' title='bbox 1321 1189 1491 1226; x_wconf 85' lang='lat' dir='ltr'>essent?</span> 
     </span>
     <span class='ocr_line' id='line_1_20' title="bbox 47 1239 1494 1297; baseline 0.001 -15"><span class='ocrx_word' id='word_1_164' title='bbox 47 1240 188 1282; x_wconf 90' lang='lat' dir='ltr'>Immo</span> <span class='ocrx_word' id='word_1_165' title='bbox 221 1256 336 1293; x_wconf 84' lang='lat' dir='ltr'>vero,</span> <span class='ocrx_word' id='word_1_166' title='bbox 369 1242 525 1297; x_wconf 87' lang='lat' dir='ltr'>inquit,</span> <span class='ocrx_word' id='word_1_167' title='bbox 555 1241 670 1297; x_wconf 90' lang='lat' dir='ltr'>quod</span> <span class='ocrx_word' id='word_1_168' title='bbox 712 1241 918 1297; x_wconf 83' lang='lat' dir='ltr'>legiones.</span> <span class='ocrx_word' id='word_1_169' title='bbox 980 1239 1100 1280; x_wconf 82' lang='lat' dir='ltr'>Idem</span> <span class='ocrx_word' id='word_1_170' title='bbox 1138 1241 1310 1281; x_wconf 91' lang='lat' dir='ltr'>tribuno</span> <span class='ocrx_word' id='word_1_171' title='bbox 1341 1240 1494 1296; x_wconf 84' lang='lat' dir='ltr'>plebis,</span> 
     </span>
     <span class='ocr_line' id='line_1_21' title="bbox 45 1297 1495 1356; baseline 0 -16"><span class='ocrx_word' id='word_1_172' title='bbox 45 1299 347 1356; x_wconf 85' lang='lat' dir='ltr'>potentissimo</span> <span class='ocrx_word' id='word_1_173' title='bbox 378 1298 559 1349; x_wconf 90' lang='lat' dir='ltr'>homini,</span> <span class='ocrx_word' id='word_1_174' title='bbox 584 1298 649 1339; x_wconf 90' lang='lat' dir='ltr'>M.</span> <span class='ocrx_word' id='word_1_175' title='bbox 673 1297 830 1349; x_wconf 81' lang='lat' dir='ltr'>Druso,</span> <span class='ocrx_word' id='word_1_176' title='bbox 855 1297 927 1338; x_wconf 85' lang='lat' dir='ltr'>sed</span> <span class='ocrx_word' id='word_1_177' title='bbox 959 1297 1094 1338; x_wconf 79' lang='lat' dir='ltr'>multa</span> <span class='ocrx_word' id='word_1_178' title='bbox 1115 1298 1157 1338; x_wconf 86' lang='lat' dir='ltr'>in</span> <span class='ocrx_word' id='word_1_179' title='bbox 1182 1297 1495 1354; x_wconf 86' lang='lat' dir='ltr'>rempublicam</span> 
     </span>
     <span class='ocr_line' id='line_1_22' title="bbox 48 1354 1492 1411; baseline 0 -14"><span class='ocrx_word' id='word_1_180' title='bbox 48 1355 258 1407; x_wconf 87' lang='lat' dir='ltr'>molienti,</span> <span class='ocrx_word' id='word_1_181' title='bbox 280 1371 379 1397; x_wconf 90' lang='lat' dir='ltr'>eum</span> <span class='ocrx_word' id='word_1_182' title='bbox 410 1356 479 1396; x_wconf 87' lang='lat' dir='ltr'>ille</span> <span class='ocrx_word' id='word_1_183' title='bbox 510 1370 607 1396; x_wconf 90' lang='lat' dir='ltr'>eum</span> <span class='ocrx_word' id='word_1_184' title='bbox 639 1356 876 1406; x_wconf 83' lang='lat' dir='ltr'>salutasset,</span> <span class='ocrx_word' id='word_1_185' title='bbox 906 1364 954 1395; x_wconf 89' lang='lat' dir='ltr'>ut</span> <span class='ocrx_word' id='word_1_186' title='bbox 984 1354 1048 1406; x_wconf 87' lang='lat' dir='ltr'>fit,</span> <span class='ocrx_word' id='word_1_187' title='bbox 1071 1354 1351 1411; x_wconf 78' lang='lat' dir='ltr'>dixissetque,</span> <span class='ocrx_word' id='word_1_188' title='bbox 1376 1356 1492 1402; x_wconf 83' lang='lat' dir='ltr'>Quid</span> 
     </span>
     <span class='ocr_line' id='line_1_23' title="bbox 49 1411 1494 1469; baseline 0.001 -15"><span class='ocrx_word' id='word_1_189' title='bbox 49 1414 156 1469; x_wconf 79' lang='lat' dir='ltr'>agis,</span> <span class='ocrx_word' id='word_1_190' title='bbox 188 1413 351 1455; x_wconf 85' lang='lat' dir='ltr'>Grani?</span> <span class='ocrx_word' id='word_1_191' title='bbox 382 1413 617 1469; x_wconf 84' lang='lat' dir='ltr'>respondit,</span> <span class='ocrx_word' id='word_1_192' title='bbox 650 1413 790 1454; x_wconf 86' lang='lat' dir='ltr'>Immo</span> <span class='ocrx_word' id='word_1_193' title='bbox 823 1427 937 1461; x_wconf 78' lang='lat' dir='ltr'>vem,</span> <span class='ocrx_word' id='word_1_194' title='bbox 970 1420 1015 1452; x_wconf 89' lang='lat' dir='ltr'>tu</span> <span class='ocrx_word' id='word_1_195' title='bbox 1050 1411 1204 1462; x_wconf 86' lang='lat' dir='ltr'>Druse,</span> <span class='ocrx_word' id='word_1_196' title='bbox 1234 1412 1338 1468; x_wconf 86' lang='lat' dir='ltr'>quid</span> <span class='ocrx_word' id='word_1_197' title='bbox 1377 1414 1494 1469; x_wconf 81' lang='lat' dir='ltr'>agis?</span> 
     </span>
     <span class='ocr_line' id='line_1_24' title="bbox 50 1469 1494 1526; baseline 0.001 -15"><span class='ocrx_word' id='word_1_198' title='bbox 50 1470 119 1511; x_wconf 86' lang='lat' dir='ltr'>ille</span> <span class='ocrx_word' id='word_1_199' title='bbox 163 1471 211 1512; x_wconf 90' lang='lat' dir='ltr'>L.</span> <span class='ocrx_word' id='word_1_200' title='bbox 245 1470 404 1521; x_wconf 80' lang='lat' dir='ltr'>Crassi,</span> <span class='ocrx_word' id='word_1_201' title='bbox 435 1471 503 1511; x_wconf 89' lang='lat' dir='ltr'>ille</span> <span class='ocrx_word' id='word_1_202' title='bbox 536 1470 602 1511; x_wconf 86' lang='lat' dir='ltr'>M.</span> <span class='ocrx_word' id='word_1_203' title='bbox 634 1470 815 1511; x_wconf 88' lang='lat' dir='ltr'>Antonii</span> <span class='ocrx_word' id='word_1_204' title='bbox 852 1473 891 1504; x_wconf 84' lang='grc'>73</span> <span class='ocrx_word' id='word_1_205' title='bbox 908 1469 1173 1510; x_wconf 83' lang='lat' dir='ltr'>voluntatem</span> <span class='ocrx_word' id='word_1_206' title='bbox 1206 1470 1494 1526; x_wconf 83' lang='lat' dir='ltr'>asperioribus</span> 
     </span>
     <span class='ocr_line' id='line_1_25' title="bbox 49 1527 1496 1583; baseline 0 -14"><span class='ocrx_word' id='word_1_207' title='bbox 49 1527 217 1569; x_wconf 79' lang='lat' dir='ltr'>facetiis</span> <span class='ocrx_word' id='word_1_208' title='bbox 248 1542 362 1583; x_wconf 77' lang='lat' dir='ltr'>saepe</span> <span class='ocrx_word' id='word_1_209' title='bbox 393 1527 646 1583; x_wconf 70' lang='lat' dir='ltr'>perstrinxit</span> <span class='ocrx_word' id='word_1_210' title='bbox 676 1529 866 1583; x_wconf 87' lang='lat' dir='ltr'>impune.</span> <span class='ocrx_word' id='word_1_211' title='bbox 897 1541 1012 1567; x_wconf 90' lang='lat' dir='ltr'>nunc</span> <span class='ocrx_word' id='word_1_212' title='bbox 1043 1541 1177 1582; x_wconf 89' lang='lat' dir='ltr'>usque</span> <span class='ocrx_word' id='word_1_213' title='bbox 1208 1541 1259 1568; x_wconf 90' lang='lat' dir='ltr'>eo</span> <span class='ocrx_word' id='word_1_214' title='bbox 1291 1542 1496 1583; x_wconf 84' lang='lat' dir='ltr'>oppressa</span> 
     </span>
     <span class='ocr_line' id='line_1_26' title="bbox 50 1583 1491 1640; baseline 0 -14"><span class='ocrx_word' id='word_1_215' title='bbox 50 1595 191 1626; x_wconf 75' lang='lat' dir='ltr'>vestra</span> <span class='ocrx_word' id='word_1_216' title='bbox 221 1585 466 1640; x_wconf 74' lang='lat' dir='ltr'>arrogantia</span> <span class='ocrx_word' id='word_1_217' title='bbox 494 1585 646 1626; x_wconf 84' lang='lat' dir='ltr'>civitas</span> <span class='ocrx_word' id='word_1_218' title='bbox 681 1594 760 1635; x_wconf 88' lang='lat' dir='ltr'>est,</span> <span class='ocrx_word' id='word_1_219' title='bbox 779 1594 841 1635; x_wconf 86' lang='lat' dir='ltr'>ut,</span> <span class='ocrx_word' id='word_1_220' title='bbox 863 1599 960 1639; x_wconf 85' lang='lat' dir='ltr'>quae</span> <span class='ocrx_word' id='word_1_221' title='bbox 993 1583 1076 1625; x_wconf 90' lang='lat' dir='ltr'>fuit</span> <span class='ocrx_word' id='word_1_222' title='bbox 1106 1584 1208 1625; x_wconf 89' lang='lat' dir='ltr'>olim</span> <span class='ocrx_word' id='word_1_223' title='bbox 1237 1585 1426 1640; x_wconf 84' lang='lat' dir='ltr'>praeconi</span> <span class='ocrx_word' id='word_1_224' title='bbox 1450 1587 1491 1626; x_wconf 92' lang='lat' dir='ltr'>in</span> 
     </span>
     <span class='ocr_line' id='line_1_27' title="bbox 50 1641 1494 1697; baseline 0 -14"><span class='ocrx_word' id='word_1_225' title='bbox 50 1642 244 1693; x_wconf 84' lang='lat' dir='ltr'>ridendo,</span> <span class='ocrx_word' id='word_1_226' title='bbox 268 1657 380 1682; x_wconf 88' lang='lat' dir='ltr'>nune</span> <span class='ocrx_word' id='word_1_227' title='bbox 401 1643 536 1697; x_wconf 91' lang='lat' dir='ltr'>equiti</span> <span class='ocrx_word' id='word_1_228' title='bbox 563 1642 762 1684; x_wconf 86' lang='lat' dir='ltr'>Romano</span> <span class='ocrx_word' id='word_1_229' title='bbox 793 1643 834 1682; x_wconf 86' lang='lat' dir='ltr'>iu</span> <span class='ocrx_word' id='word_1_230' title='bbox 864 1641 1084 1696; x_wconf 82' lang='lat' dir='ltr'>plorando,</span> <span class='ocrx_word' id='word_1_231' title='bbox 1106 1657 1194 1683; x_wconf 87' lang='lat' dir='ltr'>non</span> <span class='ocrx_word' id='word_1_232' title='bbox 1217 1643 1271 1682; x_wconf 86' lang='lat' dir='ltr'>sit</span> <span class='ocrx_word' id='word_1_233' title='bbox 1290 1657 1494 1684; x_wconf 86' lang='lat' dir='ltr'>concessa</span> 
     </span>
     <span class='ocr_line' id='line_1_28' title="bbox 51 1698 1556 1754; baseline 0.001 -14"><span class='ocrx_word' id='word_1_234' title='bbox 51 1698 240 1740; x_wconf 87' lang='lat' dir='ltr'>libertas.</span> <span class='ocrx_word' id='word_1_235' title='bbox 301 1699 412 1747; x_wconf 81' lang='lat' dir='ltr'>Quae</span> <span class='ocrx_word' id='word_1_236' title='bbox 434 1700 548 1740; x_wconf 87' lang='lat' dir='ltr'>enim</span> <span class='ocrx_word' id='word_1_237' title='bbox 570 1714 771 1754; x_wconf 83' lang='lat' dir='ltr'>umquam</span> <span class='ocrx_word' id='word_1_238' title='bbox 806 1698 888 1739; x_wconf 86' lang='lat' dir='ltr'>fuit</span> <span class='ocrx_word' id='word_1_239' title='bbox 915 1698 1092 1740; x_wconf 83' lang='lat' dir='ltr'>Plancio</span> <span class='ocrx_word' id='word_1_240' title='bbox 1117 1714 1202 1740; x_wconf 81' lang='lat' dir='ltr'>vox</span> <span class='ocrx_word' id='word_1_241' title='bbox 1219 1699 1556 1749; x_wconf 79' lang='lat' dir='ltr'>contumeliae34</span> 
     </span>
     <span class='ocr_line' id='line_1_29' title="bbox 55 1757 1494 1813; baseline 0.001 -16"><span class='ocrx_word' id='word_1_242' title='bbox 55 1757 213 1813; x_wconf 88' lang='lat' dir='ltr'>potius,</span> <span class='ocrx_word' id='word_1_243' title='bbox 235 1771 362 1812; x_wconf 82' lang='lat' dir='ltr'>quam</span> <span class='ocrx_word' id='word_1_244' title='bbox 384 1757 570 1798; x_wconf 92' lang='lat' dir='ltr'>doloris?</span> <span class='ocrx_word' id='word_1_245' title='bbox 600 1757 704 1812; x_wconf 87' lang='lat' dir='ltr'>quid</span> <span class='ocrx_word' id='word_1_246' title='bbox 726 1766 792 1797; x_wconf 86' lang='lat' dir='ltr'>est</span> <span class='ocrx_word' id='word_1_247' title='bbox 812 1767 954 1797; x_wconf 84' lang='lat' dir='ltr'>autem</span> <span class='ocrx_word' id='word_1_248' title='bbox 980 1771 1181 1811; x_wconf 84' lang='lat' dir='ltr'>umquam</span> <span class='ocrx_word' id='word_1_249' title='bbox 1204 1767 1393 1811; x_wconf 84' lang='lat' dir='ltr'>questus,</span> <span class='ocrx_word' id='word_1_250' title='bbox 1412 1758 1494 1798; x_wconf 89' lang='lat' dir='ltr'>nisi</span> 
     </span>
     <span class='ocr_line' id='line_1_30' title="bbox 53 1813 1494 1870; baseline 0.001 -15"><span class='ocrx_word' id='word_1_251' title='bbox 53 1828 152 1855; x_wconf 88' lang='lat' dir='ltr'>cum</span> <span class='ocrx_word' id='word_1_252' title='bbox 176 1829 200 1855; x_wconf 88' lang='lat' dir='ltr'>a</span> <span class='ocrx_word' id='word_1_253' title='bbox 221 1813 347 1855; x_wconf 88' lang='lat' dir='ltr'>sociis</span> <span class='ocrx_word' id='word_1_254' title='bbox 369 1823 411 1855; x_wconf 89' lang='lat' dir='ltr'>et</span> <span class='ocrx_word' id='word_1_255' title='bbox 442 1828 467 1855; x_wconf 88' lang='lat' dir='ltr'>a</span> <span class='ocrx_word' id='word_1_256' title='bbox 497 1828 540 1855; x_wconf 86' lang='lat' dir='ltr'>se</span> <span class='ocrx_word' id='word_1_257' title='bbox 571 1814 773 1870; x_wconf 82' lang='lat' dir='ltr'>injuriam</span> <span class='ocrx_word' id='word_1_258' title='bbox 805 1813 1101 1870; x_wconf 79' lang='lat' dir='ltr'>propulsaret?</span> <span class='ocrx_word' id='word_1_259' title='bbox 1135 1814 1246 1855; x_wconf 88' lang='lat' dir='ltr'>Cum</span> <span class='ocrx_word' id='word_1_260' title='bbox 1269 1817 1309 1847; x_wconf 74' lang='lat'>74</span> <span class='ocrx_word' id='word_1_261' title='bbox 1324 1825 1494 1857; x_wconf 72' lang='lat' dir='ltr'>senatus</span> 
     </span>
    </p>
   </div>
   <div class='ocr_carea' id='block_1_3' title="bbox 55 1926 756 2054">
    <p class='ocr_par' dir='ltr' id='par_1_3' title="bbox 55 1926 756 2054">
     <span class='ocr_line' id='line_1_31' title="bbox 97 1926 755 1970; baseline 0.005 -13"><span class='ocrx_word' id='word_1_262' title='bbox 97 1930 139 1961; x_wconf 81' lang='grc'>70</span> <span class='ocrx_word' id='word_1_263' title='bbox 151 1926 438 1968; x_wconf 62' lang='lat' dir='ltr'>juder—auctor]</span> <span class='ocrx_word' id='word_1_264' title='bbox 475 1928 582 1968; x_wconf 74' lang='lat' dir='ltr'>Quem</span> <span class='ocrx_word' id='word_1_265' title='bbox 609 1930 755 1970; x_wconf 88' lang='lat' dir='ltr'>primum</span> 
     </span>
     <span class='ocr_line' id='line_1_32' title="bbox 56 1970 756 2007; baseline 0.006 -8"><span class='ocrx_word' id='word_1_266' title='bbox 56 1971 180 2007; x_wconf 80' lang='lat' dir='ltr'>equites</span> <span class='ocrx_word' id='word_1_267' title='bbox 203 1972 235 2000; x_wconf 89' lang='lat' dir='ltr'>in</span> <span class='ocrx_word' id='word_1_268' title='bbox 256 1970 368 2001; x_wconf 83' lang='lat' dir='ltr'>multis</span> <span class='ocrx_word' id='word_1_269' title='bbox 384 1972 478 2001; x_wconf 87' lang='lat' dir='ltr'>rebus</span> <span class='ocrx_word' id='word_1_270' title='bbox 493 1971 653 2002; x_wconf 84' lang='lat' dir='ltr'>arbitrum</span> <span class='ocrx_word' id='word_1_271' title='bbox 667 1982 756 2003; x_wconf 85' lang='lat' dir='ltr'>sum-</span> 
     </span>
     <span class='ocr_line' id='line_1_33' title="bbox 55 2012 756 2054; baseline 0.004 -13"><span class='ocrx_word' id='word_1_272' title='bbox 55 2012 298 2052; x_wconf 81' lang='lat' dir='ltr'>serint—quem</span> <span class='ocrx_word' id='word_1_273' title='bbox 313 2013 486 2044; x_wconf 83' lang='lat' dir='ltr'>societates</span> <span class='ocrx_word' id='word_1_274' title='bbox 504 2013 756 2054; x_wconf 85' lang='lat' dir='ltr'>publicanorum</span> 
     </span>
    </p>
   </div>
   <div class='ocr_carea' id='block_1_4' title="bbox 793 1929 1500 2053">
    <p class='ocr_par' dir='ltr' id='par_1_4' title="bbox 793 1929 1500 2053">
     <span class='ocr_line' id='line_1_34' title="bbox 798 1929 1499 1970; baseline -0.001 -10"><span class='ocrx_word' id='word_1_275' title='bbox 798 1929 924 1961; x_wconf 89' lang='lat' dir='ltr'>bellum</span> <span class='ocrx_word' id='word_1_276' title='bbox 946 1929 1136 1970; x_wconf 66' lang='lat' dir='ltr'>gerendum.</span> <span class='ocrx_word' id='word_1_277' title='bbox 1182 1929 1234 1960; x_wconf 70' lang='lat' dir='ltr'>Sic</span> <span class='ocrx_word' id='word_1_278' title='bbox 1261 1933 1294 1959; x_wconf 87' lang='lat' dir='ltr'>et</span> <span class='ocrx_word' id='word_1_279' title='bbox 1314 1929 1348 1959; x_wconf 91' lang='lat' dir='ltr'>P.</span> <span class='ocrx_word' id='word_1_280' title='bbox 1379 1931 1499 1961; x_wconf 89' lang='lat' dir='ltr'>Manu-</span> 
     </span>
     <span class='ocr_line' id='line_1_35' title="bbox 798 1972 1499 2014; baseline 0.001 -12"><span class='ocrx_word' id='word_1_281' title='bbox 798 1976 865 2003; x_wconf 84' lang='lat' dir='ltr'>tius</span> <span class='ocrx_word' id='word_1_282' title='bbox 880 1974 980 2014; x_wconf 75' lang='lat' dir='ltr'>eepit,</span> <span class='ocrx_word' id='word_1_283' title='bbox 993 1973 1047 2012; x_wconf 84' lang='lat' dir='ltr'>qui</span> <span class='ocrx_word' id='word_1_284' title='bbox 1061 1972 1101 2002; x_wconf 79' lang='lat' dir='ltr'>ad</span> <span class='ocrx_word' id='word_1_285' title='bbox 1115 1972 1301 2011; x_wconf 83' lang='lat' dir='ltr'>Scipionem</span> <span class='ocrx_word' id='word_1_286' title='bbox 1315 1972 1427 2009; x_wconf 84' lang='lat' dir='ltr'>refert,</span> <span class='ocrx_word' id='word_1_287' title='bbox 1443 1983 1499 2003; x_wconf 87' lang='lat' dir='ltr'>cu-</span> 
     </span>
     <span class='ocr_line' id='line_1_36' title="bbox 793 2014 1500 2053; baseline 0.003 -10"><span class='ocrx_word' id='word_1_288' title='bbox 793 2015 850 2053; x_wconf 84' lang='lat' dir='ltr'>jus</span> <span class='ocrx_word' id='word_1_289' title='bbox 879 2016 914 2045; x_wconf 90' lang='lat' dir='ltr'>in</span> <span class='ocrx_word' id='word_1_290' title='bbox 941 2015 1115 2045; x_wconf 78' lang='lat' dir='ltr'>consulatu</span> <span class='ocrx_word' id='word_1_291' title='bbox 1149 2014 1271 2044; x_wconf 86' lang='lat' dir='ltr'>bellum</span> <span class='ocrx_word' id='word_1_292' title='bbox 1299 2020 1415 2046; x_wconf 85' lang='lat' dir='ltr'>contra</span> <span class='ocrx_word' id='word_1_293' title='bbox 1438 2015 1500 2045; x_wconf 80' lang='lat' dir='ltr'>Ju-</span> 
     </span>
    </p>
   </div>
   <div class='ocr_carea' id='block_1_5' title="bbox 52 2054 765 2896">
    <p class='ocr_par' dir='ltr' id='par_1_5' title="bbox 57 2054 756 2128">
     <span class='ocr_line' id='line_1_37' title="bbox 57 2054 756 2095; baseline 0.006 -12"><span class='ocrx_word' id='word_1_294' title='bbox 57 2054 278 2085; x_wconf 79' lang='lat' dir='ltr'>consiliarium</span> <span class='ocrx_word' id='word_1_295' title='bbox 302 2054 490 2093; x_wconf 84' lang='lat' dir='ltr'>habuerint,</span> <span class='ocrx_word' id='word_1_296' title='bbox 506 2056 598 2095; x_wconf 87' lang='lat' dir='ltr'>cujus</span> <span class='ocrx_word' id='word_1_297' title='bbox 612 2057 756 2088; x_wconf 84' lang='lat' dir='ltr'>consiliis</span> 
     </span>
     <span class='ocr_line' id='line_1_38' title="bbox 57 2095 567 2128; baseline 0.004 -2"><span class='ocrx_word' id='word_1_298' title='bbox 57 2095 92 2126; x_wconf 89' lang='lat' dir='ltr'>in</span> <span class='ocrx_word' id='word_1_299' title='bbox 107 2097 199 2126; x_wconf 84' lang='lat' dir='ltr'>rebus</span> <span class='ocrx_word' id='word_1_300' title='bbox 215 2097 364 2127; x_wconf 79' lang='lat' dir='ltr'>maximis</span> <span class='ocrx_word' id='word_1_301' title='bbox 381 2102 567 2128; x_wconf 75' lang='lat' dir='ltr'>uterentur.</span> 
     </span>
    </p>

    <p class='ocr_par' dir='ltr' id='par_1_6' title="bbox 58 2139 757 2348">
     <span class='ocr_line' id='line_1_39' title="bbox 66 2139 757 2179; baseline 0.007 -12"><span class='ocrx_word' id='word_1_302' title='bbox 66 2142 76 2148; x_wconf 81' lang='lat'><strong><em>&#39;</em></strong></span> <span class='ocrx_word' id='word_1_303' title='bbox 98 2141 135 2171; x_wconf 81' lang='lat'>71</span> <span class='ocrx_word' id='word_1_304' title='bbox 145 2139 275 2169; x_wconf 78' lang='lat' dir='ltr'>domum</span> <span class='ocrx_word' id='word_1_305' title='bbox 288 2139 491 2179; x_wconf 75' lang='lat' dir='ltr'>descendens]</span> <span class='ocrx_word' id='word_1_306' title='bbox 503 2139 591 2170; x_wconf 82' lang='lat' dir='ltr'>Alias</span> <span class='ocrx_word' id='word_1_307' title='bbox 602 2140 757 2172; x_wconf 87' lang='lat' dir='ltr'>dicuntur</span> 
     </span>
     <span class='ocr_line' id='line_1_40' title="bbox 58 2178 756 2222; baseline 0.006 -13"><span class='ocrx_word' id='word_1_308' title='bbox 58 2178 206 2211; x_wconf 83' lang='lat' dir='ltr'>homines</span> <span class='ocrx_word' id='word_1_309' title='bbox 230 2181 354 2211; x_wconf 84' lang='lat' dir='ltr'>nobiles</span> <span class='ocrx_word' id='word_1_310' title='bbox 374 2182 563 2212; x_wconf 77' lang='lat' dir='ltr'>descendere</span> <span class='ocrx_word' id='word_1_311' title='bbox 577 2183 613 2212; x_wconf 82' lang='lat' dir='ltr'>in</span> <span class='ocrx_word' id='word_1_312' title='bbox 621 2182 756 2222; x_wconf 71' lang='lat' dir='ltr'>jin-um,</span> 
     </span>
     <span class='ocr_line' id='line_1_41' title="bbox 58 2221 756 2265; baseline 0.006 -13"><span class='ocrx_word' id='word_1_313' title='bbox 58 2221 111 2252; x_wconf 87' lang='lat' dir='ltr'>bic</span> <span class='ocrx_word' id='word_1_314' title='bbox 133 2223 252 2254; x_wconf 84' lang='lat' dir='ltr'>Nasica</span> <span class='ocrx_word' id='word_1_315' title='bbox 273 2224 460 2254; x_wconf 78' lang='lat' dir='ltr'>descendere</span> <span class='ocrx_word' id='word_1_316' title='bbox 477 2225 622 2261; x_wconf 81' lang='lat' dir='ltr'>domum,</span> <span class='ocrx_word' id='word_1_317' title='bbox 640 2235 756 2265; x_wconf 85' lang='lat' dir='ltr'>nempe</span> 
     </span>
     <span class='ocr_line' id='line_1_42' title="bbox 58 2263 757 2306; baseline 0.006 -12"><span class='ocrx_word' id='word_1_318' title='bbox 58 2263 97 2294; x_wconf 81' lang='lat' dir='ltr'>(le</span> <span class='ocrx_word' id='word_1_319' title='bbox 110 2263 190 2296; x_wconf 70' lang='lat' dir='ltr'>soi-0.</span> <span class='ocrx_word' id='word_1_320' title='bbox 221 2266 271 2296; x_wconf 86' lang='lat' dir='ltr'>An</span> <span class='ocrx_word' id='word_1_321' title='bbox 286 2267 414 2306; x_wconf 85' lang='lat' dir='ltr'>scripsit</span> <span class='ocrx_word' id='word_1_322' title='bbox 426 2266 588 2297; x_wconf 77' lang='lat' dir='ltr'>discedens</span> <span class='ocrx_word' id='word_1_323' title='bbox 601 2267 732 2298; x_wconf 79' lang='lat' dir='ltr'>domum</span> <span class='ocrx_word' id='word_1_324' title='bbox 741 2269 757 2298; x_wconf 76' lang='lat'>‚7</span> 
     </span>
     <span class='ocr_line' id='line_1_43' title="bbox 62 2307 571 2348; baseline 0.006 -12"><span class='ocrx_word' id='word_1_325' title='bbox 62 2315 138 2336; x_wconf 83' lang='lat' dir='ltr'>nam</span> <span class='ocrx_word' id='word_1_326' title='bbox 152 2310 187 2337; x_wconf 84' lang='lat' dir='ltr'>et</span> <span class='ocrx_word' id='word_1_327' title='bbox 201 2307 276 2338; x_wconf 85' lang='lat' dir='ltr'>alibi</span> <span class='ocrx_word' id='word_1_328' title='bbox 293 2312 343 2338; x_wconf 85' lang='lat' dir='ltr'>est</span> <span class='ocrx_word' id='word_1_329' title='bbox 357 2309 447 2338; x_wconf 74' lang='lat' dir='ltr'>abire</span> <span class='ocrx_word' id='word_1_330' title='bbox 461 2319 477 2338; x_wconf 88' lang='lat' dir='ltr'>e</span> <span class='ocrx_word' id='word_1_331' title='bbox 479 2308 571 2348; x_wconf 78' lang='lat' dir='ltr'>Jbro.</span> 
     </span>
    </p>

    <p class='ocr_par' dir='ltr' id='par_1_7' title="bbox 52 2351 765 2896">
     <span class='ocr_line' id='line_1_44' title="bbox 103 2351 760 2391; baseline 0.005 -12"><span class='ocrx_word' id='word_1_332' title='bbox 103 2351 142 2382; x_wconf 65' lang='lat'>&#39;52’</span> <span class='ocrx_word' id='word_1_333' title='bbox 155 2351 239 2389; x_wconf 85' lang='lat' dir='ltr'>quod</span> <span class='ocrx_word' id='word_1_334' title='bbox 249 2351 411 2381; x_wconf 71' lang='lat' dir='ltr'>auctiones</span> <span class='ocrx_word' id='word_1_335' title='bbox 426 2351 669 2382; x_wconf 78' lang='lat' dir='ltr'>essent—immo</span> <span class='ocrx_word' id='word_1_336' title='bbox 677 2352 760 2391; x_wconf 85' lang='lat' dir='ltr'>quod</span> 
     </span>
     <span class='ocr_line' id='line_1_45' title="bbox 63 2391 760 2435; baseline 0.009 -17"><span class='ocrx_word' id='word_1_337' title='bbox 63 2391 212 2435; x_wconf 66' lang='lat' dir='ltr'>leg-iones]</span> <span class='ocrx_word' id='word_1_338' title='bbox 238 2392 384 2423; x_wconf 74' lang='lat' dir='ltr'>Graevius</span> <span class='ocrx_word' id='word_1_339' title='bbox 399 2404 417 2423; x_wconf 87' lang='lat' dir='ltr'>e</span> <span class='ocrx_word' id='word_1_340' title='bbox 434 2394 497 2424; x_wconf 87' lang='lat' dir='ltr'>Ms.</span> <span class='ocrx_word' id='word_1_341' title='bbox 514 2393 584 2424; x_wconf 84' lang='lat' dir='ltr'>Erf.</span> <span class='ocrx_word' id='word_1_342' title='bbox 600 2393 687 2432; x_wconf 90' lang='lat' dir='ltr'>quod</span> <span class='ocrx_word' id='word_1_343' title='bbox 709 2404 760 2424; x_wconf 86' lang='lat' dir='ltr'>re·</span> 
     </span>
     <span class='ocr_line' id='line_1_46' title="bbox 52 2435 761 2475; baseline 0.007 -14"><span class='ocrx_word' id='word_1_344' title='bbox 52 2437 150 2472; x_wconf 61' lang='grc' dir='ltr'>μείω</span> <span class='ocrx_word' id='word_1_345' title='bbox 171 2435 334 2465; x_wconf 74' lang='lat' dir='ltr'>auctiones</span> <span class='ocrx_word' id='word_1_346' title='bbox 348 2437 514 2466; x_wconf 76' lang='lat' dir='ltr'>essent—i.</span> <span class='ocrx_word' id='word_1_347' title='bbox 529 2446 556 2475; x_wconf 84' lang='lat' dir='ltr'>q.</span> <span class='ocrx_word' id='word_1_348' title='bbox 573 2437 761 2475; x_wconf 76' lang='lat' dir='ltr'>legationes,</span> 
     </span>
     <span class='ocr_line' id='line_1_47' title="bbox 63 2474 762 2516; baseline 0.007 -13"><span class='ocrx_word' id='word_1_349' title='bbox 63 2478 101 2504; x_wconf 88' lang='lat' dir='ltr'>ut</span> <span class='ocrx_word' id='word_1_350' title='bbox 123 2474 250 2515; x_wconf 72' lang='lat' dir='ltr'>rejecto?</span> <span class='ocrx_word' id='word_1_351' title='bbox 270 2478 313 2507; x_wconf 87' lang='lat' dir='ltr'>sit</span> <span class='ocrx_word' id='word_1_352' title='bbox 336 2478 478 2516; x_wconf 87' lang='lat' dir='ltr'>primum</span> <span class='ocrx_word' id='word_1_353' title='bbox 502 2477 626 2516; x_wconf 64' lang='lat' dir='ltr'>dilatae,</span> <span class='ocrx_word' id='word_1_354' title='bbox 647 2476 762 2508; x_wconf 80' lang='lat' dir='ltr'>deinde</span> 
     </span>
     <span class='ocr_line' id='line_1_48' title="bbox 66 2517 762 2560; baseline 0.007 -15"><span class='ocrx_word' id='word_1_355' title='bbox 66 2525 129 2547; x_wconf 90' lang='lat' dir='ltr'>non</span> <span class='ocrx_word' id='word_1_356' title='bbox 153 2517 283 2549; x_wconf 83' lang='lat' dir='ltr'>auditae.</span> <span class='ocrx_word' id='word_1_357' title='bbox 327 2520 412 2559; x_wconf 67' lang='lat' dir='ltr'>Quia</span> <span class='ocrx_word' id='word_1_358' title='bbox 437 2520 610 2551; x_wconf 83' lang='lat' dir='ltr'>historiam</span> <span class='ocrx_word' id='word_1_359' title='bbox 627 2520 762 2560; x_wconf 76' lang='lat' dir='ltr'>ignoro,</span> 
     </span>
     <span class='ocr_line' id='line_1_49' title="bbox 64 2561 763 2602; baseline 0.009 -15"><span class='ocrx_word' id='word_1_360' title='bbox 64 2566 129 2588; x_wconf 90' lang='lat' dir='ltr'>non</span> <span class='ocrx_word' id='word_1_361' title='bbox 151 2561 228 2590; x_wconf 87' lang='lat' dir='ltr'>satis</span> <span class='ocrx_word' id='word_1_362' title='bbox 254 2564 343 2591; x_wconf 87' lang='lat' dir='ltr'>certo</span> <span class='ocrx_word' id='word_1_363' title='bbox 369 2561 530 2602; x_wconf 81' lang='lat' dir='ltr'>intelligo.</span> <span class='ocrx_word' id='word_1_364' title='bbox 574 2563 626 2592; x_wconf 89' lang='lat' dir='ltr'>Sic</span> <span class='ocrx_word' id='word_1_365' title='bbox 650 2564 763 2602; x_wconf 86' lang='lat' dir='ltr'>putavi</span> 
     </span>
     <span class='ocr_line' id='line_1_50' title="bbox 64 2599 763 2645; baseline 0.009 -16"><span class='ocrx_word' id='word_1_366' title='bbox 64 2599 324 2640; x_wconf 81' lang='lat' dir='ltr'>intelligendum.</span> <span class='ocrx_word' id='word_1_367' title='bbox 357 2604 463 2644; x_wconf 82' lang='lat' dir='ltr'>Scipio</span> <span class='ocrx_word' id='word_1_368' title='bbox 479 2605 659 2644; x_wconf 75' lang='lat' dir='ltr'>per-jocum</span> <span class='ocrx_word' id='word_1_369' title='bbox 675 2615 763 2645; x_wconf 86' lang='lat' dir='ltr'>quae-</span> 
     </span>
     <span class='ocr_line' id='line_1_51' title="bbox 63 2641 760 2690; baseline 0.009 -19"><span class='ocrx_word' id='word_1_370' title='bbox 63 2641 120 2690; x_wconf 72' lang='lat' dir='ltr'>rit,</span> <span class='ocrx_word' id='word_1_371' title='bbox 155 2653 197 2673; x_wconf 85' lang='lat' dir='ltr'>an</span> <span class='ocrx_word' id='word_1_372' title='bbox 224 2652 397 2684; x_wconf 85' lang='lat' dir='ltr'>propterea</span> <span class='ocrx_word' id='word_1_373' title='bbox 420 2647 525 2679; x_wconf 84' lang='lat' dir='ltr'>tristis</span> <span class='ocrx_word' id='word_1_374' title='bbox 550 2652 647 2684; x_wconf 87' lang='lat' dir='ltr'>esset,</span> <span class='ocrx_word' id='word_1_375' title='bbox 675 2646 760 2687; x_wconf 86' lang='lat' dir='ltr'>quod</span> 
     </span>
     <span class='ocr_line' id='line_1_52' title="bbox 66 2684 762 2726; baseline 0.009 -13"><span class='ocrx_word' id='word_1_376' title='bbox 66 2693 132 2724; x_wconf 78' lang='lat' dir='ltr'>jam</span> <span class='ocrx_word' id='word_1_377' title='bbox 146 2684 252 2725; x_wconf 84' lang='lat' dir='ltr'>plures</span> <span class='ocrx_word' id='word_1_378' title='bbox 267 2688 434 2718; x_wconf 83' lang='lat' dir='ltr'>auctiones</span> <span class='ocrx_word' id='word_1_379' title='bbox 457 2689 587 2726; x_wconf 73' lang='lat' dir='ltr'>fierent,</span> <span class='ocrx_word' id='word_1_380' title='bbox 601 2689 687 2719; x_wconf 87' lang='lat' dir='ltr'>unde</span> <span class='ocrx_word' id='word_1_381' title='bbox 706 2689 762 2720; x_wconf 81' lang='lat' dir='ltr'>ille</span> 
     </span>
     <span class='ocr_line' id='line_1_53' title="bbox 68 2726 764 2771; baseline 0.009 -16"><span class='ocrx_word' id='word_1_382' title='bbox 68 2726 136 2756; x_wconf 89' lang='lat' dir='ltr'>scil.</span> <span class='ocrx_word' id='word_1_383' title='bbox 166 2726 363 2760; x_wconf 77' lang='lat' dir='ltr'>lucrabatur.</span> <span class='ocrx_word' id='word_1_384' title='bbox 406 2731 547 2766; x_wconf 81' lang='lat' dir='ltr'>Granius</span> <span class='ocrx_word' id='word_1_385' title='bbox 577 2731 764 2771; x_wconf 85' lang='lat' dir='ltr'>respondet,</span> 
     </span>
     <span class='ocr_line' id='line_1_54' title="bbox 62 2767 764 2814; baseline 0.01 -18"><span class='ocrx_word' id='word_1_386' title='bbox 62 2767 177 2814; x_wconf 40' lang='lat' dir='ltr'>emmo,</span> <span class='ocrx_word' id='word_1_387' title='bbox 189 2771 273 2809; x_wconf 78' lang='lat' dir='ltr'>qnod</span> <span class='ocrx_word' id='word_1_388' title='bbox 291 2772 446 2810; x_wconf 78' lang='lat' dir='ltr'>legiones:</span> <span class='ocrx_word' id='word_1_389' title='bbox 470 2773 764 2814; x_wconf 84' lang='lat' dir='ltr'>nempejustitium</span> 
     </span>
     <span class='ocr_line' id='line_1_55' title="bbox 68 2809 765 2851; baseline 0.01 -13"><span class='ocrx_word' id='word_1_390' title='bbox 68 2809 225 2841; x_wconf 78' lang='lat' dir='ltr'>indictum</span> <span class='ocrx_word' id='word_1_391' title='bbox 267 2813 366 2844; x_wconf 86' lang='lat' dir='ltr'>fuisse</span> <span class='ocrx_word' id='word_1_392' title='bbox 412 2814 553 2851; x_wconf 89' lang='lat' dir='ltr'>videtur,</span> <span class='ocrx_word' id='word_1_393' title='bbox 599 2814 765 2845; x_wconf 85' lang='lat' dir='ltr'>tumultus</span> 
     </span>
     <span class='ocr_line' id='line_1_56' title="bbox 67 2853 764 2896; baseline 0.01 -15"><span class='ocrx_word' id='word_1_394' title='bbox 67 2860 192 2892; x_wconf 77' lang='lat' dir='ltr'>caussa,</span> <span class='ocrx_word' id='word_1_395' title='bbox 207 2859 246 2886; x_wconf 85' lang='lat' dir='ltr'>ut</span> <span class='ocrx_word' id='word_1_396' title='bbox 260 2853 404 2896; x_wconf 80' lang='lat' dir='ltr'>legiones</span> <span class='ocrx_word' id='word_1_397' title='bbox 426 2857 709 2889; x_wconf 78' lang='lat' dir='ltr'>conscriberentur</span> <span class='ocrx_word' id='word_1_398' title='bbox 724 2857 764 2888; x_wconf 80' lang='lat' dir='ltr'>ad</span> 
     </span>
    </p>
   </div>
   <div class='ocr_carea' id='block_1_6' title="bbox 799 2057 1508 2856">
    <p class='ocr_par' dir='ltr' id='par_1_8' title="bbox 799 2057 1499 2129">
     <span class='ocr_line' id='line_1_57' title="bbox 799 2057 1499 2098; baseline 0.001 -11"><span class='ocrx_word' id='word_1_399' title='bbox 799 2057 955 2096; x_wconf 76' lang='lat' dir='ltr'>gurtham</span> <span class='ocrx_word' id='word_1_400' title='bbox 992 2057 1160 2087; x_wconf 75' lang='lat' dir='ltr'>decretum</span> <span class='ocrx_word' id='word_1_401' title='bbox 1195 2061 1257 2093; x_wconf 86' lang='lat' dir='ltr'>est,</span> <span class='ocrx_word' id='word_1_402' title='bbox 1284 2057 1336 2096; x_wconf 84' lang='lat' dir='ltr'>qui</span> <span class='ocrx_word' id='word_1_403' title='bbox 1365 2057 1499 2098; x_wconf 85' lang='lat' dir='ltr'>Serapio</span> 
     </span>
     <span class='ocr_line' id='line_1_58' title="bbox 800 2099 984 2129; baseline 0 0"><span class='ocrx_word' id='word_1_404' title='bbox 800 2099 907 2129; x_wconf 80' lang='lat' dir='ltr'>dictus</span> <span class='ocrx_word' id='word_1_405' title='bbox 923 2105 984 2129; x_wconf 77' lang='lat' dir='ltr'>est.</span> 
     </span>
    </p>

    <p class='ocr_par' dir='ltr' id='par_1_9' title="bbox 800 2140 1506 2473">
     <span class='ocr_line' id='line_1_59' title="bbox 841 2140 1502 2180; baseline 0 -8"><span class='ocrx_word' id='word_1_406' title='bbox 841 2144 881 2175; x_wconf 81' lang='lat'>73</span> <span class='ocrx_word' id='word_1_407' title='bbox 906 2140 1352 2180; x_wconf 32' lang='lat' dir='ltr'>co{antatems—persmmit]</span> <span class='ocrx_word' id='word_1_408' title='bbox 1381 2141 1502 2172; x_wconf 82' lang='lat' dir='ltr'>Volun-</span> 
     </span>
     <span class='ocr_line' id='line_1_60' title="bbox 800 2183 1500 2223; baseline 0.001 -10"><span class='ocrx_word' id='word_1_409' title='bbox 800 2187 916 2220; x_wconf 79' lang='lat' dir='ltr'>tatem,</span> <span class='ocrx_word' id='word_1_410' title='bbox 934 2184 960 2213; x_wconf 87' lang='lat' dir='ltr'>si</span> <span class='ocrx_word' id='word_1_411' title='bbox 983 2193 1058 2213; x_wconf 81' lang='lat' dir='ltr'>vera</span> <span class='ocrx_word' id='word_1_412' title='bbox 1077 2188 1126 2213; x_wconf 90' lang='lat' dir='ltr'>est</span> <span class='ocrx_word' id='word_1_413' title='bbox 1149 2183 1260 2220; x_wconf 87' lang='lat' dir='ltr'>lectio,</span> <span class='ocrx_word' id='word_1_414' title='bbox 1276 2183 1500 2223; x_wconf 79' lang='lat' dir='ltr'>intelligemus</span> 
     </span>
     <span class='ocr_line' id='line_1_61' title="bbox 800 2224 1502 2266; baseline 0.003 -11"><span class='ocrx_word' id='word_1_415' title='bbox 800 2224 839 2256; x_wconf 89' lang='lat' dir='ltr'>de</span> <span class='ocrx_word' id='word_1_416' title='bbox 853 2235 949 2256; x_wconf 87' lang='lat' dir='ltr'>sensu</span> <span class='ocrx_word' id='word_1_417' title='bbox 974 2226 1008 2255; x_wconf 91' lang='lat' dir='ltr'>in</span> <span class='ocrx_word' id='word_1_418' title='bbox 1032 2225 1210 2266; x_wconf 85' lang='lat' dir='ltr'>republica,</span> <span class='ocrx_word' id='word_1_419' title='bbox 1234 2229 1269 2256; x_wconf 85' lang='lat' dir='ltr'>et</span> <span class='ocrx_word' id='word_1_420' title='bbox 1291 2227 1449 2266; x_wconf 81' lang='lat' dir='ltr'>partibuS,</span> <span class='ocrx_word' id='word_1_421' title='bbox 1464 2233 1502 2258; x_wconf 87' lang='lat' dir='ltr'>ut</span> 
     </span>
     <span class='ocr_line' id='line_1_62' title="bbox 801 2267 1504 2311; baseline 0.003 -13"><span class='ocrx_word' id='word_1_422' title='bbox 801 2267 957 2311; x_wconf 62' lang='grc' dir='ltr'>προαίρεσις</span> <span class='ocrx_word' id='word_1_423' title='bbox 985 2268 1071 2308; x_wconf 83' lang='lat' dir='ltr'>apud</span> <span class='ocrx_word' id='word_1_424' title='bbox 1101 2268 1230 2298; x_wconf 63' lang='lat' dir='ltr'>Grac-cos</span> <span class='ocrx_word' id='word_1_425' title='bbox 1258 2268 1390 2305; x_wconf 86' lang='lat' dir='ltr'>dicitur,</span> <span class='ocrx_word' id='word_1_426' title='bbox 1417 2270 1504 2308; x_wconf 89' lang='lat' dir='ltr'>quod</span> 
     </span>
     <span class='ocr_line' id='line_1_63' title="bbox 801 2309 1504 2349; baseline 0.001 -9"><span class='ocrx_word' id='word_1_427' title='bbox 801 2315 976 2341; x_wconf 85' lang='lat' dir='ltr'>contextus</span> <span class='ocrx_word' id='word_1_428' title='bbox 1000 2309 1126 2341; x_wconf 84' lang='lat' dir='ltr'>suadet.</span> <span class='ocrx_word' id='word_1_429' title='bbox 1171 2310 1258 2341; x_wconf 81' lang='lat' dir='ltr'>Nam</span> <span class='ocrx_word' id='word_1_430' title='bbox 1281 2310 1343 2340; x_wconf 89' lang='lat' dir='ltr'>hoe</span> <span class='ocrx_word' id='word_1_431' title='bbox 1357 2310 1449 2349; x_wconf 84' lang='lat' dir='ltr'>dicit,</span> <span class='ocrx_word' id='word_1_432' title='bbox 1464 2316 1504 2341; x_wconf 84' lang='lat' dir='ltr'>ut</span> 
     </span>
     <span class='ocr_line' id='line_1_64' title="bbox 802 2351 1506 2394; baseline 0.001 -11"><span class='ocrx_word' id='word_1_433' title='bbox 802 2351 954 2383; x_wconf 79' lang='lat' dir='ltr'>defendat</span> <span class='ocrx_word' id='word_1_434' title='bbox 976 2352 1162 2382; x_wconf 83' lang='lat' dir='ltr'>libertatem</span> <span class='ocrx_word' id='word_1_435' title='bbox 1189 2352 1312 2382; x_wconf 80' lang='lat' dir='ltr'>Plancii</span> <span class='ocrx_word' id='word_1_436' title='bbox 1338 2353 1373 2382; x_wconf 90' lang='lat' dir='ltr'>in</span> <span class='ocrx_word' id='word_1_437' title='bbox 1397 2363 1506 2394; x_wconf 83' lang='lat' dir='ltr'>repre-</span> 
     </span>
     <span class='ocr_line' id='line_1_65' title="bbox 802 2394 1505 2435; baseline 0.003 -10"><span class='ocrx_word' id='word_1_438' title='bbox 802 2394 982 2425; x_wconf 87' lang='lat' dir='ltr'>hendendis</span> <span class='ocrx_word' id='word_1_439' title='bbox 1003 2395 1158 2433; x_wconf 83' lang='lat' dir='ltr'>consiliis,</span> <span class='ocrx_word' id='word_1_440' title='bbox 1173 2394 1310 2425; x_wconf 77' lang='lat' dir='ltr'>decretis</span> <span class='ocrx_word' id='word_1_441' title='bbox 1332 2395 1505 2435; x_wconf 80' lang='lat' dir='ltr'>mag-istra-</span> 
     </span>
     <span class='ocr_line' id='line_1_66' title="bbox 803 2441 1072 2473; baseline 0 -6"><span class='ocrx_word' id='word_1_442' title='bbox 803 2441 913 2473; x_wconf 85' lang='lat' dir='ltr'>tuum,</span> <span class='ocrx_word' id='word_1_443' title='bbox 929 2444 1072 2467; x_wconf 74' lang='lat' dir='ltr'>senatus,</span> 
     </span>
    </p>

    <p class='ocr_par' dir='ltr' id='par_1_10' title="bbox 805 2479 1508 2856">
     <span class='ocr_line' id='line_1_67' title="bbox 847 2479 1505 2518; baseline -0.002 -7"><span class='ocrx_word' id='word_1_444' title='bbox 847 2481 888 2512; x_wconf 75' lang='lat'>74</span> <span class='ocrx_word' id='word_1_445' title='bbox 897 2485 1030 2510; x_wconf 77' lang='lat' dir='ltr'>senatus</span> <span class='ocrx_word' id='word_1_446' title='bbox 1041 2479 1266 2518; x_wconf 76' lang='lat' dir='ltr'>impediretur]</span> <span class='ocrx_word' id='word_1_447' title='bbox 1281 2479 1408 2510; x_wconf 76' lang='lat' dir='ltr'>Caesare</span> <span class='ocrx_word' id='word_1_448' title='bbox 1418 2480 1505 2510; x_wconf 88' lang='lat' dir='ltr'>Con-</span> 
     </span>
     <span class='ocr_line' id='line_1_68' title="bbox 805 2520 1504 2562; baseline 0.001 -11"><span class='ocrx_word' id='word_1_449' title='bbox 805 2520 888 2558; x_wconf 88' lang='lat' dir='ltr'>sule,</span> <span class='ocrx_word' id='word_1_450' title='bbox 903 2532 979 2552; x_wconf 85' lang='lat' dir='ltr'>cum</span> <span class='ocrx_word' id='word_1_451' title='bbox 1004 2521 1170 2561; x_wconf 89' lang='lat' dir='ltr'>publicani</span> <span class='ocrx_word' id='word_1_452' title='bbox 1194 2526 1357 2562; x_wconf 82' lang='lat' dir='ltr'>peterent,</span> <span class='ocrx_word' id='word_1_453' title='bbox 1382 2525 1420 2552; x_wconf 91' lang='lat' dir='ltr'>ut</span> <span class='ocrx_word' id='word_1_454' title='bbox 1444 2523 1504 2552; x_wconf 81' lang='lat' dir='ltr'>sibi</span> 
     </span>
     <span class='ocr_line' id='line_1_69' title="bbox 806 2564 1503 2604; baseline 0.001 -11"><span class='ocrx_word' id='word_1_455' title='bbox 806 2573 880 2604; x_wconf 86' lang='lat' dir='ltr'>pars</span> <span class='ocrx_word' id='word_1_456' title='bbox 893 2564 1053 2604; x_wconf 70' lang='lat' dir='ltr'>pecuniae,</span> <span class='ocrx_word' id='word_1_457' title='bbox 1068 2574 1127 2603; x_wconf 84' lang='lat' dir='ltr'>pro</span> <span class='ocrx_word' id='word_1_458' title='bbox 1149 2564 1361 2602; x_wconf 71' lang='lat' dir='ltr'>vectigalibus</span> <span class='ocrx_word' id='word_1_459' title='bbox 1384 2568 1503 2603; x_wconf 63' lang='lat' dir='ltr'>paene,</span> 
     </span>
     <span class='ocr_line' id='line_1_70' title="bbox 806 2606 1503 2645; baseline 0.001 -10"><span class='ocrx_word' id='word_1_460' title='bbox 806 2606 1044 2642; x_wconf 84' lang='lat' dir='ltr'>remitteretur,</span> <span class='ocrx_word' id='word_1_461' title='bbox 1059 2607 1152 2645; x_wconf 84' lang='lat' dir='ltr'>eique</span> <span class='ocrx_word' id='word_1_462' title='bbox 1174 2606 1219 2635; x_wconf 83' lang='lat' dir='ltr'>rei</span> <span class='ocrx_word' id='word_1_463' title='bbox 1243 2607 1352 2637; x_wconf 75' lang='lat' dir='ltr'>Caesar</span> <span class='ocrx_word' id='word_1_464' title='bbox 1366 2606 1503 2643; x_wconf 78' lang='lat' dir='ltr'>faveret,</span> 
     </span>
     <span class='ocr_line' id='line_1_71' title="bbox 805 2648 1505 2688; baseline 0.001 -11"><span class='ocrx_word' id='word_1_465' title='bbox 805 2648 974 2688; x_wconf 84' lang='lat' dir='ltr'>impedivit</span> <span class='ocrx_word' id='word_1_466' title='bbox 989 2650 1080 2679; x_wconf 81' lang='lat' dir='ltr'>Cato.</span> <span class='ocrx_word' id='word_1_467' title='bbox 1103 2658 1166 2687; x_wconf 85' lang='lat' dir='ltr'>quo</span> <span class='ocrx_word' id='word_1_468' title='bbox 1188 2648 1297 2678; x_wconf 84' lang='lat' dir='ltr'>minus</span> <span class='ocrx_word' id='word_1_469' title='bbox 1314 2657 1505 2688; x_wconf 85' lang='lat' dir='ltr'>responsum</span> 
     </span>
     <span class='ocr_line' id='line_1_72' title="bbox 805 2689 1508 2730; baseline 0 -10"><span class='ocrx_word' id='word_1_470' title='bbox 805 2689 949 2720; x_wconf 87' lang='lat' dir='ltr'>daretur.</span> <span class='ocrx_word' id='word_1_471' title='bbox 993 2691 1069 2720; x_wconf 86' lang='lat' dir='ltr'>Post</span> <span class='ocrx_word' id='word_1_472' title='bbox 1085 2690 1156 2728; x_wconf 68' lang='lat' dir='ltr'>lege</span> <span class='ocrx_word' id='word_1_473' title='bbox 1172 2690 1320 2727; x_wconf 80' lang='lat' dir='ltr'>Caesaris,</span> <span class='ocrx_word' id='word_1_474' title='bbox 1337 2699 1408 2730; x_wconf 73' lang='lat' dir='ltr'>quae</span> <span class='ocrx_word' id='word_1_475' title='bbox 1431 2693 1508 2730; x_wconf 85' lang='lat' dir='ltr'>post</span> 
     </span>
     <span class='ocr_line' id='line_1_73' title="bbox 808 2732 1508 2773; baseline 0 -11"><span class='ocrx_word' id='word_1_476' title='bbox 808 2733 860 2762; x_wconf 73' lang='lat' dir='ltr'>lex</span> <span class='ocrx_word' id='word_1_477' title='bbox 887 2733 926 2762; x_wconf 81' lang='lat' dir='ltr'>cle</span> <span class='ocrx_word' id='word_1_478' title='bbox 948 2733 1134 2771; x_wconf 73' lang='lat' dir='ltr'>publicanis</span> <span class='ocrx_word' id='word_1_479' title='bbox 1168 2732 1300 2770; x_wconf 85' lang='lat' dir='ltr'>dicitur,</span> <span class='ocrx_word' id='word_1_480' title='bbox 1325 2732 1508 2773; x_wconf 71' lang='lat' dir='ltr'>perfeetum</span> 
     </span>
     <span class='ocr_line' id='line_1_74' title="bbox 808 2773 1508 2815; baseline 0.001 -12"><span class='ocrx_word' id='word_1_481' title='bbox 808 2779 868 2809; x_wconf 83' lang='lat' dir='ltr'>est,</span> <span class='ocrx_word' id='word_1_482' title='bbox 882 2780 921 2803; x_wconf 91' lang='lat' dir='ltr'>ut</span> <span class='ocrx_word' id='word_1_483' title='bbox 932 2774 1033 2804; x_wconf 72' lang='lat' dir='ltr'>tertia</span> <span class='ocrx_word' id='word_1_484' title='bbox 1047 2784 1120 2814; x_wconf 85' lang='lat' dir='ltr'>pars</span> <span class='ocrx_word' id='word_1_485' title='bbox 1135 2775 1373 2813; x_wconf 82' lang='lat' dir='ltr'>remitteretur,</span> <span class='ocrx_word' id='word_1_486' title='bbox 1389 2773 1428 2804; x_wconf 85' lang='lat' dir='ltr'>de</span> <span class='ocrx_word' id='word_1_487' title='bbox 1444 2783 1508 2815; x_wconf 78' lang='lat' dir='ltr'>quo</span> 
     </span>
     <span class='ocr_line' id='line_1_75' title="bbox 807 2816 1226 2856; baseline 0 -10"><span class='ocrx_word' id='word_1_488' title='bbox 807 2821 857 2853; x_wconf 80' lang='lat' dir='ltr'>est</span> <span class='ocrx_word' id='word_1_489' title='bbox 873 2825 947 2846; x_wconf 88' lang='lat' dir='ltr'>mox</span> <span class='ocrx_word' id='word_1_490' title='bbox 962 2817 995 2847; x_wconf 80' lang='lat' dir='ltr'>‘m</span> <span class='ocrx_word' id='word_1_491' title='bbox 1007 2816 1226 2856; x_wconf 80' lang='lat' dir='ltr'>sequentibus,</span> 
     </span>
    </p>
   </div>
  </div>
 </body>
</html>
