1785 3185
214 94 314 127 1440
797 81 1046 122 ORATIO

218 191 480 244 tentiamque
501 202 619 229 snam
644 201 727 228 non
751 201 916 242 semper
938 187 1122 229 utilitate
1145 185 1408 242 reipublicae,
1431 187 1503 229 sed
1531 199 1638 237 cunr,

161 262 206 295 15
220 262 307 304 spe
321 257 411 287 tum
435 246 585 285 timore
608 244 842 286 moderari?
866 245 1031 290 Quodsi
1053 244 1147 298 quis
1161 244 1213 285 de
1229 244 1505 286 contentione
1520 244 1636 306 prin-3

219 313 389 359 ciputus
413 302 590 352 laborat,
613 316 709 355 quae
746 300 861 341 nulla
888 315 979 341 csse
1007 300 1159 341 debet:
1193 300 1439 341 stultissime
1461 301 1578 352 facit,
1605 315 1640 341 5ι

219 361 333 401 vitiis
356 374 450 400 cuin
478 359 633 399 virtute
665 357 901 399 contendit.
936 366 984 397 ut
1012 358 1124 397 enim
1158 371 1281 398 cursu
1317 372 1477 408 cursus,
1502 358 1562 398 sic
1595 358 1638 397 iu

218 418 318 457 viris
342 416 523 457 fortibus
548 414 680 455 virtus
703 415 857 459 viitute
880 427 1018 476 super
1008 422 1117 454 atur.
1164 412 1245 463 Tu,
1268 413 1302 453 si
1324 428 1405 470 ego
1432 414 1483 455 dc
1513 427 1638 468 repu-

220 474 333 514 'iblict
356 473 529 536 'optimc
553 471 747 520 sentiam,
771 479 818 510 ut
841 484 907 510 me
942 484 1099 519 vincas,
1130 469 1219 525 ipse
1252 471 1429 525 pessime
1460 470 1640 511 senties?

220 539 308 581 aut,
333 530 366 571 si
390 529 443 570 ad
467 543 533 569 me
556 529 766 568 bonorum
796 541 1051 568 concursum
1077 525 1167 566 fieri
1192 526 1370 577 videbis,
1403 527 1454 567 ad
1486 537 1526 568 te
1561 527 1642 567 im-

221 588 380 650 probos
403 585 634 627 imitabis?
657 586 695 615 94
714 584 860 632 nolim,
883 583 1068 648 primum
1086 582 1332 639 reipublicae
1350 598 1500 625 causa:
1524 583 1642 624 dein-

223 645 276 685 de
297 644 426 684 etiam
449 641 673 704 dignitatis
696 650 796 681 tuae.
829 614 927 690 S'ed‚
951 641 984 680 si
1008 639 1275 695 principatus
1293 649 1503 696 ageretur,
1519 653 1646 694 quem

224 714 455 755 numquam
480 697 687 753 expetivi,
708 697 810 752 quid
847 695 1017 737 tandem
1051 696 1156 737 mihi
1189 707 1299 737 esset
1321 697 1535 761 optatius?
1566 710 1648 751 ego

226 757 339 798 enim
363 772 415 797 ιιι·
408 756 483 796 alis
507 754 728 794 sententiis
752 753 865 794 zinci
889 767 974 794 non
998 767 1184 809 possum,
1207 754 1330 794 bonis
1350 753 1527 794 forsitan
1550 767 1649 809 pos-

170 831 215 865 19
232 829 340 863 sum,
362 822 405 853 et
425 812 621 852 libenter.
655 810 710 851 H·
704 826 766 851 aec
789 809 993 866 populum
1018 810 1261 851 Romanum
1283 811 1439 860 videre,
1461 809 1652 850 animad-

230 868 634 924 vertere,judica1e,
655 867 829 921 quidam
861 866 1038 908 moleste
1071 866 1229 908 ferunt.
1291 866 1520 908 Poteratne
1543 866 1650 915 fieri,

229 936 278 968 ut
299 941 385 968 non
410 924 584 981 perinde
605 926 644 955 20
659 924 852 964 hommes
884 922 936 964 de
970 938 1156 988 quoque,
1185 933 1233 964 ut
1260 925 1441 979 quisque
1473 936 1654 964 merere-

232 993 315 1034 tur,
333 983 608 1045 judicarent?
642 981 702 1021 Ut
722 980 836 1021 enim
872 980 923 1020 de
953 981 1150 1021 universo
1172 990 1318 1022 senatu
1347 980 1530 1036 populus
1564 979 1653 1019 Ro-

232 1055 385 1081 manus
408 1038 625 1080 v·e1issime
641 1036 825 1092 judicat,
845 1036 970 1077 nullis
992 1037 1238 1093 reipublicae
1260 1038 1523 1101 temporibus
1541 1035 1655 1077 hunc

232 1097 428 1137 ordinem
452 1095 682 1135 firmiorem
703 1105 829 1149 atque
853 1092 1071 1135 fortiorem
1101 1094 1256 1136 fuisse:
1288 1109 1348 1134 Sic
1380 1094 1432 1135 de
1462 1107 1655 1148 unoquo-

232 1168 314 1209 que
338 1151 548 1201 nostrum,
570 1159 612 1191 et
634 1151 835 1202 maxime,
858 1150 929 1205 qui
962 1150 1046 1192 hoc
1075 1150 1170 1192 loco
1199 1151 1430 1191 sententias
1458 1150 1655 1200 dicimus,

231 1210 501 1252 sciscitantur
531 1222 692 1258 omnes,
715 1216 841 1249 avent
871 1207 1030 1259 audii-‚e
1051 1208 1153 1272 quid
1175 1208 1355 1263 quisque
1385 1207 1574 1248 senserit
1597 1207 1658 1247 ita

101 1281 132 1311 Ρ·
149 1271 219 1301 262
233 1268 307 1308 de
324 1279 595 1321 unoquoque,
633 1274 681 1305 ut
717 1278 928 1320 quemque
966 1265 1163 1305 meritum
1203 1265 1477 1315 arbitrantur,
1509 1263 1659 1304 existi-

189 1323 367 1364 ³·.mant
430 1322 644 1363 Memoria
675 1331 835 1371 tenent,
857 1336 924 1361 me
957 1331 1056 1362 ante
1087 1321 1198 1362 diem
1228 1336 1325 1363 x111
1352 1320 1565 1363 Kalendas
1585 1320 1661 1362 Ja-

234 1381 400 1422 nuarias
431 1378 668 1442 principem
700 1378 950 1420 revocanda:
981 1378 1189 1419 libertatis
1220 1379 1374 1421 fuisse:
1405 1392 1473 1420 me
1494 1392 1548 1419 ex
1573 1376 1660 1418 Ka-

232 1438 368 1478 lendis
407 1435 623 1478 Januariis
663 1435 717 1476 ad
759 1435 867 1476 banc
916 1435 1063 1476 boiam
1112 1435 1358 1492 invigilasse
1397 1433 1661 1491 reipublicae.

173 1502 224 1536 30
237 1508 374 1535 meam
407 1494 598 1556 domurn,
618 1506 819 1556 measque
854 1507 987 1542 ιιιιι55,
1009 1492 1113 1543 dies,
1136 1502 1298 1544 noctes,
1330 1492 1522 1534 omnium
1552 1506 1663 1548 plae·

236 1551 387 1607 ceptis,
408 1550 669 1604 monitisque
692 1549 901 1604 patuisse:
925 1550 1029 1589 meis
1052 1549 1217 1601 litteris,
1239 1550 1344 1591 meis
1364 1549 1541 1600 nuntiis,
1559 1562 1665 1591 meis

237 1607 607 1649 cohortationibus
629 1620 791 1658 omnes,
813 1620 884 1661 qui
908 1607 1067 1661 ubique
1088 1616 1242 1658 essent,
1263 1607 1316 1648 ad
1346 1607 1495 1663 patriae
1518 1605 1666 1662 praesi-

233 1665 355 1705 dium
378 1665 620 1705 excitatos:
652 1664 756 1703 meis
787 1663 1008 1704 sententiis
1030 1678 1055 1704 a
1079 1662 1281 1705 Kalendis
1301 1663 1518 1706 ‚Ianuariis
1541 1676 1664 1704 num-

237 1736 364 1776 quam
386 1721 550 1776 legatos
579 1719 630 1759 ad
654 1720 919 1761 Antonium:
952 1734 1117 1776 semper
1148 1721 1265 1762 illurn
1294 1720 1478 1771 hostem,
1500 1733 1666 1775 semper

238 1779 322 1820 boc
356 1778 538 1818 bellum:
572 1787 618 1816 ut
647 1792 744 1832 ego,
765 1777 839 1832 qui
869 1777 986 1818 omni
1015 1786 1209 1841 tempore
1230 1792 1340 1819 verae
1373 1777 1489 1833 pacis
1519 1786 1668 1818 auctor

180 1849 225 1881 ·ss
242 1836 430 1886 inissem,
451 1834 553 1874 huic
575 1847 709 1875 essem
731 1833 895 1874 nomini
918 1834 1130 1889 pestirerae
1154 1834 1269 1891 pacis
1292 1834 1504 1876 inimicus.
1547 1832 1670 1874 Idem

244 1893 278 1931 V
283 1891 506 1939 entidium,
528 1905 626 1931 cum
658 1890 729 1932 alii
763 1890 983 1932 tribunum
1015 1890 1151 1956 plebis
1179 1891 1438 1943 voluissent3
1469 1905 1556 1932 non
1587 1904 1670 1946 ego

243 1962 408 2013 semper
440 1948 633 1990 hostem?
694 1946 786 1988 Has
818 1947 861 1988 in
893 1948 1124 1990 sententias
1152 1963 1265 1990 meas
1287 1949 1322 1989 si
1345 1947 1539 1990 consules
1560 1947 1672 1989 desi-

243 2007 362 2061 gnati
384 2004 686 2045 discessionem
717 2003 855 2046 facere
879 2005 1125 2068 volnissent,
1145 2006 1345 2047 omnibus
1375 2005 1466 2046 istis
1497 2004 1673 2046 latroni-

249 2065 323 2103 bus
354 2062 609 2103 auctoritate
641 2061 732 2117 ipsa
762 2071 930 2102 senatus
955 2061 1047 2116 jam
1081 2037 1243 2117 pridem
1265 2063 1317 2103 de
1338 2063 1535 2104 manibus
1556 2075 1675 2103 arma

199 2116 230 2162 8
245 2119 512 2160 cecidissent.
565 2117 662 2169 Sed,
685 2118 798 2173 quod
823 2128 913 2159 tum
936 2133 1019 2159 non
1042 2118 1177 2170 licuit,
1201 2129 1340 2175 patres
1361 2118 1609 2175 conscripti,
1632 2117 1675 2159 id

248 2176 329 2217 boc
353 2186 543 2232 tempore
566 2190 650 2216 non
682 2175 817 2216 solum
839 2175 953 2227 licet,
977 2190 1122 2218 verum
1144 2177 1272 2217 etiam
1294 2190 1465 2218 necesse
1486 2185 1565 2226 cst,
1586 2189 1675 2226 eos,

246 2233 317 2288 qui
341 2247 383 2273 re
403 2242 501 2273 sunt
522 2232 680 2281 hostes,
699 2233 834 2273 serbis
860 2233 1012 2284 notari,
1031 2234 1252 2275 sententiis
1266 2233 1421 2275 nostris
1442 2232 1620 2274 hostes
1600 2247 1676 2287 Ju—

184 2290 394 2334 2‘2dicari.
453 2288 594 2329 Antea
622 2303 719 2330 cum
742 2289 906 2330 hostem
930 2300 1004 2330 aut
1026 2290 1182 2331 bellum
1204 2290 1516 2332 nominassem:
1548 2289 1679 2331 semel

247 2356 290 2388 et
318 2345 474 2402 saepius
506 2345 810 2387 ²f⁵sententiam
841 2360 978 2388 meam
1010 2347 1061 2388 de
1081 2362 1256 2389 nurnero
1279 2347 1585 2389 sententiarum
1607 2361 1676 2388 su-

288 2481 328 2510 94
352 2478 482 2518 nollem]
518 2478 647 2516 Patavi,
674 2479 863 2510 Ciceronem
888 2479 934 2509 ‹ii-

979 2491 1112 2522 quoque.
1157 2483 1243 2514 Sane
1268 2482 1314 2512 ita
1346 2480 1516 2522 postulant
1542 2490 1677 2522 sequen-

248 2522 329 2551 xisse
355 2523 475 2552 nolim:
527 2531 603 2551 uam
645 2521 860 2560 praecedentia
891 2523 937 2552 itu

980 2526 1038 2560 tia,
1066 2525 1099 2553 in
1129 2525 1244 2562 quibus
1269 2525 1317 2554 bis
1342 2524 1454 2555 eadem
1481 2523 1587 2554 forma
1615 2529 1679 2554 est.

250 2563 429 2603 postulant.
473 2562 558 2602 Quia
583 2565 614 2593 in
644 2563 706 2593 Ms.
731 2563 875 2601 {luy-dec.
893 2565 937 2593 sic
981 2566 1095 2604 Itaque
1109 2567 1154 2596 sic
1168 2571 1200 2596 et
1217 2567 1282 2606 ipse
1298 2565 1392 2596 edidi,

250 2615 317 2635 esse
343 2605 457 2644 reperi,
474 2605 573 2634 etiam
597 2604 692 2635 edidi.
720 2598 804 2644 quoi]
827 2610 938 2635 autem
1023 2608 1063 2638 Ωιι·
1085 2609 1277 2638 sententiam
1300 2618 1407 2638 meam
1428 2607 1466 2637 de
1484 2617 1517 2637 n.
1533 2616 1559 2638 s.
1574 2610 1680 2638 sustu-

252 2648 336 2677 idem
351 2648 383 2676 in
401 2647 465 2676 fine
481 2646 672 2688 additsteri,
688 2647 718 2677 id
743 2653 792 2678 cst
809 2657 828 2677 a
851 2648 935 2686 glos·
983 2649 1105 2688 lerunt]
1132 2650 1198 2680 lnt.
1222 2650 1392 2687 Consules,
1415 2659 1480 2680 non
1504 2649 1680 2689 repetenda

250 2694 369 2719 satore.
983 2692 1147 2722 sententia
1164 2694 1232 2732 ejus
1247 2696 1280 2722 et
1301 2702 1398 2732 super
1419 2702 1457 2722 ea
1477 2691 1679 2722 discessionis

292 2734 332 2761 25
357 2731 497 2760 homines
524 2740 658 2769 quoque,
690 2735 727 2760 ut
753 2740 804 2770 qu.
837 2742 907 2762 mer
912 2732 935 2774 .]
982 2733 1139 2763 {miondae
1155 2738 1319 2773 potestate
1334 2733 1422 2770 data,
1436 2734 1470 2763 in
1483 2742 1545 2772 quo
1560 2732 1617 2763 illa
1631 2743 1680 2763 re·

251 2772 398 2803 Gravius
425 2772 611 2803 auctoribus
642 2772 940 2809 ra61·n‹,Muret0
985 2775 1100 2815 petitio
1117 2785 1142 2805 s.
1162 2775 1390 2815 pronunciatio
1405 2774 1584 2806 necessaria
1597 2780 1680 2806 crat.

253 2816 311 2844 ἃς.
338 2814 438 2845 edidit
467 2813 605 2845 Ferrarii
644 2816 866 2854 conjecturam
904 2818 942 2848 de
985 2816 1089 2847 Locus
1107 2818 1258 2849 classicus
1274 2817 1312 2850 dc
1327 2827 1366 2849 ea
1383 2827 1416 2848 re
1431 2821 1481 2849 est
1495 2816 1581 2858 apud
1596 2816 1680 2848 Caes.
