1812 3147
262 125 339 163 734
857 127 1109 168 ORATIO

261 225 328 267 nis
351 227 495 282 potius
521 228 748 285 imperitae‚
770 230 886 273 nullo
910 242 1053 274 tamen
1075 246 1175 275 eum
1207 230 1411 290 periculo,
1433 244 1563 286 quam
1594 228 1707 286 sapi-

263 283 581 326 entissimorum
606 297 648 326 et
671 286 999 331 lectissimorum
1023 291 1210 331 virorum
1227 289 1443 345 judicium
1467 302 1558 329 esse
1582 288 1707 328 sube-

264 340 442 381 undum.
504 341 691 395 Etenim,
729 346 884 400 quibus
926 347 1173 387 auctoribus
1202 357 1244 387 et
1277 345 1574 386 defensoribus
1613 358 1707 384 om·-

263 397 382 438 nium
408 408 496 439 tum
529 399 639 441 salus
661 412 772 442 esset
795 417 879 444 non
903 403 1061 444 civium
1096 403 1247 454 solum,
1272 417 1416 444 verum
1449 402 1577 443 etiam
1602 415 1706 457 gen-

264 454 372 495 tium
396 455 571 497 defensa
592 471 641 498 ac
665 467 843 510 retenta,
868 460 1111 502 2neminem
1135 474 1337 515 umquam
1362 459 1510 515 putavi
1537 473 1609 514 per
1633 472 1706 499 eos

263 510 379 566 ipsos
413 513 647 568 periculum
684 514 810 570 hujus
851 515 1035 558 fortunis
1069 527 1197 573 atque
1236 517 1410 557 insidias
1446 525 1704 557 creaturum,

265 568 433 615 Quodsi
466 578 577 611 esset
615 571 844 626 aliquando
878 573 1085 625 futurum,
1121 584 1167 615 ut
1203 574 1354 628 aliquis
1390 573 1442 614 de
1479 573 1527 613 L.
1560 571 1703 614 Flacci

264 625 454 679 pernicie
491 627 732 683 cogitaret:
776 644 1010 685 numquam
1047 641 1186 672 tamen
1226 630 1495 681 existimavi,
1518 628 1708 684 judiceS,

269 682 324 724 D.
351 682 545 735 Laelium‚
570 685 724 740 optimi
748 686 827 726 viri
851 686 1001 740 filium,
1023 689 1190 745 optima
1211 688 1351 744 ipsum
1375 702 1448 744 spe
1473 685 1704 744 praeditum

264 754 443 781 summae
485 741 725 797 dignitatis,
763 758 857 785 eam
900 755 1198 801 suscepturum
1240 745 1576 794 accusationem,
1607 757 1706 807 quae

265 796 564 838 sceleratorum
589 799 749 840 civium
777 801 923 857 potius
946 802 1045 843 odio
1067 814 1110 843 et
1132 802 1281 852 furori,
1303 817 1431 857 quam
1465 800 1599 857 ipsius
1623 814 1710 840 vir-

216 863 249 895 b.
265 854 344 894 tuti
369 863 496 912 atque
519 858 537 886 3
553 855 761 898 instituta:
785 858 1083 900 adolescentiae
1106 860 1369 901 conveniret.
1411 857 1581 900 Etenim
1605 871 1705 897 cum

264 926 289 951 a
319 910 564 953 clarissimis
598 913 698 954 viris
730 913 992 969 justissimas
1027 916 1274 957 inimicitias
1313 930 1427 972 saepe
1459 929 1558 956 cum
1597 914 1708 954 bene

263 968 427 1009 meritis
450 969 616 1011 civibus
639 970 855 1026 depositas
878 988 968 1014 csse
990 974 1206 1025 vidissem,
1230 988 1315 1015 non
1339 988 1431 1014 sum
1459 972 1709 1022 arbitratus,

263 1039 521 1081 quemquam
544 1027 730 1069 amicum
753 1030 1017 1086 reipublicae,
1039 1044 1318 1086 posteaquam
1345 1029 1393 1071 L.
1417 1028 1558 1071 Flacci
1586 1042 1709 1069 amor

265 1081 306 1123 in
342 1083 523 1138 patriam
557 1094 804 1142 perspectus
835 1096 959 1138 esset,
993 1103 1125 1129 novas
1159 1088 1259 1130 huic
1293 1086 1558 1136 inimicitias,
1592 1084 1708 1127 nulla

226 1148 442 1195 Saccepta
483 1140 655 1195 injuria,
697 1143 1063 1185 denuntiaturum.
1126 1145 1225 1196 Sed,
1266 1145 1486 1200 quoniam,
1518 1142 1707 1197 judices,

263 1197 399 1238 multa
429 1212 507 1239 nos
534 1208 576 1239 et
610 1199 652 1240 in
686 1201 842 1242 nostris
875 1203 1000 1242 rebus
1031 1211 1074 1242 et
1108 1202 1150 1243 in
1184 1202 1404 1259 republica
1433 1200 1705 1263 fefellerunt:

262 1253 438 1295 ferimus
489 1269 553 1306 ea,
602 1271 698 1311 quae
750 1268 850 1299 sunt
901 1258 1089 1300 ferenda.
1133 1269 1300 1301 tantum
1350 1274 1375 1299 a
1422 1258 1544 1300 vobis
1595 1266 1707 1313 peti-

260 1325 370 1361 mus,
401 1323 447 1352 ut
469 1312 615 1354 omnia
636 1314 885 1370 reipublicae
920 1317 1123 1367 subsidia,
1144 1326 1284 1357 totum
1318 1323 1478 1357 statum
1499 1314 1707 1364 civitatis,

261 1383 432 1409 omnem
466 1371 715 1411 memoriam
749 1381 991 1428 temporum
1024 1374 1353 1429 praeteritorum,
1383 1373 1562 1414 salutem
1594 1385 1707 1428 prae-

263 1427 464 1477 sentium,
496 1441 613 1482 spem
648 1428 922 1485 reliquorum,
957 1431 1000 1471 in
1035 1440 1175 1472 vestra
1208 1440 1437 1486 potestate,
1477 1430 1520 1470 in
1555 1429 1707 1470 vestris

263 1483 500 1535 sententiis,
523 1484 566 1524 in
590 1484 672 1525 hoc
696 1500 781 1527 uno
797 1487 966 1542 judicio
990 1487 1175 1544 positam
1194 1501 1285 1528 esse
1307 1497 1350 1529 et
1372 1487 1560 1528 defixam
1581 1494 1706 1543 pute-

263 1540 331 1581 tis.
394 1540 438 1581 Si
470 1555 673 1597 umquam
705 1543 945 1600 respublica
966 1545 1208 1595 consilium,
1241 1545 1513 1601 gravitatem,
1536 1544 1707 1600 sapien-

262 1597 381 1648 tiam,
403 1598 718 1654 providentiam
743 1600 942 1656 judicum
966 1602 1234 1658 imploravit:
1269 1602 1351 1644 hoc
1376 1611 1583 1658 tempore,
1606 1600 1708 1652 hoc,

214 1651 452 1710 fflinquam,
487 1664 679 1712 tempore
720 1657 936 1714 implorat.
997 1659 1098 1701 Non
1132 1659 1234 1700 estis
1268 1660 1321 1700 de
1365 1659 1599 1715 Lydorum,
1629 1668 1705 1699 aut

263 1710 508 1767 Mysorum,
542 1723 615 1754 aut
652 1712 892 1772 Phrygum,
925 1717 998 1773 qui
1039 1716 1125 1758 huc
1161 1716 1372 1773 compulsi
1409 1715 1706 1772 concitatique

259 1780 483 1820 venerunt,
518 1769 590 1812 sed
623 1770 676 1812 de
709 1782 849 1814 vestra
878 1772 1098 1830 republica
1129 1773 1384 1829 judicaturi,
1421 1773 1474 1814 de
1508 1773 1705 1814 civitatis

259 1835 387 1877 statu,
411 1827 463 1867 de
484 1828 703 1869 communi
735 1829 883 1882 salute,
905 1831 958 1871 de
989 1846 1064 1887 spe
1096 1831 1308 1872 bonorum
1330 1830 1540 1881 omnium,
1562 1830 1596 1870 si
1619 1845 1707 1886 qua

257 1882 421 1938 reliqua
442 1894 506 1924 est
527 1885 657 1926 etiam
680 1900 808 1937 nune,
830 1903 927 1942 quae
956 1887 1130 1929 fortium
1155 1888 1317 1930 civium
1348 1897 1514 1930 mentes
1536 1888 1705 1944 cogita-

258 1940 483 1995 tionesque
506 1946 899 1986 sustentet.'01nnia
927 1946 1009 1987 alia
1031 1945 1232 2002 perfugia
1252 1947 1479 1996 bonorum,
1503 1945 1714 2001 praesidiay

260 1996 572 2050 innocentium,
606 2000 797 2042 subsidia
833 2002 1097 2058 reipublicae,
1134 2003 1327 2054 consilia,
1365 2003 1542 2053 auxilia,
1575 2002 1706 2058 4jura

224 2055 522 2097 4ceciderunt.
584 2056 725 2103 Quem
757 2059 871 2100 enim
904 2059 1036 2102 alium
1066 2060 1305 2116 appellem?
1336 2074 1465 2116 quem
1486 2060 1707 2101 obtester?

260 2126 387 2166 quem
417 2112 670 2168 implorem?
713 2115 1002 2159 Senatumne?
1034 2127 1078 2159 at
1109 2118 1142 2158 is
1174 2118 1267 2174 ipse
1298 2117 1508 2159 auxilium
1540 2117 1650 2173 petit
1681 2131 1708 2159 a

259 2169 397 2219 vobis,
420 2179 463 2210 et
484 2170 855 2214 confirmationem
891 2176 1159 2217 auctoritatis
1193 2189 1282 2215 suae
1315 2183 1466 2215 vestrae
1496 2174 1704 2230 potestati

257 2227 507 2281 permissam
541 2241 632 2269 esse
674 2231 818 2271 sentit.
855 2246 908 2273 an
941 2233 1106 2287 equites
1152 2232 1402 2274 Romanos?
1445 2231 1706 2287 judicabitis

257 2284 474 2340 principes
496 2285 589 2339 ejus
612 2286 773 2328 ordinis
795 2289 1124 2345 quinquaginta,
1141 2290 1244 2344 quid
1264 2303 1362 2330 eum
1385 2289 1586 2330 omnibus
1609 2303 1707 2330 sen-

257 2342 412 2381 seritis.
435 2356 487 2382 an
512 2342 717 2398 populum
743 2343 1014 2388 Romanum?
1038 2349 1113 2387 5at
1137 2347 1171 2387 is
1193 2347 1367 2401 quidem
1385 2360 1557 2387 omnem
1582 2360 1703 2387 suam

257 2397 309 2438 dc
332 2399 456 2439 nobis
490 2409 744 2454 potestatem
771 2403 948 2443 tradidit
970 2404 1108 2444 vobis.
1171 2403 1482 2453 Quamobrem,
1507 2404 1586 2445 nisi
1620 2403 1704 2444 boc

258 2454 367 2506 loco,
391 2456 472 2496 nisi
495 2457 609 2512 apud
634 2472 725 2510 VOS,
748 2459 828 2499 nisi
861 2474 936 2515 per
960 2461 1251 2516 vos‚judices‘‚
1274 2475 1361 2502 non
1386 2461 1706 2510 auctoritatem,

299 2610 318 2637 52
340 2608 503 2636 neminem
523 2617 671 2648 ‘unquam
687 2611 806 2649 putavi
827 2620 887 2649 per
909 2621 959 2642 eos
1000 2612 1158 2642 edidimus
1173 2623 1211 2643 ex
1229 2613 1327 2653 ipsius
1343 2612 1426 2643 Mas.
1445 2614 1524 2644 item
1541 2612 1651 2643 Guels.
1668 2616 1703 2643 et

256 2648 350 2688 ipsos]
391 2649 529 2679 Facilior
556 2657 641 2681 esset
668 2654 786 2689 oratio,
819 2654 845 2683 si
874 2660 957 2684 esset
1000 2654 1071 2685 edd.
1088 2665 1135 2695 pr.
1149 2656 1376 2694 veteribusque
1400 2666 1500 2694 usque
1523 2655 1564 2685 ad
1586 2658 1706 2686 Manu·

256 2692 320 2720 sic:
340 2700 402 2730 per
417 2701 466 2721 eos
480 2694 560 2731 ipsos
575 2703 659 2723 nem.
674 2704 708 2723 u.
720 2704 755 2733 p.
1000 2698 1098 2727 tium.
1144 2697 1354 2728 Recentiores
1368 2699 1562 2727 occiderant.

299 2735 317 2762 3
340 2734 499 2763 instituere
528 2735 760 2776 mlolescentioe]
792 2737 812 2766 i.
841 2747 869 2766 e.
896 2737 957 2767 ini-
1043 2742 1062 2769 5
1085 2743 1119 2768 nt
1142 2741 1163 2769 i.
1180 2750 1208 2779 q.
1225 2741 1263 2770 de
1277 2740 1366 2769 nobis
1382 2750 1417 2779 p.
1441 2740 1581 2770 tradidit
1601 2738 1703 2781 vobis]

257 2775 310 2805 tiis
345 2775 585 2811 adolescentiae,
613 2787 686 2816 quae
722 2777 827 2808 adhuc
856 2780 957 2810 fuere.
1000 2780 1055 2812 De
1069 2782 1156 2812 nobis
1178 2792 1237 2822 pro
1253 2783 1339 2812 bonis
1355 2782 1436 2812 bene
1461 2782 1526 2812 Ms.
1543 2782 1704 2813 Memmii.

257 2815 390 2847 Frustra
406 2818 554 2848 Graevius
570 2819 641 2849 addi
659 2819 788 2850 volebat
802 2822 856 2851 sic.
1001 2833 1078 2855 nam
1095 2824 1266 2865 respondet
1282 2834 1357 2856 mox
1373 2826 1584 2856 tenuerimus.

297 2861 318 2889 4
330 2859 418 2899 jura
434 2861 633 2901 ceciderunt]
657 2862 710 2892 Sic
733 2872 808 2894 cum
829 2863 959 2894 Graevio
