1785 3185
272 125 370 159 1326
864 120 1112 158 ORATIO

269 225 388 265 ludes
412 224 571 265 siccare
603 224 762 265 voluit:
785 225 857 266 hic
887 239 1054 266 omnem
1084 222 1253 264 Italiam
1274 221 1494 263 moderato
1516 219 1699 271 homini,

273 282 321 322 L.
344 281 552 332 Antonio,
571 281 844 322 dividendam
862 282 993 323 dedit.
1055 281 1200 326 Quid?
1232 280 1342 320 hanc
1361 278 1498 333 legem
1518 277 1699 334 populus

272 338 494 379 Romanus
518 339 708 394 accepit?
740 339 870 393 quid?
904 353 978 393 per
999 338 1190 392 auspicia
1213 340 1249 370 ¹9
1267 336 1363 377 ferri
1389 336 1558 391 potuit?
1616 334 1701 375 Sed

272 409 408 451 augur
431 396 693 436 verecundus
716 396 806 435 sine
829 394 1004 449 collegis
1026 394 1078 434 de
1099 393 1316 449 auspiciis.
1350 405 1609 447 quamquam
1631 391 1703 431 illa

273 453 464 508 auspicia
486 467 570 493 non
603 460 730 507 egent
762 455 802 482 20
817 450 1181 505 interpretatione.
1239 449 1350 490 Jove
1380 449 1493 489 enim
1526 456 1703 489 tonante

272 524 369 550 cuin
394 509 551 566 populo
574 510 643 564 agi
666 523 750 548 non
773 522 862 548 esse
883 506 961 557 fas,
984 507 1078 561 quis
1108 507 1304 561 ignorat?
1364 504 1542 546 Tribuni
1566 504 1703 560 plebis

278 566 467 608 tulerunt
498 567 549 607 de
580 564 827 622 provinciis,
851 572 1000 605 contra
1030 572 1125 603 acta
1157 562 1354 612 Caesaris,
1375 564 1411 593 21
1430 562 1498 603 ille
1526 561 1704 612 biennii,

274 624 354 665 iste
376 623 583 664 sexennii.
616 636 715 662 num
739 621 867 661 etiam
892 620 1000 661 hanc
1022 619 1160 675 legem
1185 619 1366 675 populus
1388 618 1608 659 Romanus
1635 633 1707 659 ac-

277 681 416 736 cepit?
448 679 578 734 quid?
602 677 871 734 promulgata
892 677 998 717 fuit?
1029 676 1159 731 quid?
1181 690 1323 717 nonne
1344 684 1442 716 ante
1463 676 1561 726 lata,
1577 689 1706 730 quam

279 739 466 793 scripta?
501 738 540 767 522>
555 749 695 776 nonne
717 745 815 775 ante
838 734 995 775 factam
1020 734 1363 787 vidimu5‚-quam
1386 732 1571 772 futuram
1591 732 1707 787 quis-

245 801 408 850 squam
431 803 494 834 est
515 793 781 848 suspicatus?
821 791 905 833 Ubi
938 790 1007 831 lex
1040 789 1218 831 Caecilia
1247 800 1289 831 et
1314 789 1472 831 Didia?
1502 789 1576 829 ubi
1608 802 1707 845 pro-

150 852 504 907 p.196.rnulgatio,
537 849 858 890 trinundinum?
895 848 968 888 ubi
1001 862 1160 904 poenae,
1191 846 1350 888 recenti
1381 846 1473 902 lege
1502 845 1635 888 Junia
1663 854 1707 886 et

240 911 269 931 λ·
287 909 473 949 Licinia?
507 915 737 962 possuntne
769 905 834 946 lue
858 904 970 961 lege-s
1002 914 1105 945 ratae
1136 918 1226 945 esse
1248 904 1337 945 sine
1367 903 1541 944 interitu
1564 902 1708 958 legum

282 965 565 1020 reliquarum?
631 962 756 1004 Eccui
791 971 978 1018 potestas
1013 964 1052 993 23
1070 962 1112 1002 in
1144 961 1283 1002 forum
1316 959 1558 1001 insinuandi
1595 959 1708 1002 fuit?

285 1024 394 1069 Quae
429 1035 554 1077 porro
583 1019 653 1060 illa
689 1019 908 1060 tonitrua?
950 1033 1045 1074 quae
1077 1021 1334 1073 tempestas?
1373 1027 1433 1068 ut,
1464 1017 1497 1057 si
1520 1016 1711 1072 auspicia

284 1079 352 1120 M.
376 1078 613 1119 Antonium
638 1091 722 1117 non
745 1084 980 1126 moverent,
1003 1075 1208 1116 sustinere
1232 1083 1372 1116 tamen
1395 1088 1508 1125 eum,
1529 1088 1578 1114 ac
1601 1073 1710 1115 ferre

284 1149 408 1192 posse
438 1144 599 1175 tantam
632 1134 718 1175 vim
751 1133 1031 1189 tempestatis,
1054 1132 1201 1173 imbris
1225 1146 1274 1173 ac
1297 1132 1530 1181 turbinum,
1552 1131 1708 1172 mirum

282 1193 510 1234 videretur.
571 1191 714 1238 Quam
750 1191 889 1247 legem
913 1190 1044 1245 igitur
1067 1203 1110 1230 se
1139 1203 1274 1244 augur
1306 1189 1412 1230 dicit
1443 1187 1602 1238 tulisse,
1623 1201 1711 1228 non

288 1250 415 1290 modo
440 1258 616 1290 tonante
637 1248 761 1299 Jove,
785 1248 855 1288 sed
889 1261 1022 1303 prope
1055 1245 1214 1287 caelesti
1236 1245 1419 1287 clamore
1442 1244 1713 1300 prohibente,

251 1312 274 1345 9
288 1307 398 1348 lianc
414 1306 631 1347 dubitabit
651 1315 800 1346 contra
822 1304 1012 1360 auspicia
1032 1303 1160 1344 latam
1177 1303 1371 1344 confiteri
1390 1305 1402 1343 ?
1435 1301 1576 1349 Quid?
1597 1301 1713 1356 quod

290 1379 386 1405 cum
409 1378 459 1404 eo
481 1363 646 1418 collega
668 1361 779 1413 tulit,
801 1375 925 1418 quem
950 1361 1040 1417 ipse
1070 1360 1173 1401 fecit
1194 1375 1269 1401 sua
1290 1359 1558 1400 nuntiatione
1586 1358 1716 1399 vitio-

292 1436 400 1471 surn,
421 1420 582 1461 nihilne
613 1420 663 1460 ad
687 1419 877 1475 auspicia
908 1419 1044 1458 bonus
1075 1431 1210 1473 augur
1240 1417 1469 1458 arbitratus
1498 1424 1562 1457 est
1584 1414 1715 1472 perti-

245 1470 280 1517 4
295 1481 418 1520 nere?
451 1478 530 1518 Sed
563 1477 849 1532 auspiciorum
879 1490 956 1516 nos
978 1475 1156 1516 fortasse
1176 1474 1333 1515 erimus
1355 1474 1620 1529 interpretes,
1641 1471 1714 1526 qui

293 1550 436 1576 sumus
467 1535 558 1590 ejus
579 1535 771 1589 collegae.
803 1547 904 1574 num
927 1547 1030 1588 ergo
1062 1532 1191 1572 etiam
1215 1545 1429 1572 armorum
1462 1531 1714 1585 interpretes

289 1595 329 1624 ‘24
343 1593 602 1648 quaerimus?
665 1590 858 1632 Primum
889 1604 1037 1631 omnes
1070 1588 1151 1630 fori
1187 1588 1379 1629 25aditus
1410 1587 1471 1629 ita
1500 1587 1625 1644 septi,
1668 1594 1717 1626 ut

290 1721 471 1758 Pomtinas,
486 1726 525 1751 ut
548 1731 640 1760 agros
658 1721 790 1758 faceret,
804 1721 918 1760 quibus
934 1729 982 1750 res
1013 1716 1179 1758 ficturum
1200 1728 1230 1758 q.
1245 1721 1292 1748 est
1313 1716 1416 1757 susp]
1447 1717 1526 1748 Mss.
1547 1716 1624 1747 Vat.
1649 1716 1713 1748 Co-

292 1763 402 1803 populi
417 1763 514 1795 Rorn.
536 1767 722 1802 augeretur.
744 1764 878 1794 Sueton.
902 1763 983 1793 Caes.
1026 1760 1094 1791 lon.
1110 1761 1212 1791 etiam
1228 1760 1334 1791 Guelf.
1353 1757 1713 1798 habentsaceum-—su-

291 1819 319 1836 c.
334 1809 387 1836 44.
1027 1807 1153 1839 curum,
1168 1802 1252 1841 quod
1268 1812 1286 1833 a
1303 1802 1430 1833 Graevio
1452 1806 1638 1841 receptum:
1664 1800 1718 1830 hic

339 1846 481 1888 19fer¹ri
500 1847 622 1888 potuit]
648 1849 700 1878 Sic
723 1847 830 1878 Vatic.
852 1850 886 1877 et
911 1844 985 1875 inde
1027 1845 1128 1875 etiam
1142 1845 1298 1875 videmus.
1328 1844 1475 1874 Graevius
1490 1848 1601 1883 negat,
1614 1841 1719 1872 latine

293 1890 408 1920 Fa'ern.
453 1890 567 1921 Lainb.
613 1890 778 1920 Graevius:
822 1888 987 1919 consentit
1029 1885 1104 1923 dici,
1122 1887 1172 1916 lex
1183 1887 1283 1928 facta
1299 1891 1355 1917 est.
1399 1885 1461 1916 Sed
1475 1895 1538 1924 quo
1561 1884 1719 1915 referetur

294 1932 405 1962 Guelf.
423 1931 514 1962 Leid.
552 1931 613 1962 Sed
638 1933 728 1963 sicet
743 1931 815 1962 edd.
829 1941 878 1972 pr.
889 1929 988 1969 Vulg.
1019 1929 1184 1970 j'accum?
1221 1928 1260 1959 In
1282 1928 1352 1967 lege
1374 1932 1452 1958 sunt
1473 1927 1550 1964 tria,
1573 1926 1719 1967 promul-

288 1975 386 2014 ferre
399 1976 438 2003 ab
455 1974 534 2005 Aldo
552 1980 674 2005 ortum.
1030 1980 1118 2010 gare,
1142 1970 1237 2007 ferre,
1260 1971 1411 2011 perferre.
1434 1970 1495 2001 hoc
1518 1969 1654 2000 tertium
1670 1974 1720 1999 est

338 2019 377 2046 20
399 2017 665 2056 interpretatione
698 2014 883 2054 augurum]
921 2014 990 2045 Au·-
1031 2011 1216 2052 infactum
1237 2013 1418 2043 manifeste.
1463 2012 1577 2050 ltaque
1598 2011 1722 2042 servavi

296 2067 419 2096 purum
444 2065 492 2088 est
519 2070 538 2089 a
565 2059 753 2098 glossatore.
784 2058 895 2087 aberat
921 2057 986 2087 Ms.

299 2100 374 2130 Vat.
390 2099 505 2140 Itaque
528 2111 603 2131 cum
621 2100 757 2138 Faerno,
773 2099 913 2136 Graevio,
933 2099 988 2129 de-

299 2141 372 2172 lexi.

341 2187 377 2213 21
403 2185 458 2213 ille
477 2184 608 2220 biennii,
622 2184 679 2214 iste
693 2182 849 2222 sezennii]
870 2183 902 2213 Si
918 2182 988 2213 liaee

298 2225 396 2255 lectio
411 2236 498 2263 vera,
514 2236 624 2256 sensus
642 2230 709 2256 est:
735 2225 789 2256 ille
801 2224 839 2255 de
854 2226 905 2262 iis,
919 2234 990 2263 qum

302 2268 469 2297 biennium
493 2268 661 2304 durarent,
677 2268 760 2298 alter
781 2266 893 2303 desis,
918 2276 990 2306 quae

302 2310 502 2339 sexennium.
548 2310 608 2340 Sed
635 2310 686 2340 hic
712 2318 823 2340 sensus
851 2318 917 2339 non
941 2315 990 2339 est

302 2351 503 2382 eommodus.
549 2351 612 2382 Ms.
633 2352 710 2382 Vat.
724 2351 840 2381 habuit
861 2352 883 2380 i.
907 2351 991 2380 bien-

302 2394 407 2430 nium,
422 2394 444 2423 i.
466 2395 674 2431 sea'ennium3
698 2394 753 2424 sed
766 2402 824 2423 nec
848 2393 909 2423 hoc
922 2393 991 2423 sine

302 2435 381 2464 vitio
396 2439 456 2465 est.
502 2436 588 2466 Nam
605 2445 669 2465 non
686 2435 749 2465 duo
763 2435 887 2466 tribuni
902 2444 992 2475 sepa-

303 2477 400 2507 ratim
424 2477 502 2507 duas
526 2477 611 2516 leges
625 2477 744 2514 tulere,
762 2482 799 2506 ut
821 2477 856 2507 P.
874 2477 994 2507 Manu-

302 2520 369 2548 tius
392 2520 529 2558 accepit,
542 2520 678 2549 alteram
701 2519 739 2549 de
752 2518 895 2555 biennio,
911 2518 992 2549 alte-

305 2570 374 2590 ram
390 2561 427 2591 de
440 2561 605 2597 sexennii),
619 2561 794 2598 sedunam,
811 2565 848 2591 ut
858 2569 994 2599 sequeu-

305 2604 352 2632 tia
374 2602 501 2633 docent.
548 2603 660 2642 ltaque
674 2603 844 2642 vulgatum
867 2603 993 2641 reliqui.

307 2647 415 2676 caeear
437 2645 507 2683 lege
530 2650 691 2677 sanxerat.
709 2651 746 2675 ut
770 2649 923 2685 primores
943 2654 995 2674 ac-

305 2688 451 2726 ciperoent
475 2688 654 2727 provincias
675 2695 777 2717 unum
802 2687 835 2716 in
858 2695 995 2724 annum,

308 2729 456 2759 consules
471 2731 504 2759 in
530 2730 719 2760 biennium:
745 2729 804 2758 hac
828 2737 911 2758 nova
925 2728 995 2767 lege

307 2781 346 2800 vx
361 2780 447 2801 anno
463 2771 645 2807 biennium,
660 2782 676 2801 e
694 2772 824 2802 biennio
847 2771 994 2801 sexenni-

308 2822 364 2842 um
380 2814 502 2844 factum
517 2814 653 2844 videtur.

351 2856 391 2886 ‘22
413 2865 446 2886 n.
474 2860 551 2887 ante
565 2855 702 2900 filetum
722 2856 875 2894 vidimus,
898 2864 998 2895 quum

1029 2060 1177 2085 veterum
1190 2055 1367 2085 lectionem
1387 2053 1458 2085 edd.
1493 2053 1580 2084 Tum
1602 2063 1661 2093 pro
1674 2057 1722 2083 est

1030 2097 1157 2127 videtur
1170 2097 1374 2127 scribendum
1390 2101 1479 2133 essee,
1494 2106 1512 2126 e
1524 2097 1617 2136 cujus
1630 2104 1721 2126 eom-

1031 2139 1147 2180 pendio
1163 2140 1280 2179 passim
1295 2143 1341 2169 est
1354 2138 1490 2169 factum.

1073 2183 1113 2213 93
1136 2183 1172 2211 in
1179 2180 1299 2221 Jbrum
1320 2179 1524 2219 insinuandi]
1549 2178 1601 2209 Sic
1623 2188 1640 2208 e
1657 2177 1719 2208 Va-

1031 2223 1142 2254 ticano
1167 2223 1291 2254 editum
1318 2228 1368 2253 est
1392 2227 1480 2252 recte
1502 2231 1560 2262 pro
1587 2219 1722 2259 vulgato

1032 2266 1228 2302 introeundi,
1243 2275 1313 2305 quae
1328 2269 1377 2295 est
1392 2265 1497 2304 glossa
1509 2263 1607 2294 illius.
1643 2262 1722 2292 Ver-

1034 2307 1111 2337 bum
1135 2309 1182 2338 ita
1194 2313 1228 2337 et
1244 2307 1318 2338 alibi
1332 2312 1381 2337 est
1405 2316 1456 2346 ap.
1471 2306 1673 2337 Ciceronem.
1688 2314 1720 2335 v.

1035 2349 1127 2380 Clav.
1174 2350 1207 2379 M
1212 2360 1253 2379 ox
1266 2349 1338 2379 dedi
1357 2359 1395 2378 ex
1410 2347 1521 2378 eodem
1527 2347 1625 2387 ferre
1633 2356 1723 2386 posse

1034 2401 1092 2431 pro
1108 2391 1240 2430 vulgato
1249 2391 1389 2431 potuisse
1400 2404 1408 2420 .·
1431 2390 1595 2420 consentit
1609 2394 1643 2419 et
1657 2388 1722 2418 Ms.

1034 2433 1142 2465 Guelf.
1158 2444 1233 2463 cum
1247 2433 1319 2463 edd.
1334 2442 1382 2472 pr.
1400 2432 1499 2470 longa
1511 2430 1602 2462 serie.

1076 2477 1117 2505 24
1150 2474 1339 2515 qucerimus]
1379 2474 1558 2504 Lambinus
1588 2472 1721 2511 corrigit

1035 2517 1175 2548 erimus.-
1212 2518 1312 2547 etiam
1338 2521 1414 2546 ante
1440 2517 1474 2546 in
1501 2515 1565 2546 Ms.
1593 2514 1636 2545 H.
1665 2523 1724 2554 pro

1035 2559 1156 2589 erimus
1169 2565 1218 2589 est
1232 2560 1415 2598 querimus.

1079 2604 1118 2632 ⁶25
1140 2601 1250 2631 aditus
1270 2601 1320 2631 ita
1343 2605 1418 2631 sunt
1445 2599 1539 2640 septi]
1572 2598 1650 2628 Mss.
1679 2597 1724 2628 H.

1038 2642 1099 2673 Gu.
1120 2649 1154 2673 et
1177 2643 1250 2673 edd.
1271 2652 1319 2682 pr.
1341 2643 1503 2673 omittunt
1521 2645 1607 2672 sunt.
1625 2645 1723 2672 recte.

1038 2694 1114 2715 nam
1142 2685 1279 2716 debebat
1316 2694 1384 2715 esse
1423 2684 1474 2714 vel
1496 2684 1642 2724 fuerunt
1673 2681 1725 2712 vel

1038 2733 1144 2758 erant.
1188 2727 1216 2756 E
1242 2726 1450 2766 sequentibus
1473 2723 1725 2764 intelligendum

1037 2774 1152 2799 eram.-
1174 2773 1268 2799 erant
1289 2769 1441 2810 disposita
1449 2767 1616 2809 presidia.
1657 2764 1724 2797 lta-

1038 2821 1100 2852 que
1114 2811 1229 2843 delevi.
