1812 3147
415 111 520 150 PRO
545 111 702 149 DOMO
729 110 830 148 SUA
854 110 928 147 AD
955 109 1158 149 PONTIF.
1423 111 1500 150 847

75 217 117 261 iu
141 228 334 261 senatum
358 220 438 276 ipsi
461 235 546 261 non
571 219 738 269 venire;
760 233 847 259 non
870 218 1171 274 intelligentes,
1191 220 1229 249 1⁴
1242 216 1354 258 hanc
1377 219 1541 258 511311111-

72 276 250 317 nimiam
285 278 656 333 perseverantiam,
691 275 964 316 vehementer
999 276 1062 325 iis,
1093 287 1275 329 quorum
1306 276 1496 315 animum

73 332 288 374 offendere
310 334 550 386 voluerunt,
573 343 738 389 gratam
760 343 804 372 et
826 332 1066 387 jucundam
1097 331 1240 372 fuisse.
1300 330 1360 370 At
1380 332 1495 371 enim

71 389 280 441 nonnulli,
304 400 477 447 propter
500 392 713 441 timorem,
731 390 846 444 quod
879 403 922 429 se
945 393 985 429 in
1011 400 1158 429 senatu
1183 396 1275 428 tuto
1298 402 1383 428 non
1405 402 1494 428 esse

71 447 402 498 arbitrabantur,
428 451 463 478 ¹5
477 448 774 488 discesserunt.
799 461 882 487 non
907 445 1194 501 reprehendo:
1228 459 1306 486 nee
1331 459 1494 499 quaero,

70 502 255 545 fueritne
282 505 441 560 aliquid
465 503 866 561 pertimescendum.
899 513 1019 558 puto,
1041 517 1117 543 suo
1139 515 1351 557 quemque
1381 501 1493 542 arbi-

15 563 18 566 ’
70 568 182 601 tratu
217 561 365 603 timere
394 573 603 617 oportere.
667 561 755 602 Cur
789 575 871 616 ego
914 574 999 600 non
1042 558 1272 609 timuerim,
1310 557 1493 613 quaeris?

68 617 171 671 quia
193 628 234 659 te
256 618 371 660 illinc
403 619 558 660 abiisse
591 618 833 660 constabat.
893 616 996 667 Cur,
1019 631 1117 657 cum
1140 615 1217 656 viri
1253 616 1355 656 boni
1385 629 1494 655 non-

67 674 172 715 nulli
208 676 411 731 putarint,
437 686 528 717 tuto
568 691 610 717 se
644 675 685 715 in
721 684 869 715 senatu
900 688 990 714 esse
1024 688 1110 714 non
1134 687 1271 729 posse,
1293 687 1374 729 ego
1406 686 1493 713 non

66 729 177 772 idem
195 734 420 776 senserim?
453 733 555 784 Cur,
573 747 670 774 eum
690 746 772 787 ego
792 746 858 772 me
871 731 1180 772 existimassem
1198 739 1291 771 tuto
1314 730 1491 771 omnino

63 786 107 829 in
127 789 303 831 civitate
322 804 413 831 esse
434 806 518 831 non
540 804 678 847 posse,
700 789 799 830 illuc
822 789 953 829 irem?
985 803 1038 829 an
1060 787 1152 828 aliis
1174 787 1288 838 licet,
1311 797 1354 828 et
1375 796 1490 828 reete

67 842 182 897 lieet,
205 847 247 888 in
270 861 365 888 meo
388 859 503 888 metu
527 848 608 888 sibi
640 845 747 887 nihil
777 846 950 886 timere:
983 844 1088 886 mihi
1120 845 1192 886 uni
1215 858 1385 886 11666556
1408 844 1490 885 erit

66 910 110 942 et
131 917 268 944 meam
289 914 332 945 et
352 905 530 946 aliorum
557 905 692 945 vicem
715 903 1037 959 pertimescere?

118 960 203 1012 An,
233 962 334 1016 quia
366 976 450 1003 non
483 961 763 1003 condemnavi
797 960 1009 1001 sententia
1038 974 1133 1000 mea
1161 958 1246 1000 duo
1277 957 1521 1012 consules,9

66 1031 159 1063 sum
183 1019 580 1074 reprehendendus?
612 1033 684 1059 eos
718 1018 851 1076 igitur
879 1031 960 1073 ego
994 1017 1262 1073 potissimum
1286 1017 1488 1058 damnare

62 1074 206 1126 debui,
235 1091 415 1131 quorum
448 1077 540 1132 lege
566 1075 803 1132 perfectum
835 1084 913 1124 est,
938 1089 988 1115 116
1011 1089 1092 1130 ego
1115 1074 1401 1125 indemnatus,
1423 1083 1488 1115 at-

63 1146 145 1187 que
187 1133 349 1189 optime
391 1134 443 1174 de
481 1133 700 1190 republica
740 1133 930 1182 meritus,
970 1131 1268 1172 damnatorum
1310 1146 1487 1187 poenam

62 1189 342 1232 sustinerem?
379 1206 561 1246 quorum
602 1191 731 1231 etiam
761 1189 931 1240 delicta,
965 1199 1139 1245 propter
1182 1203 1329 1230 eorum
1366 1203 1487 1244 egre-

62 1247 177 1302 giam
211 1247 253 1288 in
287 1263 355 1289 me
383 1248 674 1290 conservando
707 1247 988 1297 voluntatem,
1015 1261 1101 1286 11011
1134 1247 1263 1287 modo
1297 1260 1378 1296 me,
1412 1245 1486 1287 sed

61 1317 209 1345 omnes
243 1306 376 1346 bonos
418 1305 525 1346 ferre
565 1314 797 1361 oporteret,
827 1318 974 1345 eorum
1015 1304 1227 1359 optimum
1257 1302 1485 1344 consilium

60 1374 143 1417 ego
176 1362 461 1417 potissimum,
495 1378 569 1420 per
600 1378 672 1403 eos
711 1362 754 1402 in
787 1375 925 1402 meam
963 1361 1185 1417 pristinam
1225 1361 1482 1416 dignitatem

59 1419 296 1471 restitutus,
327 1421 504 1461 601151110
536 1420 800 1476 repudiarem
832 1420 955 1460 meo?
986 1416 1047 1458 At
1076 1432 1204 1473 quam
1227 1418 1482 1458 sententiam
1498 1429 1546 1462 10

61 1475 180 1519 dixi?
214 1476 403 1518 Primum
422 1492 670 1532 eam,quam
692 1475 836 1532 populi
870 1490 1009 1516 sermo
1033 1475 1127 1515 ι6111
1151 1475 1304 1517 animis
1327 1475 1481 1515 nostris

53 1531 147 1587 jam
189 1542 288 1574 ante
328 1535 560 1576 defixerat:
601 1534 754 1575 deinde
796 1547 904 1583 eam,
934 1547 1031 1588 quae
1070 1542 1161 1573 erat
1192 1533 1483 1588 superioribus

58 1589 208 1631 diebus
240 1591 403 1647 agitata
436 1592 476 1632 in
513 1602 686 1632 senatu:
719 1590 873 1631 deinde
898 1604 1008 1640 eam,
1041 1604 1167 1643 quam
1200 1599 1368 1630 senatus
1400 1588 1483 1630 fre-

57 1661 206 1702 quens,
228 1658 333 1699 tum,
357 1663 454 1689 cum
479 1649 583 1689 mihi
607 1659 671 1689 est
704 1661 914 1698 assensus,
950 1656 1118 1687 secutus
1154 1656 1216 1687 est
1236 1664 1244 1688 :
1279 1658 1324 1687 ut
1346 1661 1483 1701 neque

56 1703 182 1745 allata
212 1704 267 1745 sit
296 1721 320 1746 a
350 1720 417 1746 me
448 1721 511 1747 res
551 1706 774 1762 inopinata
808 1719 857 1746 ac
899 1718 1060 1754 recens,
1091 1718 1185 1754 nec,
1217 1704 1247 1743 si
1293 1704 1408 1758 quod
1441 1704 1482 1744 in
1496 1697 1611 1736 1³²¹&

56 1762 268 1803 sententia
306 1763 456 1804 vitium
490 1773 568 1812 est,
599 1762 737 1819 magis
781 1762 836 1802 sit
878 1762 986 1816 ejus,
1027 1761 1101 1816 qui
1141 1761 1313 1810 dixerit,
1355 1749 1526 1815 quama‘

55 1819 261 1870 omnium,
296 1821 368 1875 qui
410 1821 642 1876 probarint.
703 1818 765 1860 At
805 1820 919 1860 enim
953 1818 1132 1860 liberum
1168 1828 1337 1858 senatus
1365 1818 1486 1872 judi-

57 1875 187 1926 cium,
211 1887 383 1933 propter
412 1888 588 1929 metum,
611 1892 698 1918 non
730 1876 828 1917 fuit.
889 1876 934 1917 Si
958 1876 1149 1917 timuisse
1171 1890 1243 1916 eos
1267 1875 1388 1924 facis,
1410 1876 1482 1930 qui

55 1931 363 1975 discesserunt:
396 1935 597 1985 concede,
617 1949 703 1974 non
735 1933 928 1974 timuisse
958 1948 1046 1984 605,
1068 1933 1141 1988 qui
1174 1942 1482 1973 remanserunt.

57 1989 125 2030 sin
157 1999 297 2031 autem
333 1992 422 2032 51116
456 1993 522 2043 115,
545 1992 618 2047 qui
649 2004 739 2032 turn
771 1990 1016 2041 abfuerunt,
1045 1989 1202 2031 lTnihil
1232 1989 1401 2030 decerni
1432 1990 1483 2030 li-

56 2045 155 2088 bere
186 2049 352 2103 potuit:
384 2064 481 2090 cum
512 2063 659 2089 01111165
690 2048 899 2099 adessent,
931 2056 1126 2103 coeptum
1158 2056 1222 2087 est
1253 2046 1397 2086 referri
1429 2047 1481 2087 de

53 2102 294 2146 inducendo
317 2106 697 2147 senatusconsulto.
722 2106 776 2145 ab
798 2106 996 2145 universo
1020 2112 1168 2145 senatu
1203 2103 1480 2144 reclamatum

49 2170 132 2201 est.
192 2162 275 2203 Sed
304 2177 465 2218 quaero,
491 2164 534 2204 in
561 2165 651 2218 ipsa
672 2164 898 2211 sententia,
926 2161 1131 2216 quoniam
1165 2162 1363 2217 princeps
1397 2175 1479 2217 ego
1495 2161 1531 2211 5⁷

59 2232 151 2258 sum
174 2219 265 2274 ejus
288 2229 416 2274 atque
447 2216 609 2271 auctor,
632 2220 735 2275 quid
768 2220 1115 2275 reprehendatur.
1181 2218 1332 2259 Utrum
1355 2232 1483 2258 causa

56 2276 250 2330 capiendi
275 2278 373 2318 novi
396 2278 562 2318 consilii
586 2292 672 2318 non
693 2276 802 2318 fuit?
833 2292 885 2317 an
909 2291 1015 2317 meae
1039 2284 1179 2331 partes
1211 2275 1254 2315 in
1285 2290 1334 2315 ea
1355 2289 1485 2315 eausa

52 2345 138 2373 non
158 2334 388 2390 praecipnae
412 2334 612 2376 fuerunt?
643 2349 696 2375 an
719 2333 802 2375 aiio
833 2334 978 2390 potius
1000 2332 1341 2388 confugiendum
1368 2331 1482 2374 fuit?

51 2473 111 2511 ipsi
132 2482 195 2504 non
215 2475 373 2513 venirent,
400 2475 486 2515 quod
506 2485 571 2506 non
594 2475 743 2516 displicet
830 2477 866 2505 15
889 2473 1116 2514 discesserunt]
1149 2474 1326 2514 opinor-ex
1348 2474 1429 2505 urbe
1452 2475 1486 2503 in

51 2513 187 2546 Graevio.
231 2516 297 2547 Ms.
321 2517 435 2549 Franc.
455 2522 482 2549 1.
507 2519 607 2548 (tiam
620 2522 741 2549 statue·
784 2527 889 2556 agros.

50 2561 143 2593 runt,
168 2559 254 2597 quod
274 2568 342 2588 non
370 2560 517 2601 dispiicet
537 2565 671 2600 propter
693 2569 742 2590 se-
829 2560 866 2590 16
887 2562 922 2589 in
947 2559 1068 2590 anim-is
1093 2557 1224 2598 nostris]
1258 2558 1322 2588 Ms.
1346 2558 1409 2588 Ga.
1431 2567 1484 2587 ve·

52 2599 203 2645 quentia:
229 2601 324 2631 modo
347 2602 473 2633 abesset
491 2604 565 2643 ipsi,
585 2601 672 2642 quod
694 2602 747 2632 hic
788 2603 877 2639 stris,
891 2606 930 2632 ut
945 2609 995 2632 est
1009 2606 1043 2632 et
1055 2602 1089 2632 in
1107 2600 1169 2631 Ms.
1187 2600 1303 2630 Dresd.
1321 2599 1448 2630 melius.

54 2639 133 2670 mihi
149 2641 264 2681 frigere
280 2643 419 2675 videtur.
836 2646 870 2679 17
894 2645 979 2675 nihil
999 2643 1127 2674 decerni
1154 2643 1251 2673 libere
1267 2641 1390 2682 potuit]
1416 2641 1485 2672 Cur

99 2683 137 2712 14
157 2684 188 2712 Ιι.
212 2693 237 2714 s.
265 2694 299 2715 n.
322 2686 615 2725 perseverantiam]
641 2695 685 2716 se.
710 2686 747 2715 in
791 2686 915 2717 libere?
943 2686 1110 2716 sententia
1133 2689 1166 2714 et
1188 2694 1237 2715 res
1259 2685 1412 2714 videntur
1435 2691 1485 2712 re-

55 2721 204 2755 absentia
229 2725 269 2756 ab
294 2736 422 2758 senatu.
450 2728 581 2767 respicit
608 2727 648 2758 ad
679 2732 747 2758 sta·
791 2727 1014 2769 quirerejure,
1030 2727 1193 2767 legitimoe
1217 2736 1333 2765 nempe
1347 2724 1434 2764 quod
1457 2733 1486 2754 ν.

52 2767 164 2802 munt,
178 2766 226 2797 vel
234 2771 433 2806 statuerunt,
445 2769 477 2800 111
488 2779 552 2808 quo
565 2770 703 2800 firmitas
714 2774 748 2800 et
791 2781 819 2801 c.
829 2772 921 2811 justa
933 2770 1116 2811 frequentia
1131 2778 1198 2799 uon
1213 2774 1310 2800 esset.

53 2809 241 2857 constantia
249 2811 427 2842 voluntatis
442 2810 651 2850 intelligitur.
