1785 3185
346 122 698 162 PHILIPPICA
722 120 1201 162 TERTIADECIMA.
1392 126 1492 163 1415

67 227 259 272 conditio
290 226 494 268 insidiosa
522 225 656 288 pacis,
686 225 894 266 libertatis
925 225 1228 281 recuperandae
1260 226 1402 268 studia
1431 241 1496 268 re—

70 284 320 349 stingueret.
382 282 520 324 Dulce
550 295 664 322 emm
694 283 822 323 etiam
852 296 1008 323 nomen
1039 292 1103 323 est
1133 283 1278 346 pacis:
1309 297 1374 324 res
1397 298 1496 325 vero

67 341 162 397 ipsa
190 355 288 382 cum
313 339 520 394 jucunda,
553 348 642 379 tum
675 338 884 379 salutaris.
916 352 1014 379 nam
1045 352 1124 379 nec
1150 339 1338 394 privatos
1361 339 1498 391 focos,

67 411 147 438 nec
168 396 394 454 sspublicas
413 396 542 451 leges,
555 409 634 436 nec
649 394 891 436 liber-titis
874 409 989 450 Jura,
1012 397 1142 436 3caia
1165 395 1319 436 habere
1340 407 1498 452 potest,

68 468 196 509 quem
226 453 468 503 discordiae,
499 466 626 507 quein
655 453 793 493 caedes
823 452 998 502 civium,
1032 465 1159 504 quem
1189 452 1344 492 bellum
1373 453 1499 493 civile

66 510 274 552 delectat.
305 524 487 564 eumque
508 523 562 550 ex
586 523 763 550 numero
788 508 1009 549 hominum
1028 508 1305 562 ejiciendum,
1328 523 1382 549 ex
1402 509 1507 559 fini—A

68 567 148 608 bus
184 568 383 608 humanae
422 575 585 607 naturae
624 565 996 606 exterminandum
1038 575 1158 620 put0.
1220 564 1372 627 Itaque
1411 566 1500 606 sive

68 623 198 675 Sulla,
220 624 310 665 sive
334 623 515 674 Marius,
537 624 626 664 sive
658 632 847 677 uterque,
870 622 958 662 sive
982 622 1205 670 Octavius,
1228 636 1320 662 srve
1344 621 1500 686 Cinna,

72 681 162 721 sive
194 682 347 722 iterum
382 679 512 729 Sulla,
534 681 622 722 sive
657 679 761 719 alter
796 678 976 729 Marius,
1011 688 1053 718 et
1084 678 1242 741 Carbo,
1282 679 1370 719 sive
1404 679 1500 734 quis

71 737 178 778 alius
198 737 324 778 civile
348 736 503 777 bellum
521 737 702 792 optavit,
720 749 817 776 eum
835 734 1129 775 detestabilem
1143 750 1210 775 cix
1215 749 1279 775 em
1300 736 1503 798 reipubli-

73 796 138 836 cae
154 804 301 836 natum
317 793 483 848 judico.
518 794 629 834 Nam
652 793 752 848 quid
775 806 857 847 ego
880 792 964 832 4de
984 792 1181 847 proximo
1203 792 1358 843 dicam,
1380 805 1539 847 quusss

74 860 171 892 acta
190 850 474 914 defendimus,
495 865 593 891 cum
628 850 766 905 ipsum
783 849 881 903 jure
903 863 1061 889 caesurn
1085 848 1321 890 fateamur?
1383 838 1506 890 Nihil

76 907 210 963 igitur
231 907 313 948 hoc
334 907 443 957 cive,
465 907 573 948 nihil
604 906 686 947 hoc
710 905 882 946 homine
905 906 1093 947 taetiius:
1137 906 1169 946 si
1193 915 1267 946 aut
1289 906 1410 956 civis,
1432 915 1507 947 aut

77 941 208 1006 hoomo
231 963 450 1005 habendus
471 974 549 1015 est,
573 964 645 1018 qui
668 962 793 1004 civile
814 961 968 1002 bellum
990 963 1274 1026 concupiscit.
1317 963 1400 1003 Sed
1424 963 1507 1004 hoc

79 1021 263 1077 primum
300 1020 529 1062 videndum
563 1029 642 1070 est,
676 1029 817 1075 patres
839 1019 1088 1074 conscripti,
1118 1034 1216 1060 cum
1251 1019 1508 1061 omnibusne

81 1093 166 1135 pax
185 1090 274 1119 esse
298 1077 445 1141 possit,
470 1080 553 1118 5an
577 1077 632 1117 sit
653 1076 824 1140 aliquod
847 1075 1002 1116 bellum
1027 1076 1315 1131 inexpiabile.
1355 1076 1397 1116 in
1421 1091 1506 1131 quo

79 1135 224 1190 pactio
248 1149 378 1190 pacis,
401 1135 468 1174 lex
493 1135 547 1175 sit
569 1133 799 1174 servitutis.
861 1132 1016 1173 Pacem
1040 1147 1138 1173 cum
1161 1132 1364 1189 Scipione
1392 1132 1509 1174 Sulla

79 1191 169 1232 sive
204 1191 404 1242 faciebat,
428 1191 516 1232 sive
550 1190 683 1231 Simul
676 1190 800 1242 ibat
848 1203 934 1230 non
967 1200 1057 1230 erat
1088 1190 1413 1254 desperandum,
1437 1191 1507 1231 6si

79 1249 364 1298 convenisset,
386 1247 476 1288 fore
498 1248 680 1302 tliquem
706 1223 969 1288 tole’rabilem
993 1255 1151 1286 statum
1174 1247 1377 1288 civitatis.
1404 1246 1511 1288 Cin-

79 1319 136 1346 na
157 1305 190 1346 si
221 1305 494 1347 concordiam
518 1319 616 1346 cum
640 1303 825 1345 Octavio
856 1302 1109 1344 confirmare
1132 1303 1349 1353 voluisset,
1371 1304 1511 1345 horni-

81 1376 185 1403 num
226 1364 269 1403 in
309 1362 528 1418 republica
564 1362 723 1403 sanitas
761 1373 977 1401 remanere
1015 1359 1239 1416 potuisset.
1301 1360 1510 1402 Proximo
1541 1400 1543 1402 .

82 1415 194 1460 bello
217 1419 284 1459 7si
318 1418 478 1474 aliquid
511 1419 563 1459 de
597 1432 762 1459 summa
797 1417 1008 1472 gravitate
1044 1416 1292 1472 Pompeius,
1326 1417 1512 1459 multum

81 1475 135 1516 de
155 1476 394 1531 cupiditate
425 1474 571 1516 Caesar
600 1475 854 1515 remisisset:
887 1483 929 1514 et
961 1487 1108 1529 pacem
1141 1474 1350 1525 stabilem,
1372 1483 1416 1515 et
1436 1474 1560 1518 ali-b.

82 1547 212 1587 quam
240 1531 547 1588 lempublicam
576 1532 700 1573 nobis
723 1531 878 1572 habere
901 1530 1102 1571 licuisset.
1164 1530 1264 1572 Hoc
1287 1545 1387 1572 vero
1409 1531 1557 1586 quid2

81 1591 174 1630 est?
203 1604 302 1630 cum
323 1589 525 1630 Antoniis
546 1604 630 1644 pax
654 1598 795 1644 potest
816 1589 934 1628 esse?
965 1602 1062 1628 cum
1087 1587 1341 1640 Censorino,
1363 1588 1515 1629 Venti-

83 1646 172 1698 dio,
193 1645 421 1698 'lrebellio,
456 1646 618 1697 Bestia,
650 1644 833 1695 Nucula,
873 1643 1091 1696 Munatio,
1128 1644 1337 1697 Lentone,
1375 1645 1518 1688 Saxa?

84 1768 182 1799 saepe.
206 1759 286 1790 item
302 1770 386 1799 saepe
401 1759 435 1789 in
450 1758 612 1790 laudando
631 1760 732 1789 ciuem
746 1762 780 1788 et

85 1802 196 1832 virum
222 1802 403 1850 conjungit.
448 1802 527 1832 Mox
563 1801 669 1831 addidi
705 1811 780 1830 cuin

89 1843 218 1874 Graesio
233 1844 330 1874 etiam
347 1849 419 1884 post
435 1845 526 1874 dulce
539 1853 589 1873 ene
594 1853 634 1875 m

129 1887 149 1917 2
166 1887 314 1925 publicas
335 1886 431 1924 leges]
456 1887 579 1916 Omnes
601 1886 687 1925 leges
705 1889 784 1915 sunt

86 1927 240 1967 publicae,
251 1938 310 1958 nec
327 1928 358 1957 id
367 1928 537 1967 epitheton
553 1927 637 1958 solet
647 1927 730 1957 addi.
747 1926 783 1958 h.

87 1969 112 2000 l.
128 1969 275 2000 additum
299 1975 349 2000 est
367 1970 596 2008 aequandorum
621 1969 784 2000 membro-

89 2021 163 2042 rum
179 2021 303 2049 caussa,
320 2012 353 2042 in
369 2022 433 2051 quo
450 2012 563 2043 Cicero
577 2011 714 2051 diligens
729 2011 784 2041 ad·

92 2053 226 2084 modum
241 2058 304 2085 est.

127 2099 147 2126 3
157 2105 238 2126 cara
250 2096 363 2126 habere
366 2094 481 2136 potest]
496 2094 523 2124 E
532 2095 608 2125 Vat.
622 2099 789 2135 receptum

90 2143 141 2168 est
155 2138 256 2168 etiam
272 2148 292 2168 a
305 2138 433 2168 Graevio
445 2149 452 2166 :
475 2147 533 2167 nec
543 2138 690 2176 publicas
705 2139 790 2176 leges

89 2180 231 2216 videtur,
245 2189 303 2210 nec
317 2178 378 2220 Lj.
394 2190 422 2211 c.
440 2180 566 2209 habere.
606 2179 789 2209 Collocatio

91 2227 142 2252 est
177 2221 273 2261 plane
308 2221 542 2253 Ciceroniana:
580 2221 635 2251 sed
661 2221 790 2252 videtur

93 2263 225 2294 mollius
248 2273 345 2303 quam
370 2273 428 2303 pro
453 2273 498 2294 re.
523 2263 693 2302 multoque
716 2273 789 2302 gra-

93 2306 164 2336 vius
196 2310 247 2336 est
275 2305 459 2344 vulgattun.
503 2305 660 2335 Ceterum
689 2309 792 2344 potest

95 2348 299 2378 numerosius
313 2347 493 2378 collocetur
506 2357 544 2378 eo
561 2348 594 2377 in
610 2346 695 2376 loco.

128 2392 158 2419 ,4
178 2390 217 2419 de
231 2389 396 2429 proximo]
428 2389 492 2429 Qui
508 2389 650 2429 primum
671 2388 733 2418 hoc
748 2387 794 2418 le·

95 2431 158 2470 git,
195 2431 233 2462 de
259 2431 345 2461 bello
376 2432 495 2471 capiat.
529 2432 640 2469 itaque
676 2430 793 2461 Glossa

96 2473 205 2504 Guelf.
228 2473 318 2503 addit
340 2483 383 2503 sc.
414 2473 559 2504 Caesaris.
583 2472 656 2502 libri
680 2477 792 2503 autem

96 2524 158 2545 scr.
181 2515 313 2554 quidam
330 2524 418 2552 mox,
440 2521 479 2545 ut
500 2519 535 2545 et
557 2514 621 2544 Gu.
644 2524 717 2544 cnm
733 2523 794 2544 au-

99 2561 219 2587 ctorem
235 2557 285 2586 vel
297 2567 324 2586 c.
340 2567 372 2587 a.
388 2558 494 2596 ipsum
510 2558 568 2587 &a
599 2556 660 2586 Sed
675 2557 713 2586 de
720 2566 798 2596 pro-

98 2600 199 2635 ximo,
215 2599 396 2629 necessario
410 2607 461 2628 est
481 2597 521 2628 de
537 2598 663 2628 Caesare
677 2598 800 2628 intelli-

100 2640 268 2680 gendum:
295 2645 332 2671 ut
354 2646 388 2670 et
410 2642 497 2680 cepit
519 2639 700 2670 Manutius.
723 2649 800 2670 nam

100 2687 136 2712 et
149 2686 228 2713 ante
250 2692 396 2722 personae
410 2687 500 2717 sunt,
517 2682 592 2712 belli
613 2683 673 2712 civ.
690 2688 801 2712 aucto-

100 2733 164 2759 res,
178 2728 213 2753 et
236 2722 331 2764 cajus
345 2728 421 2754 acta
443 2723 508 2763 def.
533 2733 600 2754 non
624 2728 732 2764 potest
759 2724 798 2754 de

100 2765 188 2796 bello
213 2766 367 2806 intelligi,
383 2765 438 2796 sed
456 2766 495 2796 de
521 2765 659 2797 Caesare.
704 2766 799 2796 Dixit

46 2845 54 2853 ι
99 2807 148 2837 de‘
152 2808 317 2847 proximo,
333 2807 447 2838 nolens
470 2808 632 2838 Caesarem
648 2807 799 2838 nomina-

97 2858 149 2888 re,
160 2850 270 2889 gratia
293 2849 480 2889 Oc‘taviani,
495 2855 631 2891 propter
646 2859 745 2890 grave
762 2849 803 2879 il-

822 1756 878 1788 lud
900 1757 1008 1788 detest.
1025 1759 1086 1789 civ.
1103 1758 1161 1789 &c.
1206 1757 1322 1796 Itaque
1336 1768 1394 1788 nec
1410 1762 1521 1788 aucto-

823 1809 891 1829 rem
915 1800 1034 1836 addidi,
1051 1800 1136 1839 quod
1162 1800 1310 1830 Muretus
1333 1811 1350 1831 e
1368 1800 1441 1831 Vat.
1466 1801 1522 1831 ad-

824 1842 918 1877 didit,
934 1848 972 1871 ut
987 1848 1019 1871 et
1037 1843 1196 1873 Graevius.

869 1886 887 1913 5
910 1893 953 1912 an
977 1885 1019 1913 sit
1033 1885 1165 1924 aliquod
1189 1886 1215 1915 b.
1239 1884 1363 1923 inexp]
1395 1885 1434 1914 ln
1459 1884 1523 1915 Ms.

827 1925 935 1955 Guelf.
953 1930 1000 1956 est
1017 1927 1187 1966 expiabile,
1204 1931 1238 1956 et
1253 1927 1298 1956 sic
1315 1927 1435 1956 habent
1451 1926 1524 1957 edd.

826 1972 906 1998 vett.
952 1968 1014 1997 Pro
1030 1970 1082 1998 Iex
1101 1969 1265 1998 servitutis
1280 1968 1374 1998 Grut.
1399 1969 1432 1998 in
1458 1968 1526 1999 Pal.

826 2019 889 2039 sec.
908 2010 1026 2050 reperit
1042 2012 1100 2040 <xer
1116 2020 1197 2041 serv.
1215 2009 1300 2049 quod
1313 2010 1341 2039 ei
1358 2010 1442 2040 male
1457 2010 1526 2049 pla-

826 2052 930 2082 cebat.
956 2061 1043 2082 aura
1059 2051 1179 2082 dicitur
1201 2062 1260 2091 pro
1281 2061 1351 2092 spe,
1366 2061 1432 2083 non
1456 2055 1528 2089 a’e'r,

831 2103 891 2124 nec
907 2094 933 2124 is
949 2103 1060 2123 sensus
1076 2094 1108 2124 h.
1125 2094 1146 2123 l.
1162 2100 1270 2133 aptus.

873 2136 892 2164 6
913 2137 940 2166 si
955 2136 1159 2175 convenisset]
1191 2137 1243 2165 Sic
1258 2140 1291 2165 et
1307 2144 1355 2165 res
1371 2135 1528 2175 postulat,

832 2187 890 2216 pro
912 2178 1136 2214 convenissent,
1160 2178 1244 2216 qnod
1268 2178 1368 2207 miror
1389 2187 1530 2208 servasse

832 2220 1024 2256 Gruterum,
1041 2230 1115 2249 cum
1131 2225 1165 2249 et
1180 2221 1249 2250 sine
1264 2220 1354 2249 libris
1369 2221 1530 2250 convenis—

831 2265 877 2291 set
900 2261 1126 2300 corrigendum
1153 2266 1249 2300 esset,
1264 2266 1299 2293 et
1322 2261 1396 2292 libri
1419 2271 1480 2292 scr.
1497 2263 1532 2292 in

835 2302 885 2333 his
901 2303 1010 2334 Guelf.

875 2349 893 2379 7
917 2347 944 2376 si
959 2345 1086 2385 aliquid
1097 2345 1136 2375 de
1150 2355 1175 2376 s.
1188 2346 1409 2383 g.—multum
1425 2345 1463 2375 de
1477 2354 1532 2375 eu-

830 2387 916 2427 pid.]
934 2387 1069 2427 Aliquid
1084 2392 1118 2417 et
1136 2389 1277 2417 multum
1288 2393 1438 2427 suspecta
1452 2387 1535 2417 mihi

835 2435 923 2459 sunt.
933 2430 1060 2470 aliquid
1068 2438 1134 2459 non
1145 2429 1335 2465 offenderet,
1346 2438 1421 2459 nam
1432 2435 1465 2459 et
1476 2429 1535 2459 ali-

837 2472 868 2502 bi
881 2472 908 2501 si
928 2472 1055 2510 aliquid
1071 2476 1134 2502 est.
1159 2481 1189 2502 v.
1212 2471 1304 2502 Clav.
1321 2471 1377 2501 sed
1392 2473 1534 2501 multum

837 2514 889 2543 vix
905 2521 954 2544 est
969 2514 1147 2549 Ciceronis,
1163 2523 1222 2543 nec
1237 2521 1318 2553 opus
1333 2517 1383 2542 est
1398 2514 1534 2552 aliquid,

841 2565 916 2585 cum
933 2555 1020 2585 dicat
1043 2556 1082 2593 de
1098 2564 1229 2585 summa
1249 2555 1429 2593 gravitate.
1473 2555 1535 2584 Pro

842 2598 1021 2633 dimisisset,
1038 2597 1124 2636 quod
1141 2598 1174 2627 in
1190 2597 1261 2627 edd.
1285 2601 1368 2627 vett.
1385 2602 1420 2627 et
1439 2597 1534 2628 Grut.

842 2644 904 2675 est,
919 2643 1007 2669 recte
1030 2639 1142 2669 datum
1159 2649 1178 2669 a
1194 2638 1322 2668 Graevio
1345 2643 1420 2677 post
1439 2639 1536 2669 Faer-

843 2690 923 2711 num
946 2686 981 2711 et
1002 2680 1082 2711 alios
1104 2681 1285 2711 remisisset.
1329 2680 1375 2709 Et
1396 2680 1472 2710 alibi
1488 2681 1536 2710 di-

841 2724 969 2753 mittere
997 2723 1032 2752 in
1066 2722 1155 2753 libris
1189 2728 1240 2753 est
1268 2731 1327 2761 pro
1362 2723 1538 2759 remittere,

842 2774 959 2804 nempe
985 2775 1002 2795 e
1026 2764 1193 2794 latinitate
1214 2763 1444 2800 ecclesiastica,
1466 2763 1541 2797 o‘rta

842 2817 882 2837 ex
905 2806 1051 2836 versione
1078 2805 1136 2836 lat.
1164 2805 1324 2836 librorum
1351 2815 1520 2839 sacrorum

848 2849 974 2880 dimitte
989 2849 1076 2879 nohis
1091 2847 1196 2879 debita
1211 2852 1333 2879 nostra.
