1769 3174
532 113 650 150 PRO
676 112 718 150 P.
747 111 979 150 SEXTIO.
1392 116 1471 155 997

39 222 201 257 tantam
226 215 338 257 illam
359 216 545 271 copiam,
566 225 610 256 et
631 224 717 256 tam
740 217 781 246 22
793 214 1071 270 magnificum
1094 224 1361 270 apparatum,
1384 231 1474 257 non

41 273 270 327 privatum,
292 283 366 315 aut
384 273 612 328 plebeium,
634 273 704 313 sed
726 272 952 328 patricium
975 281 1018 312 et
1037 272 1285 326 praetorium
1303 287 1393 313 esse
1409 288 1475 314 ar-

41 329 311 371 bitrarentur.
343 333 382 362 23
398 329 534 380 Nihil,
554 344 690 384 neque
706 340 804 369 ante
826 329 907 369 boc
923 339 1106 383 tempus,
1119 342 1257 382 neque
1278 329 1358 369 hoc
1381 330 1474 385 ipso
1487 325 1561 380 36

4 403 8 406 ²
33 387 406 429 turbulentissimo
428 387 511 437 die,
532 389 573 417 24
585 385 896 427 criminationis
918 399 1008 425 esse
1031 385 1073 425 in
1097 385 1310 425 Sextium.
1341 385 1474 441 Atqui

41 443 104 484 vis
129 444 169 485 in
196 445 288 486 foro
311 454 476 485 versata
497 452 574 483 est.
618 443 761 484 Certe.
784 442 955 497 quando
977 443 1090 483 enim
1115 442 1251 496 major
1271 444 1284 483 ?
1316 442 1478 497 lapida-

40 500 178 542 tiones
202 516 391 558 persaepe
412 501 627 542 vidimus:
661 515 744 541 non
775 500 835 540 ita
865 513 993 555 saepe,
1018 499 1087 539 sed
1120 498 1301 539 nimium
1334 508 1477 540 tamen

41 571 155 613 saepe
186 559 375 615 gladios:
407 558 570 598 caedem
603 571 701 598 vero
733 567 912 607 tantam,
944 566 1086 597 tantos
1116 570 1291 596 acervos
1323 570 1478 611 corpo-

38 627 131 655 rum
153 625 410 664 exstructos,
434 615 511 655 nisi
534 615 643 655 forte
665 614 734 654 illo
758 613 956 655 Cinnano
979 623 1107 668 atque
1132 612 1374 653 Octaviano
1393 613 1476 664 die,

40 671 135 726 quis
159 687 361 728 umquam
394 673 437 712 in
470 671 563 712 foro
597 672 730 713 vidit?
760 686 846 726 qua
875 684 928 711 ex
960 670 1282 711 concertatione
1312 670 1478 710 animo-

38 742 130 770 rum
149 732 162 771 ?
187 730 300 771 Nam
323 745 376 771 ex
402 729 648 785 pertinacia,
668 738 742 768 aut
763 727 1006 769 constantia
1028 726 1319 767 intercessoris
1342 727 1478 767 oritur

38 799 153 842 saepe
175 788 342 837 seditio,
365 786 491 842 culpa
512 795 640 840 atque
666 785 942 841 improbitate
966 783 1124 834 latoris,
1147 783 1377 824 commodo
1401 784 1478 824 ali-

37 857 125 898 quo
146 844 370 900 imperitiS,
392 853 466 883 aut
487 842 714 899 largitione
746 842 991 897 proposita:
1024 841 1159 881 oritur
1181 855 1234 881 ex
1258 850 1480 881 concerta-

39 901 156 942 tione
193 902 547 957 magistratuum:
582 900 717 940 oritur
746 900 903 939 sensim
939 913 994 939 ex
1033 898 1218 939 clamore
1261 898 1444 953 primum
1467 914 1476 939 ε

36 957 191 999 deinde
220 959 362 1014 aliqua
392 957 651 998 discessione
681 956 934 997 concionis:
967 955 1056 1006 vix,
1087 969 1178 995 sero
1216 965 1260 996 et
1298 969 1392 995 raro
1427 955 1480 996 ad

36 1027 188 1056 manus
220 1015 491 1071 pervenitur:
524 1013 640 1054 nullo
674 1027 773 1054 vero
805 1014 936 1054 verbo
967 1012 1099 1063 facto,
1126 1012 1241 1056 nulla
1271 1012 1480 1053 concione

36 1072 259 1124 advocata,
283 1072 396 1113 nulla
426 1071 519 1127 lege
542 1072 719 1112 recitata
740 1070 1001 1112 concitatam
1025 1080 1278 1110 nocturnam
1304 1069 1479 1111 seditio-

36 1142 150 1180 nem,
172 1130 267 1185 quis
294 1129 490 1171 audivit?
521 1127 640 1169 25An
664 1127 891 1168 verisimile
921 1137 999 1177 est,
1023 1136 1070 1167 ut
1101 1127 1208 1167 civis
1240 1126 1541 1178 RomanuS‚78

35 1195 109 1226 aut
140 1187 270 1227 homo
302 1187 408 1228 liber
429 1186 654 1241 quisquam
687 1199 784 1226 cum
815 1184 958 1240 gladio
982 1185 1024 1225 in
1048 1183 1188 1224 forum
1212 1184 1480 1225 descenderit

36 1254 135 1284 ante
156 1244 310 1292 lucem,
334 1258 385 1284 ne
406 1243 459 1284 (le
483 1257 549 1283 me
573 1242 669 1283 serri
697 1252 926 1297 pateretur,
951 1252 1104 1296 praeter
1126 1256 1213 1291 eos,
1235 1241 1308 1296 qui
1331 1242 1385 1281 ab
1410 1241 1479 1282 illo

36 1301 240 1356 pestifero
276 1317 326 1342 ac
365 1300 533 1356 perdito
567 1300 661 1341 cive
690 1299 953 1355 jampridem
986 1297 1236 1354 reipublicae
1274 1298 1483 1354 sanguine

36 1358 313 1413 saginantur?
343 1358 430 1399 Hic
446 1358 539 1412 jam
561 1358 615 1398 (le
639 1357 731 1412 ipso
754 1365 1002 1397 accusatore
1024 1370 1187 1410 quaero,
1210 1356 1284 1410 qui
1309 1355 1359 1396 P.
1376 1356 1484 1396 Sex-

37 1414 144 1455 tium
176 1416 368 1471 queritur
399 1429 496 1456 cum
528 1413 804 1455 multitudine
835 1413 878 1454 in
912 1413 1146 1462 tribunatu,
1179 1423 1222 1453 et
1252 1427 1348 1453 cum
1374 1427 1485 1468 prae-

37 1471 147 1513 sidio
167 1487 324 1528 magno
348 1473 497 1513 fuisse:
521 1486 623 1512 num
647 1471 718 1511 illo
741 1470 811 1511 die
830 1470 972 1511 fuerit.
996 1479 1124 1520 certe,
1143 1479 1258 1510 certe
1278 1484 1363 1510 non
1387 1469 1484 1510 fuit.

38 1528 167 1570 Victa
199 1531 332 1586 igitur
361 1541 427 1572 est
456 1544 584 1570 causa
615 1527 879 1583 reipublicae,
911 1537 954 1567 et
986 1527 1114 1578 victa,
1146 1541 1231 1567 non
1265 1527 1483 1582 auspiciis,

37 1600 124 1628 non
147 1587 464 1635 intercessione,
488 1601 573 1626 non
601 1585 816 1640 suffragiis
837 1602 845 1626 :
880 1584 951 1625 sed
975 1584 1031 1635 vi,
1050 1598 1195 1635 manu,
1218 1583 1344 1624 ferro.
1368 1599 1482 1635 nam,

39 1644 72 1685 si
103 1644 400 1685 obnuntiasset
435 1643 634 1684 Fabricio
668 1643 702 1683 is
744 1651 916 1698 praetor,
955 1641 995 1671 26
1010 1642 1083 1696 qui
1121 1654 1165 1681 se
1204 1656 1396 1683 servasse
1430 1642 1483 1682 de

38 1700 153 1742 coelo
174 1701 368 1743 dixerat:
401 1701 635 1756 accepisset
658 1699 900 1755 respublica
917 1697 1104 1754 plagam,
1127 1698 1200 1739 sed
1223 1713 1331 1749 eam,
1354 1713 1484 1754 quam

0 1793 1 1800 ,
38 1769 259 1814 acceptam
291 1773 461 1815 gemere
492 1767 660 1814 posset:
694 1757 728 1796 si
753 1756 1059 1797 intercessisset
1080 1755 1246 1811 collega
1267 1755 1483 1809 Fabricio,

0 1846 1 1858 i
38 1814 217 1856 laesisset
256 1815 581 1872 rempublicam,
622 1817 661 1847 27
681 1813 754 1854 sed
792 1812 1102 1869 rempublicam
1142 1813 1241 1868 jure
1286 1813 1482 1854 laesisset.

39 1871 310 1914 Gladiatores
330 1882 376 1913 tu
399 1873 608 1922 novicios,
627 1886 703 1927 pro
726 1879 979 1926 exspectata
995 1870 1200 1911 aedilitate
1219 1870 1483 1926 suppositos,

39 1943 137 1972 cum
159 1930 321 1972 sicariis
343 1945 367 1972 e
388 1944 556 1972 carcere
576 1928 741 1969 emissis
773 1938 872 1969 ante
903 1927 1042 1968 lucem
1075 1928 1282 1967 immittas
1301 1930 1313 1968 ?
1344 1927 1484 1985 magi-

780 2063 819 2088 ιιι
835 2068 901 2088 non
917 2066 984 2087 esse
1000 2062 1108 2096 posset
1130 2062 1205 2097 post
1227 2057 1403 2087 verisimile
1424 2061 1483 2092 ese,

80 2063 120 2091 22
136 2060 350 2102 magnificum
362 2059 578 2100 apparatum]
597 2058 738 2095 Ironice,

782 2111 820 2130 ea
834 2100 963 2139 quidem
981 2109 1047 2129 non
1058 2100 1136 2129 satis
1148 2099 1234 2129 valet
1246 2111 1252 2128 ι
1271 2100 1347 2138 quia
1360 2110 1398 2129 ea
1416 2099 1484 2129 for-

40 2103 117 2143 quia
145 2103 198 2132 isti
227 2103 423 2142 gladiator&
451 2103 535 2132 servi
568 2103 608 2131 ab
635 2101 740 2141 Appio

41 2150 178 2185 praetore
190 2147 298 2185 parati
314 2145 355 2175 ad
378 2145 470 2174 ludos
492 2144 684 2174 dicebantur
706 2143 740 2172 in

41 2187 153 2218 funere
171 2184 370 2227 'propinqui;
395 2186 480 2217 uude
502 2194 536 2216 et
558 2192 668 2216 cetera
689 2185 739 2215 in-

41 2228 228 2269 menig-enda.

84 2274 123 2302 23
149 2271 246 2301 Nihil
267 2281 367 2310 neque
389 2275 466 2300 ante
490 2270 562 2310 Ere]
592 2269 664 2300 Hoc
691 2269 741 2299 ni-

45 2314 106 2344 mis
121 2313 259 2353 abrupte
280 2314 424 2353 positum
441 2313 581 2343 videtur.
626 2312 742 2350 Itaque

46 2353 127 2386 Edd.
143 2360 224 2386 vett.
242 2355 394 2385 videntur
408 2355 575 2395 copulasse
590 2364 664 2384 cuni
683 2363 742 2384 an-

0 2428 1 2436 *
44 2397 280 2433 tecedentibus,
306 2398 462 2436 nihilque.
484 2397 570 2435 quod
592 2402 626 2426 et
649 2405 738 2425 revo-

46 2439 131 2470 cavit
145 2440 301 2470 Graevius.
339 2440 403 2470 Sed
418 2439 620 2469 referendum
635 2444 684 2467 est
700 2437 741 2468 ad

45 2482 226 2521 superiora:
251 2481 391 2522 ‚Quietus
404 2492 438 2511 eo
455 2482 506 2511 die
530 2481 661 2512 Sei-tius
679 2481 736 2510 ἃς,

43 2520 189 2554 Fortasse
209 2528 323 2554 tamen
345 2524 475 2564 scripsit
496 2524 596 2554 Nihil
615 2523 737 2562 itaque,

44 2570 101 2595 aut
114 2565 218 2595 simile
230 2566 317 2605 quid.

85 2609 125 2637 24
149 2608 386 2638 criminationis
413 2617 477 2637 esse
504 2607 540 2636 in
570 2606 734 2645 Sextium]

45 2647 97 2678 Sic
111 2649 180 2679 edd.
196 2659 246 2689 pr.
279 2649 458 2680 Lambinus
473 2649 613 2679 correxit
628 2650 739 2678 crimi-

44 2692 171 2726 namini
191 2691 352 2728 Sextium,
368 2691 455 2731 quod
469 2691 606 2721 retinuit
621 2690 742 2721 Grute-

46 2734 111 2763 rus'.
134 2749 137 2751 ·
154 2733 254 2764 Forte
264 2733 381 2763 melius
395 2737 478 2763 esset
493 2733 650 2762 criminis.

784 2152 839 2172 ma
860 2149 894 2172 et
916 2141 993 2171 alibi
1016 2142 1172 2171 occurrit.
1195 2151 1225 2171 v.
1249 2142 1344 2172 Clav.
1367 2151 1484 2180 quam-

782 2194 880 2222 quam
895 2191 928 2213 et
942 2184 1020 2214 alibi
1043 2188 1193 2224 suspecta
1214 2183 1291 2221 fuit,
1305 2193 1337 2214 v.
1351 2188 1424 2214 not.
1442 2183 1484 2214 ad

782 2226 878 2257 Rosc.
896 2226 970 2257 Am.
986 2228 1041 2256 41.

826 2269 866 2299 26
887 2269 991 2308 quise
1011 2277 1155 2297 servasse
1177 2268 1216 2297 de
1237 2267 1312 2297 coelo
1333 2266 1480 2306 direrm]

785 2309 848 2341 Illo
863 2310 993 2350 quidem
1010 2310 1061 2340 die
1074 2316 1144 2340 tam
1162 2320 1271 2344 mane,
1288 2318 1356 2339 non
1372 2310 1484 2348 potuit

784 2352 913 2389 dixisse,
940 2362 973 2383 se
1001 2361 1143 2382 servasse
1172 2352 1211 2382 de
1238 2351 1330 2381 coelo.
1376 2351 1484 2381 Immo

782 2394 920 2431 dixerat,
947 2405 980 2425 se
1004 2399 1213 2424 servaturum
1237 2404 1302 2424 esse
1324 2393 1364 2423 de
1384 2394 1459 2423 eoelo
1474 2405 1483 2422 .-

783 2442 816 2466 et
831 2438 876 2467 sic
893 2438 963 2467 sine
985 2436 1082 2466 dubio
1105 2436 1281 2476 legendum
1304 2440 1366 2472 est,
1381 2436 1483 2466 etiam

780 2489 838 2518 per
850 2490 900 2515 ea,
917 2489 990 2517 quae
1010 2478 1099 2509 dicta
1120 2484 1198 2509 sunt
1214 2479 1248 2508 in
1272 2477 1384 2513 Clave,
1401 2476 1482 2516 Leg-

779 2520 881 2551 „rElia
899 2521 1006 2562 Fzfia.
1052 2521 1212 2551 Futurum
1235 2520 1298 2550 hoc
1321 2519 1482 2549 Infinitivi

781 2563 946 2594 interdum
969 2564 1003 2594 in
1029 2562 1120 2593 libris
1143 2567 1351 2592 contractum
1374 2566 1424 2590 est
1446 2561 1480 2591 in

781 2605 980 2642 Perfectum,
996 2610 1034 2635 ut
1048 2613 1083 2635 et
1104 2604 1159 2635 alii
1183 2608 1356 2638 notarunt,
1372 2610 1406 2632 et
1427 2613 1482 2632 ex-

781 2647 898 2687 emplis
918 2648 1030 2678 docuit
1046 2647 1161 2677 multis
1174 2646 1295 2677 alicubi
1310 2644 1481 2675 Drakenb.

783 2690 824 2720 ad
839 2689 910 2720 Liv.

827 2734 866 2765 27
889 2731 946 2762 sed
959 2740 1063 2771 remp.
1075 2729 1161 2770 jure
1176 2728 1318 2767 loesisset]
1336 2726 1434 2765 Jure,
1448 2737 1488 2758 ea
1508 2759 1511 2761 ,

88 2776 128 2806 25
149 2775 204 2805 An
228 2776 404 2806 verisimile
430 2775 491 2814 est]
523 2775 596 2805 Hoc
623 2770 752 2804 delevit
786 2782 834 2810 re,
853 2783 925 2813 quae
941 2783 999 2813 per
1021 2782 1054 2803 se
1075 2772 1226 2811 legitima
1240 2775 1302 2807 est,
1318 2770 1422 2809 qualis
1437 2776 1488 2800 est

0 2827 2 2842 ι
47 2813 246 2854 lambinns3
269 2827 334 2855 quo
349 2826 427 2847 sane
442 2818 484 2848 fis
495 2817 657 2846 efficacior
671 2825 743 2845 ora-

45 2856 106 2890 tio.
149 2858 212 2890 Sed
225 2859 323 2898 ratio,
340 2869 414 2900 quae
427 2869 502 2890 eum
524 2859 642 2896 movit,
657 2857 746 2898 quod

787 2815 977 2846 intercessio
991 2826 1002 2848 a
1025 2814 1205 2856 opponitur
1217 2811 1368 2853 vi‚ferro
1381 2812 1441 2843 ἃς.
