1812 3147
659 71 784 109 PRO
815 71 857 108 P.
887 70 1097 114 SULLA,
1494 68 1573 114 777

130 176 447 233 investigasset,
471 172 653 215 veritate
675 174 926 230 aperuisset,
945 173 1246 229 magnitudine
1277 174 1408 214 animi
1431 175 1575 215 vindi·

130 242 284 285 casset,
305 247 404 275 cum
424 231 515 287 ipse
537 230 646 271 nihil
668 231 837 272 audisse
858 231 910 272 de
934 230 985 271 P.
1009 229 1139 282 Sulla,
1162 230 1271 271 nibil
1301 231 1567 286 suspicatum

129 306 222 335 esse
243 291 420 332 diceret.
439 288 512 329 sed
535 302 618 343 ego
644 289 836 330 nondum
859 297 957 330 utor
977 287 1058 328 hac
1083 302 1190 328 voce
1211 288 1263 328 ad
1289 287 1403 328 hunc
1426 288 1574 329 defen-

128 349 342 391 dendum:
373 346 426 387 ad
449 346 724 402 purgandum
738 360 806 386 me
829 345 973 402 potius
996 354 1118 386 utor:
1153 354 1200 384 ut
1221 344 1365 384 mirari
1379 343 1574 399 Torqua-

128 416 198 455 tus
227 404 411 455 desinat,
433 417 517 454 me,
539 404 613 458 qui
636 403 853 444 Autronio
885 402 1111 451 abfuerim,
1143 401 1304 442 Sullam
1329 401 1571 442 defendere.

132 463 244 510 Quae
277 462 394 503 enim
424 459 630 501 Autronii
662 459 746 501 fuit
775 463 934 502 causa?
965 474 1062 514 quae
1096 459 1225 499 Sullae
1258 461 1348 500 est?
1382 458 1450 498 ille
1483 474 1572 499 am-
1589 471 1634 506 15

126 521 244 563 bitus
267 517 487 575 judicium
510 518 658 559 tollere
680 533 731 559 ac
753 517 994 558 disturbare
1017 515 1200 572 primum
1220 516 1413 556 conflato
1439 516 1574 556 voluit

132 576 421 635 gladiatorum
442 589 493 617 ac
524 575 811 631 fugitivorum
843 574 1056 616 tumultu:
1088 573 1258 624 deinde,
1289 573 1331 613 id
1363 573 1479 628 quod
1513 573 1574 612 vi-

130 634 273 678 dimus
313 647 476 683 omnes,
508 631 772 690 lapidatione
808 642 936 687 atque
976 645 1202 673 concursu.
1264 630 1394 680 Sulla,
1428 630 1460 670 si
1492 630 1574 670 sibi

131 706 232 732 suus
264 690 402 747 pudor
425 705 475 731 ac
495 689 684 747 dignitas
707 705 792 731 non
816 689 1050 746 prodesset,
1081 688 1244 729 nullum
1268 687 1477 728 auxilium
1510 701 1573 727 re-

129 748 323 804 quisivit.
384 746 463 788 Ille
493 747 719 789 damnatus
742 748 803 788 ita
825 761 868 787 se
890 747 1081 803 gerebat,
1104 760 1192 787 non
1214 746 1351 785 solum
1382 744 1573 786 consiliis

129 816 174 847 et
204 805 488 856 sermonibus,
511 819 656 847 verum
690 805 819 846 etiam
851 805 1056 860 adspectu
1089 813 1218 858 atque
1250 802 1384 853 vultu,
1417 811 1464 842 ut
1496 802 1576 842 ini-

133 863 271 905 micus
294 876 385 903 esse
405 862 681 918 amplissimis
712 862 950 912 ordinibus,
983 861 1164 901 infestus
1204 860 1326 901 bonis
1359 859 1577 910 omnibus,

135 920 272 962 hostis
303 920 454 976 patriae
488 920 718 962 videretur.
750 920 821 961 1110
853 934 896 960 30
929 919 989 959 ita
1020 917 1204 959 fractum
1228 917 1300 958 illa
1331 917 1577 958 calamitate

130 987 260 1033 atque
281 978 492 1019 afflictum
511 978 697 1034 putavit,
729 986 777 1018 ut
808 977 915 1018 1111111
947 976 1028 1017 sibi
1060 990 1115 1016 ex
1149 975 1330 1032 pristina
1359 974 1575 1029 dignitate

129 1049 350 1091 superesse
380 1035 675 1086 arbitraretur,
696 1035 778 1076 nisi
794 1034 910 1090 quod
934 1033 1145 1074 modestia
1162 1032 1422 1073 retinuisset.
1476 1031 1572 1072 Hae
1592 1039 1637 1072 113

133 1107 233 1134 vero
252 1093 296 1133 in
317 1092 633 1148 conjuratione,
656 1093 760 1147 quid
783 1102 872 1133 tam
902 1091 1204 1146 conjunctum,
1229 1104 1357 1145 quam
1384 1089 1452 1129 ille
1474 1103 1574 1129 011111

134 1149 338 1202 Catilina,
362 1164 462 1191 curn
483 1150 691 1191 Lentulo?
723 1165 819 1206 quae
844 1160 964 1191 tanta
987 1149 1170 1189 societas
1187 1147 1284 1188 ullis
1309 1147 1419 1187 inter
1442 1160 1485 1186 se
1508 1160 1572 1187 re-

132 1221 226 1248 rum
257 1208 537 1264 optimarum,
562 1217 724 1263 quanta
755 1208 793 1248 ei
825 1221 924 1248 cum
948 1206 1028 1247 illis
1060 1205 1244 1256 sceleris,
1267 1203 1472 1254 libidiniS,
1496 1219 1571 1244 au-

130 1265 299 1307 daciae?
328 1265 444 1321 quod
465 1265 679 1322 flagitium
713 1264 917 1306 Lentulus
949 1278 1034 1304 non
1058 1278 1156 1305 cum
1178 1261 1393 1302 Autronio
1415 1275 1615 1308 conce-p.
1639 1271 1719 1305 ιτα,

131 1323 228 1379 pit?
270 1323 387 1378 quod
426 1323 516 1364 sine
546 1323 695 1364 eodem
721 1323 792 1363 1110
825 1320 1015 1363 Catilina
1036 1321 1204 1362 facinus
1239 1318 1440 1361 admisit?
1471 1322 1612 1359 cuma·

134 1379 308 1421 interim
340 1379 458 1421 Sulla
487 1395 586 1422 cum
617 1380 777 1421 eisdem
809 1379 890 1420 illis
921 1393 1006 1420 non
1049 1379 1179 1419 modo
1218 1386 1392 1418 noctem
1423 1376 1574 1416 solitu-

133 1437 365 1493 dinemque
387 1452 474 1478 non
495 1446 721 1493 quaereret,
745 1437 816 1478 sed
852 1451 906 1477 ne
938 1436 1142 1477 mediocri
1175 1435 1348 1491 quidem
1380 1447 1576 1474 sermone

135 1503 180 1535 et
213 1509 446 1551 congressu
477 1495 828 1551 conjungeretur.
889 1493 1016 1534 Illum
1051 1492 1323 1548 Allobroges,
1366 1491 1640 1539 maxima-1¹7

134 1565 228 1592 rum
262 1567 401 1592 rerum
435 1552 644 1593 verissimi
688 1552 866 1603 indices,
909 1551 1029 1592 illum
1061 1551 1294 1591 multorum
1328 1548 1483 1590 litterae
1525 1563 1577 1589 ac

131 1609 272 1650 nuntii
297 1618 610 1665 coarguerunt:
642 1609 804 1650 Sullam
837 1609 1000 1650 interea
1031 1622 1158 1649 nemo
1192 1605 1470 1656 insimulavit,
1503 1620 1576 1646 ne-

132 1680 204 1708 mo
227 1667 482 1708 nominavit.
547 1667 788 1718 Postremo,
819 1667 960 1722 ejecto
984 1665 1073 1706 sive
1094 1665 1251 1706 emisso
1267 1665 1360 1721 jam
1390 1679 1444 1704 ex
1470 1664 1578 1704 urbe

135 1723 338 1774 Catilina,
361 1724 430 1765 1110
451 1739 569 1766 arma
590 1724 722 1776 misit,
745 1738 920 1774 cornua,
945 1724 1085 1774 tubas,
1108 1722 1253 1773 falces,
1277 1722 1415 1777 signa,
1441 1721 1577 1777 legio-

133 1795 230 1823 nes:
281 1782 350 1822 1110
391 1781 566 1823 relictus
606 1782 736 1834 intus,
770 1790 1049 1839 exspectatus
1081 1779 1201 1830 foris,
1240 1779 1409 1820 Lentuli
1443 1793 1578 1834 poena

132 1853 415 1895 compressus,
438 1840 654 1881 convertit
676 1855 720 1880 se
749 1839 982 1895 aliquando
1014 1838 1067 1879 ad
1091 1839 1305 1888 timorem,
1342 1850 1577 1890 numquam

129 1896 184 1937 ad
207 1898 449 1938 sanitatem.
482 1897 554 1938 hic
587 1908 738 1938 eontra
770 1897 834 1938 ita
863 1896 1044 1951 quievit,
1076 1905 1124 1937 ut
1145 1910 1197 1936 00
1229 1904 1424 1950 tempore
1457 1892 1578 1934 omni

133 1953 322 2010 Neapoli
353 1954 497 2006 fuerit,
535 1956 608 1996 ubi
640 1968 780 2010 neque
809 1954 1008 1995 homines
1040 1953 1171 1994 fuisse
1208 1960 1415 2009 putantur
1445 1950 1578 2005 hujus

131 2011 281 2052 affines
301 2012 583 2067 suspicionis;
614 2022 657 2053 et
679 2013 797 2054 locus
819 2020 883 2053 est
905 2012 998 2068 ipse
1019 2026 1107 2052 11011
1127 2021 1215 2051 tam
1230 2011 1282 2051 ad
1303 2009 1577 2050 inflamman-

133 2068 209 2109 dos
244 2069 592 2111 calamitosorum
627 2070 809 2120 animos,
831 2084 961 2124 quam
994 2069 1047 2110 ad
1084 2068 1368 2109 consolandos
1403 2080 1576 2106 accom-

132 2126 346 2167 modatus.
408 2126 591 2183 Propter
612 2127 723 2168 hanc
747 2127 1056 2183 igiturtantam
1079 2124 1472 2166 dissimilitudinem
1496 2116 1624 2171 lio-6

132 2183 296 2224 minum
330 2194 458 2239 atque
480 2199 719 2235 causarum,
737 2183 990 2225 dissimilem
1026 2197 1093 2224 me
1115 2183 1157 2223 in
1180 2192 1364 2238 utroque
1392 2181 1573 2236 praebui.

136 2239 348 2282 Veniebat
369 2242 484 2282 enim
507 2243 558 2283 ad
591 2256 673 2293 me,
692 2250 735 2283 et
766 2256 881 2298 saepe
913 2241 1129 2292 veniebat,
1150 2239 1404 2289 Autronius,
1428 2237 1573 2278 multis
1590 2248 1640 2282 13

135 2312 234 2339 cum
254 2298 469 2354 lacrymis,
492 2299 690 2355 supplex,
712 2308 758 2340 ut
780 2313 822 2339 se
845 2297 1140 2340 defenderem:
1172 2306 1217 2338 et
1239 2311 1283 2338 se
1306 2310 1448 2337 meum
1471 2310 1576 2336 con-

134 2354 392 2411 discipulum
413 2357 456 2397 in
478 2357 675 2413 pueritia,
689 2356 943 2397 familiarem
968 2356 1012 2398 in
1035 2354 1339 2404 adolescentia,
1363 2353 1576 2409 collegam

136 2412 181 2452 in
211 2424 429 2468 quaestura
450 2415 820 2456 commemorabat
841 2413 996 2455 fuisse:
1029 2413 1164 2454 multa
1194 2427 1291 2453 mea
1320 2412 1364 2452 in
1389 2425 1447 2462 se,
1470 2425 1578 2451 non-

135 2469 252 2510 nulla
271 2471 398 2512 etiam
423 2486 500 2512 sua
521 2472 564 2512 in
587 2486 654 2512 me
677 2470 924 2527 proferebat
945 2471 1105 2512 officia.
1136 2470 1293 2525 quibus
1323 2483 1406 2525 ego
1437 2468 1577 2518 rebus,

129 2527 314 2582 judices,
346 2529 407 2570 ita
428 2529 633 2570 flectebar
656 2529 801 2571 animo
832 2537 961 2584 atque
994 2527 1239 2583 frangebar,
1273 2536 1321 2567 ut
1358 2527 1485 2567 etiam
1521 2539 1579 2566 ex

137 2585 359 2637 memoria,
372 2601 476 2641 quas
499 2587 607 2627 mihi
629 2586 711 2642 ipsi
727 2585 887 2627 fecerat
912 2585 1104 2636 insidias,
1118 2585 1398 2641 deponerem:
1423 2592 1467 2623 ut
1482 2581 1578 2637 jam

139 2640 377 2704 immissum
396 2658 486 2684 esse
507 2645 562 2684 ab
583 2658 635 2685 eo
651 2643 703 2685 C.
720 2643 985 2695 Cornelium,
1007 2643 1081 2698 qui
1103 2657 1173 2683 me
1196 2643 1238 2683 in
1262 2642 1433 2682 sedibus
1457 2639 1577 2689 meis,

138 2712 183 2738 111
203 2710 438 2756 conspectu
461 2702 607 2742 uxoris
637 2715 745 2742 meae
768 2716 818 2742 ac
838 2700 1072 2742 liberorum
1104 2714 1296 2741 meorum
1331 2697 1579 2747 trucidaret,

140 2754 425 2798 obliviscerer.
447 2773 544 2813 quae
568 2759 602 2799 si
622 2757 674 2799 de
697 2773 784 2799 uno
797 2772 866 2799 me
878 2759 1142 2814 cogitasset;
1171 2772 1256 2812 qua
1277 2755 1460 2796 mollitia
1484 2768 1579 2794 sum

137 2812 267 2854 animi
303 2828 353 2856 ac
384 2815 573 2867 lenitate,
603 2830 840 2871 numquam
872 2815 1118 2863 mehercule
1150 2814 1261 2858 illius
1295 2811 1496 2868 lacrymis
1529 2826 1579 2851 ac
