1812 3147
514 120 633 160 PRO
660 118 892 156 ARCHIA
917 117 1124 158 POETA.
1462 122 1538 156 805

104 229 287 267 tractata
306 229 384 275 est,
410 222 472 264 uti
494 237 629 279 prope
649 237 764 264 novo
785 222 973 278 quodam
995 230 1039 262 et
1060 221 1268 263 inusitato
1291 236 1446 278 genere
1473 224 1540 264 di-

100 280 243 322 cendi.
302 280 432 327 Quod
458 280 490 320 si
514 281 621 321 mihi
654 296 679 321 a
708 280 830 320 vobis
864 279 994 320 tribui
1029 279 1296 334 concedique
1330 281 1575 323 sentiam&-

100 338 319 393 perficiam
344 337 555 394 profecto,
581 347 627 378 ut
648 338 763 379 hunc
786 336 840 377 A.
866 336 1079 378 Licinium
1105 351 1191 376 non
1213 336 1343 377 modo
1367 351 1452 377 non
1476 352 1540 377 sc-

99 395 381 452 gregandum,
403 410 501 436 cum
531 395 586 435 sit
606 395 728 445 civis,
751 410 775 435 a
803 408 980 436 numero
1005 394 1192 445 civium,
1225 407 1370 434 verum
1393 395 1539 445 etiam,

99 452 134 493 si
157 467 244 494 non
265 462 390 503 esset,
413 453 574 508 putetis
596 452 922 493 adsciscendum
946 450 1092 492 fuisse.

155 509 271 551 Nam
296 519 342 551 ut
364 511 549 566 primum
573 524 627 551 ex
654 509 796 566 pueris
823 508 1010 550 excessit
1030 508 1229 558 Archias,
1251 517 1381 563 atque
1405 509 1459 549 ab
1487 507 1582 556 iisss

99 567 279 619 artibus,
301 568 457 623 quibus
482 579 585 608 aetas
610 567 782 623 puerilis
805 567 856 607 ad
884 566 1196 607 humanitatem
1220 565 1442 606 informari
1471 580 1540 606 so-

100 623 172 675 let,
200 639 244 666 se
266 625 320 666 ad
352 625 565 666 scribendi
601 625 790 665 studium
815 623 1018 665 contulit:
1062 624 1246 679 primum
1285 622 1535 663 Antiochiae

96 686 217 733 (nam
240 683 301 723 ibi
324 692 448 723 natus
471 692 549 731 est,
569 681 663 723 loco
687 681 838 731 nobili,
857 681 1013 722 celebri
1033 681 1248 736 quondam
1272 681 1378 721 urbe
1399 691 1443 720 et
1464 695 1538 719 co-

99 739 236 795 piosa,
260 749 389 795 atque
419 739 718 780 eruditissimis
744 738 991 779 hominibus
1022 737 1415 792 liberalissimisque
1448 748 1537 777 stu-

100 796 182 839 diis
205 797 418 847 affluenti)
442 796 667 838 5celeriter
697 795 948 837 antecellere
973 796 1173 837 omuibus
1206 796 1367 850 ingenii
1401 793 1539 851 gloria

99 855 302 911 contigit.
330 863 428 910 post
449 854 492 895 in
516 854 667 895 ceteris
689 853 805 895 Asiae
828 853 1035 909 partibus,
1054 863 1310 907 cunctaeque
1333 852 1536 903 Graeciae,

97 911 160 953 sic
181 911 272 967 ejus
294 912 503 953 adventus
523 911 864 961 celebrabantur,
883 920 931 951 ut
950 910 1108 951 famam
1128 910 1289 966 ingenii
1310 919 1536 965 exspecta-

97 968 160 1010 tio
183 968 387 1020 hominis,
414 970 785 1025 exspectationem
816 967 949 1024 ipsius
980 968 1189 1008 adventus
1220 966 1534 1021 admiratioque

95 1035 330 1083 superaret.
393 1026 495 1067 Erat
521 1026 646 1067 [talia
665 1036 766 1067 tunc
789 1026 914 1081 plena
935 1040 1175 1081 graecarum
1197 1025 1353 1065 artium
1377 1039 1426 1065 ac
1449 1025 1568 1076 dis-5

94 1083 378 1139 ciplinarum:
412 1084 639 1139 studiaque
670 1084 763 1124 liaec
793 1094 837 1123 et
869 1083 911 1123 in
949 1083 1072 1124 Latio
1106 1082 1405 1123 vehementius
1441 1092 1532 1122 tum

96 1141 363 1192 colebantur,
390 1156 519 1197 quam
555 1156 668 1182 nunc
703 1140 853 1181 iisdem
888 1140 931 1180 in
965 1140 1150 1196 oppidis,
1184 1149 1228 1181 et
1258 1140 1330 1181 hic
1363 1139 1533 1190 Romae,

97 1208 274 1255 propter
297 1198 650 1255 tranquillitatem
671 1198 935 1254 reipublicae,
950 1213 1035 1238 non
1056 1197 1402 1254 negligebantur.
1447 1196 1534 1237 Ita-
1546 1211 1580 1242 ¹0.

95 1270 182 1311 que
206 1256 321 1297 hunc
344 1268 387 1297 et
415 1256 653 1308 Tarentini,
675 1268 718 1297 et
743 1256 951 1311 Rhegini,
973 1266 1016 1296 et
1041 1254 1335 1310 Neapolitani,
1358 1254 1536 1295 civitate

93 1314 334 1370 ceterisque
357 1314 545 1370 praemiis
577 1314 816 1355 donarunt:
850 1324 893 1353 et
914 1327 1077 1364 omnes,
1099 1313 1173 1368 qni
1206 1312 1367 1367 aliquid
1392 1311 1445 1352 de
1471 1311 1536 1352 in-

97 1371 236 1427 geniis
260 1381 459 1427 poterant
476 1371 688 1426 judicare,
709 1371 962 1427 cognitione
987 1381 1116 1426 atque
1139 1370 1328 1426 hospitio
1354 1369 1535 1426 dignum

95 1429 414 1477 existimarunt.
477 1429 574 1470 Hac
599 1439 718 1470 tanta
739 1428 988 1469 celebritate
1011 1427 1138 1468 famae
1161 1441 1260 1468 cum
1284 1438 1393 1467 esset
1416 1426 1538 1481 6jam

97 1487 347 1527 absentibus
379 1496 521 1537 notus,
547 1486 732 1527 Romam
766 1487 898 1536 venit,
922 1485 1067 1526 Mario
1092 1484 1266 1526 consule
1297 1495 1341 1524 et
1364 1483 1536 1525 Catulo.

96 1553 249 1585 nactus
273 1553 338 1584 est
363 1543 551 1600 primum
581 1543 778 1585 consules
809 1557 897 1593 θος,
920 1558 1103 1598 quorum
1134 1542 1240 1583 alter
1262 1556 1326 1582 res
1357 1542 1408 1583 ad
1436 1541 1535 1582 scri.-

98 1601 285 1642 bendum
317 1601 542 1653 maximas,
574 1601 680 1642 alter
710 1616 810 1642 cum
845 1615 910 1641 res
942 1611 1100 1656 gestas,
1132 1610 1222 1641 tuin
1255 1599 1386 1640 etiam
1411 1604 1426 1634 7
1449 1609 1538 1640 stu-

95 1658 216 1700 dium
248 1667 377 1713 atque
411 1674 532 1700 aures
565 1658 770 1700 adhibere
801 1668 959 1713 posset.
1022 1658 1178 1698 Statim
1222 1656 1402 1707 Luculli,
1438 1671 1537 1698 cum

95 1726 380 1773 praetextatus
400 1717 530 1757 etiam
554 1727 645 1757 tum
667 1716 851 1758 Archias
872 1725 998 1767 esset,
1021 1730 1117 1756 eum
1139 1716 1315 1756 domum
1334 1729 1453 1754 suam
1475 1728 1538 1754 re·

95 1782 317 1830 ceperunt.
350 1774 423 1815 sed
448 1774 579 1815 etiam
609 1774 693 1815 hoc
722 1789 810 1815 non
842 1773 980 1814 solum
1004 1773 1168 1830 ingenii
1199 1787 1250 1813 ac
1281 1772 1534 1822 litterarum,

94 1845 242 1872 verum
273 1831 404 1872 etiam
435 1841 601 1873 naturae
633 1841 763 1887 atque
790 1832 977 1882 virtutis,
1000 1840 1048 1872 ut
1080 1831 1248 1880 domus,
1276 1844 1373 1885 quae
1406 1829 1535 1884 liujus

94 1888 397 1930 adolescentiae
420 1890 560 1945 prima
581 1888 725 1940 fuerit,
748 1889 897 1931 eadem
922 1899 1033 1930 esset
1055 1887 1389 1929 familiarissima
1416 1901 1536 1927 sene-

95 1947 222 1987 ctuti.
284 1945 388 1987 Erat
410 1947 677 2003 temporibus
699 1947 781 1988 illis
806 1946 1027 2003 jucundus
1051 1946 1108 1993 Q.
1132 1944 1330 1995 bletello,
1354 1944 1413 1985 illi
1443 1944 1572 1985 Nu-(i

94 2003 270 2054 midicO,
293 2015 336 2045 et
356 2004 449 2059 ejus
473 2004 555 2046 Pio
578 2004 682 2046 filio.
714 2005 970 2046 audiebatur
991 2020 1017 2046 a
1040 2003 1106 2044 M.
1127 2003 1328 2045 AEmilioz
1364 2002 1538 2043 vivebat

92 2075 194 2103 cum
226 2061 283 2108 Q.
315 2061 488 2113 Catulo,
512 2071 556 2103 et
588 2073 724 2118 patre,
754 2072 798 2103 et
825 2062 930 2104 filio.
961 2077 986 2103 a
1017 2061 1066 2102 L.
1102 2061 1258 2102 Crasso
1291 2059 1535 2102 colebaturz

97 2118 297 2167 Lucullos
331 2133 444 2170 vero,
468 2130 513 2161 et
536 2119 742 2172 Drusum,
764 2130 808 2161 et
830 2120 1055 2170 Octavios,
1078 2129 1121 2160 et
1144 2118 1372 2167 Catonem,
1395 2126 1439 2158 et
1470 2126 1538 2158 to-

96 2186 184 2224 tam
216 2176 552 2219 Hortensiorum
590 2178 782 2230 domum,
814 2178 1061 2219 devinctam
1093 2175 1404 2218 consuetudine
1434 2189 1536 2215 cum

95 2242 272 2285 teneret,
295 2234 565 2276 afficiebatur
596 2251 766 2276 summo
788 2235 977 2277 honore:
1010 2234 1126 2290 quod
1147 2248 1248 2275 eum
1278 2248 1365 2274 non
1397 2231 1535 2273 solum

93 2290 312 2342 colebant,
330 2292 404 2347 qui
431 2292 593 2348 aliquid
616 2293 836 2350 percipere
864 2303 992 2348 atque
1024 2292 1171 2333 audire
1193 2291 1439 2341 studebant,
1465 2305 1536 2330 vc-

94 2363 188 2390 rum
210 2350 356 2400 etiam,
379 2350 413 2390 si
435 2352 509 2405 qui
532 2351 643 2392 forte
663 2351 937 2392 simulabant.
999 2349 1178 2391 Interim
1197 2350 1300 2390 satis
1319 2348 1450 2403 longo
1472 2336 1581 2388 iil-4

94 2406 286 2458 tervallo,
309 2421 409 2448 cum
438 2417 550 2449 esset
571 2423 671 2450 cum
704 2408 753 2450 L.
787 2409 966 2450 Lucullo
998 2409 1042 2449 in
1075 2406 1268 2448 Siciliam
1300 2405 1535 2462 profectus,

92 2473 137 2505 et
158 2479 257 2505 cum
280 2479 334 2505 ex
355 2479 408 2506 ea
429 2466 653 2521 provincia
685 2481 783 2508 cum
813 2467 964 2508 eodem
990 2465 1170 2506 Lucullo
1201 2465 1443 2513 decederet,
1466 2477 1538 2502 ve-

93 2521 160 2567 nit
183 2520 455 2564 Heracleam.
516 2523 630 2570 Quae
653 2539 752 2565 cum
782 2534 894 2565 esset
915 2524 1069 2566 civitas
1093 2522 1341 2578 aequissimo
1366 2521 1466 2576 jure
1488 2534 1538 2560 ac

132 2653 150 2681 5
175 2653 322 2683 celeriter
335 2655 528 2684 antecellere
540 2654 690 2694 contigit]
714 2654 792 2685 Non
836 2654 895 2685 illa
916 2665 983 2686 non
1009 2655 1181 2691 Romanis,
1206 2653 1261 2684 sed
1276 2652 1405 2683 Archiae
1423 2659 1540 2679 conve-

91 2695 171 2723 satis
195 2694 258 2724 hoc
283 2696 449 2726 consentit
477 2697 586 2728 initio.
641 2697 795 2727 Arbitror
838 2697 902 2734 nit,
918 2698 974 2736 qui
997 2698 1112 2728 absens
1135 2697 1171 2727 R‹
1190 2707 1242 2726 ma
1263 2700 1337 2725 tum
1361 2698 1443 2724 erat.
1488 2692 1540 2721 An

93 2741 152 2765 aut
167 2736 195 2765 ei
208 2737 361 2768 excidisse
383 2744 457 2778 post
473 2741 632 2778 celeriter,
648 2744 708 2771 aut
732 2750 789 2780 pro
833 2740 867 2770 iu
884 2739 1118 2770 terminatione
1135 2737 1257 2778 aliquid
1272 2737 1351 2767 latet
1365 2737 1377 2765 ?

92 2779 228 2823 ⁶⁰²²stssst
239 2779 412 2818 legendum
426 2782 530 2820 coepit.
881 2785 898 2815 7
921 2783 1067 2812 studium
1092 2786 1189 2821 arque
1204 2779 1317 2818 aures]
1344 2778 1415 2818 Ipse
1430 2785 1540 2807 versus

137 2820 157 2849 6
169 2830 249 2866 Jayn
274 2822 457 2853 absentibus
484 2824 591 2863 notus]
631 2823 795 2855 Usitatius
837 2824 977 2854 scribere
996 2822 1169 2865 (statuum)
1188 2828 1221 2853 et
1245 2821 1366 2851 sentire
1380 2819 1540 2861 pulcritu-

95 2861 181 2903 {oret
192 2873 273 2904 Jam
292 2865 406 2896 absens
427 2870 530 2897 notus.
555 2876 632 2897 nam
648 2867 797 2898 absentia
838 2867 948 2897 dinem
963 2867 1147 2897 carminum
1164 2870 1284 2906 posset.
