1812 3147
595 103 713 142 PRO
739 105 781 142 P.
809 103 1011 142 SULLA.
1445 110 1522 149 '789

91 206 339 263 susceperit.
400 204 483 246 Sed
513 206 616 261 quid
638 217 703 248 est
734 207 922 257 tandem,
943 206 1060 262 quod
1092 207 1256 248 indicat
1283 223 1359 264 per
1389 210 1519 251 istum

87 279 268 322 puerum
293 261 547 304 Cornelius?
581 264 625 304 Si
648 274 713 305 est
737 279 867 305 causa
887 264 993 305 mihi
1018 264 1182 320 ignota,
1204 279 1302 306 cum
1330 265 1522 308 Horten-

89 322 152 363 sio
183 320 526 371 communicata;
559 321 813 376 respondeat
836 321 1112 363 Hortensius.
1145 321 1209 361 sin
1238 333 1283 364 tu
1307 323 1367 362 ais
1403 322 1521 364 illum

88 379 344 420 comitatum
367 376 569 418 Autronii
591 389 634 418 ct
659 377 876 429 Catilinae,
898 393 998 419 cum
1020 379 1062 418 in
1094 392 1264 434 campo,
1287 380 1521 420 consulari-

90 437 169 477 bus
199 433 402 484 comitiis,
424 448 520 488 quae
551 450 577 475 a
606 450 674 476 me
698 435 845 476 habita
875 445 988 485 sunt,
1010 435 1173 476 caedem
1204 435 1344 476 facere
1378 436 1522 476 volue-

89 501 211 534 runt:
243 490 503 532 Autronium
528 501 617 532 tum
641 493 685 533 in
713 507 868 548 campo
891 493 1098 533 vidimus:
1130 502 1187 542 et,
1210 493 1312 547 quid
1343 493 1435 533 dixi
1462 494 1522 533 vi-

88 549 200 590 disse
221 551 331 590 nos?
389 547 480 603 Ego
508 549 612 590 vidi.
644 564 718 590 vos
740 551 855 591 enim
880 559 986 600 tum,
1011 549 1196 603 judieeS‚
1220 549 1328 590 nihil
1357 549 1523 590 labora-

90 606 216 657 batis,
255 620 394 660 neque
434 606 782 661 suspicabamini.
845 606 940 663 Ego
984 615 1122 647 tectus
1160 606 1362 661 praesidio
1398 606 1522 647 firmo

32 679 34 681 ’
88 664 339 712 amicorum,
365 662 563 704 Catilinae
588 673 680 703 tum
704 675 747 705 et
772 663 975 705 Autronii
999 663 1145 718 copias
1167 673 1211 704 et
1232 674 1435 705 conatum
1458 678 1523 704 re-

90 721 237 777 pressi.
299 720 417 761 Num
439 721 533 775 quis
555 731 619 760 est
639 722 785 776 igitur,
808 723 879 775 qui
905 731 996 761 tum
1024 720 1140 761 dicat
1159 721 1201 760 in
1225 735 1425 776 eampum
1448 721 1521 761 ad-
1534 745 1582 778 52

92 778 273 834 spirasse
305 778 496 818 Sullam?
545 777 679 832 Atqui
712 779 745 818 si
776 789 865 819 tum
900 791 943 818 se
967 792 1066 818 eum
1098 777 1288 818 Catilina
1318 779 1651 832 societatep.177.

90 835 258 876 sceleris
281 835 580 890 conjunxerat,
603 849 677 875 cur
698 836 752 876 ab
774 850 824 875 eo
846 835 1117 876 discedebat?
1145 849 1220 875 cur
1241 849 1340 876 cum
1364 834 1523 876 Autro-
1535 845 1563 865 a.

90 891 165 933 nio
186 906 273 933 non
293 894 407 933 erat?
439 906 514 932 cur
537 892 578 932 in
603 893 691 947 pari
716 907 843 932 causa
866 907 949 933 non
971 891 1089 947 paria
1110 892 1233 947 signa
1254 893 1524 948 reperiuntur

91 949 313 991 criminis?
375 949 457 989 Sed
489 951 691 1003 quoniam
719 950 944 990 Cornelius
976 950 1066 1004 ipse
1087 949 1218 989 etiam
1248 963 1362 990 nuuc
1384 951 1436 990 de
1458 950 1524 990 in-

91 1005 276 1048 dicando
303 1005 488 1057 dubitat,
512 1018 557 1047 ut
580 1006 738 1056 dicitis,
769 1007 805 1036 6¹
823 1006 1027 1047 informat
1053 1005 1193 1046 adhuc
1221 1007 1523 1049 adumbratum

92 1063 299 1104 indicium
332 1062 433 1104 filii:
466 1064 568 1118 quid
601 1064 772 1104 tandem
804 1064 855 1104 de
881 1063 951 1104 illa
984 1074 1110 1104 nocte
1139 1063 1261 1114 dicit,
1283 1079 1379 1104 cum
1415 1065 1525 1104 iuter

94 1119 290 1162 falcarios
332 1121 384 1161 ad
428 1119 495 1161 M.
541 1121 737 1171 Leccam,
776 1131 903 1162 nocte
944 1134 1007 1169 en,
1050 1135 1148 1175 quae
1189 1132 1421 1162 consecuta
1460 1131 1526 1161 est

91 1177 133 1209 ⁶2
147 1187 365 1234 posterum
395 1178 507 1218 diem
533 1193 740 1218 nonarum
771 1178 986 1219 Novemb.
1017 1192 1087 1218 me
1109 1177 1297 1228 consule,
1324 1177 1525 1219 Catilinae

95 1232 427 1276 denunciatione
447 1236 648 1276 convenit
713 1250 809 1291 quae
831 1250 921 1276 nox
943 1235 1136 1276 omnium
1160 1245 1402 1291 temporum
1423 1250 1527 1276 eon-

87 1291 320 1347 jurationis
350 1293 557 1333 acerrima
580 1293 663 1333 fuit
686 1304 813 1348 atque
843 1292 1130 1334 acerbissima.
1192 1291 1302 1332 Tum
1327 1292 1527 1334 Catilinae

95 1349 185 1392 dies
207 1350 408 1400 exeundi,
430 1359 523 1390 tum
548 1351 699 1391 ceteris
720 1351 920 1391 manendi
950 1349 1158 1400 conditio,
1183 1360 1273 1390 tum
1295 1350 1528 1406 descriptio

95 1417 232 1447 totam
253 1421 330 1463 per
352 1408 501 1448 urbem
533 1408 663 1448 caedis
695 1419 822 1462 atque
845 1407 1140 1447 incendiorum
1173 1408 1408 1448 constituta
1438 1417 1527 1449 est:

97 1473 202 1505 tunc
225 1474 322 1505 tuus
346 1474 479 1520 pater,
503 1464 690 1514 Corneli,
706 1465 745 1505 id
771 1465 884 1520 quod
907 1464 1075 1504 tandem
1097 1463 1326 1518 aliquando
1349 1464 1528 1506 confite-

95 1530 180 1572 tur,
213 1521 327 1562 illam
358 1522 439 1562 sibi
469 1521 708 1562 officiosam
741 1522 1007 1578 provinciam
1036 1521 1306 1576 depoposcit,
1338 1532 1398 1572 ut,
1429 1537 1528 1563 eum

94 1579 235 1635 prima
274 1579 367 1620 luce
412 1578 629 1619 consulem
683 1579 913 1620 salutatum
955 1579 994 1609 63
1016 1580 1213 1628 venisset,
1258 1579 1529 1620 intromissus

93 1650 193 1677 meo
222 1650 341 1677 more
364 1644 408 1677 et
430 1636 529 1691 jure
553 1636 773 1687 amiciriae,
794 1651 863 1677 me
894 1637 935 1676 in
965 1649 1061 1676 meo
1092 1635 1247 1676 lectulo
1281 1637 1526 1677 trucidaret.

96 1692 198 1734 Hoc
227 1703 432 1750 tempore,
456 1708 554 1734 eum
586 1694 751 1734 arderet
777 1694 983 1735 acerrime
1013 1693 1281 1748 conjuratio:
1314 1709 1413 1734 cum
1443 1694 1526 1735 Ca-
1545 1703 1610 1758 19

93 1749 218 1791 tilina
234 1750 507 1806 egrederetur
524 1751 576 1792 ad
598 1752 859 1802 exercitun13
894 1750 1099 1791 Lentulus
1121 1751 1164 1791 in
1191 1751 1296 1792 urbe
1317 1752 1526 1807 rclinque-
1542 1778 1588 1810 ¹53

95 1818 237 1849 retur:
284 1807 457 1849 Cassius
499 1808 723 1859 incendiis,
765 1808 986 1864 Cethegus
1029 1808 1138 1848 caedi
1181 1800 1549 1864 praeponereturs

97 1863 328 1917 Autronio,
349 1875 396 1906 ut
417 1876 650 1921 occuparet
673 1865 902 1916 Etruriam,
924 1865 1295 1921 praescriberetur:
1321 1881 1419 1906 cum
1439 1881 1531 1906 om-

97 1923 171 1962 nia
192 1922 502 1974 ordinarentur,
526 1924 865 1973 instituerentur,
890 1933 1165 1978 pararentur:
1198 1923 1272 1963 ubi
1295 1922 1378 1964 fuit
1401 1923 1533 1974 Sulla,

101 1978 304 2022 Corneli?
347 1980 465 2021 Num
492 1980 669 2023 Romae?
701 1982 832 2021 immo
857 1981 984 2036 longe
1007 1979 1160 2020 abfuit.
1215 1980 1333 2021 Num
1361 1981 1458 2021 64ἰη
1483 1981 1533 2021 iis

98 2037 361 2092 regionibus,
383 2052 468 2092 quo
491 2052 535 2078 se
558 2037 746 2079 Catilina
770 2037 1009 2078 inferebat?
1040 2037 1175 2077 multo
1195 2037 1324 2078 etiam
1348 2037 1533 2094 longiuS.

101 2093 218 2134 Num
241 2093 286 2135 in
313 2109 417 2149 agro
441 2094 647 2146 Camerti,
674 2095 849 2146 Piceno,
873 2094 1068 2145 Gallieo;
1100 2109 1204 2149 quas
1229 2109 1324 2135 oras
1346 2097 1535 2136 maxime

98 2151 218 2205 quasi
250 2152 425 2192 morbus
456 2153 628 2207 quidam
660 2152 771 2193 illius
807 2152 961 2193 furoris
996 2156 1266 2207 pervaserat?
1298 2152 1404 2192 nihil
1436 2167 1535 2194 vero

100 2208 254 2262 minuS.
287 2208 369 2250 fuit
401 2210 532 2261 enim,
566 2220 612 2250 ut
641 2210 735 2266 jam
769 2219 868 2250 aute
898 2209 1006 2259 dixi,
1042 2209 1252 2265 Neapoli:
1289 2210 1372 2250 fuit
1411 2211 1454 2251 in
1487 2225 1536 2251 ea

142 2338 179 2369 61
204 2337 361 2378 informat
385 2341 492 2371 adhuc
506 2341 686 2382 ad.i.filii]
713 2341 794 2372 Haee
879 2340 919 2371 63
943 2339 1080 2378 veniret]
1108 2339 1214 2369 Immo
1240 2340 1395 2370 venisset.-
1423 2339 1536 2379 vulga—

99 2385 151 2410 est
173 2379 271 2412 lectio
295 2383 366 2413 edd.
387 2388 469 2414 vett.
490 2394 588 2423 quam
602 2385 749 2423 sequitur
761 2388 795 2414 et
837 2387 912 2412 tum
928 2383 1081 2412 xitiosum
1098 2384 1143 2412 ita
1157 2388 1219 2419 est,
1235 2387 1274 2411 ut
1288 2391 1321 2412 et
1337 2383 1398 2412 tiro
1414 2384 1536 2412 sentire

99 2422 258 2460 Graevius,
277 2425 338 2455 nisi
361 2426 447 2464 quod
468 2436 527 2467 pro
550 2427 658 2457 adhuc
672 2426 794 2457 habent
838 2425 954 2455 vitium
970 2424 1096 2455 debeat.

99 2466 276 2505 antiquiori
303 2468 465 2507 scriptura
493 2469 606 2506 adhoc,
631 2468 718 2498 unde
747 2468 795 2498 fa-
881 2468 921 2497 64
943 2468 978 2497 in
994 2468 1033 2496 iis
1047 2467 1242 2505 regionibus,
1255 2476 1314 2506 quo
1327 2476 1358 2496 se
1377 2466 1472 2497 Catil.
1489 2467 1537 2496 in-

99 2511 191 2537 ctum
207 2509 252 2538 ad
271 2510 336 2539 Ιωε.
391 2511 509 2540 Sensus
529 2520 600 2548 esr3
624 2511 729 2541 adhue
748 2511 795 2540 la·
827 2508 978 2549 ferebar]
1005 2509 1066 2539 Pro
1082 2511 1266 2547 regionam
1287 2509 1320 2538 iu
1336 2509 1406 2539 cdd.
1425 2519 1471 2549 pr.
1487 2515 1537 2538 est

101 2548 194 2580 horat
210 2550 245 2580 in
261 2551 379 2582 iudicio
402 2553 627 2593 componendo
639 2559 672 2583 et
688 2553 797 2583 elabo-
840 2553 1028 2590 legionibus,
1044 2551 1129 2590 quod
1145 2551 1229 2582 male
1241 2551 1432 2582 defendant
1447 2551 1537 2580 Grae-

102 2590 216 2628 rando,
243 2598 282 2623 ut
307 2595 447 2634 speeiem
477 2597 635 2632 maiorem
665 2595 796 2632 habeat,
841 2595 921 2624 vius.
968 2594 1096 2624 Primus
1111 2594 1405 2631 7⁴;›j..¹-iotzebuse1'.i:lit
1419 2594 1536 2629 dunza,

103 2633 190 2671 quod
204 2644 291 2665 nunc
306 2636 391 2666 filius
416 2637 494 2668 rude
513 2644 547 2668 et
569 2638 797 2677 imperfectum
841 2646 938 2675 quem
952 2636 1117 2666 Victorius
1132 2644 1164 2666 et
1182 2636 1235 2666 alii
1250 2637 1351 2666 secuti
1369 2642 1454 2670 ςιιιιῑ,
1468 2636 1537 2664 siue.

103 2675 187 2705 edit:
212 2686 288 2706 nam
303 2677 356 2708 bie
370 2686 419 2708 est
433 2680 667 2710 adumbratum
687 2680 800 2709 inilici-
843 2678 941 2708 dubio
957 2689 975 2708 e
1001 2678 1063 2708 ΜΞ.
1081 2678 1266 2708 Colotirmo.
1288 2678 1415 2712 Yet-his,
1432 2687 1492 2716 quo
1507 2686 1540 2706 se

101 2726 171 2746 um.
196 2717 321 2758 Vulgo:
346 2721 465 2760 izylad
475 2723 532 2752 lmc
545 2732 577 2752 α.
592 2722 748 2762 Asitium.
844 2720 1017 2760 inferebat,
1050 2719 1192 2760 legion&
1223 2731 1288 2750 nou
1327 2721 1540 2754 coza-innunt,

144 2758 185 2789 62
204 2766 366 2797 postet-unt
392 2764 475 2793 diem
504 2774 668 2794 nona-rum
695 2764 796 2803 A'ozu]
845 2763 900 2793 sed
913 2763 1072 2802 regiones,
1119 2763 1296 2793 I·*t1„·1-1-e.2·-„›
1312 2764 1343 2791 ῐῑῑ
1362 2765 1462 2791 lot-:tm
1480 2763 1544 2791 (ιε’ἰ-ι

106 2800 159 2830 Sic
182 2801 290 2834 Tacit.
320 2804 364 2835 H.
393 2805 423 2842 Ι,
451 2805 503 2836 26.
529 2811 654 2845 postero
678 2807 801 2836 I-r‘uezm
844 2815 953 2845 quem,
981 2804 1117 2845 txalicguo‘)
1149 2815 1228 2835 reue
1258 2806 1398 2835 latinum
1425 2810 1488 2834 est.
1512 2814 1541 2836 v.

102 2842 165 2881 [Ee.
191 2843 271 2874 Edd.
287 2851 368 2877 vett.
384 2848 485 2878 nonis.
510 2849 558 2879 An
574 2858 674 2879 nonas
685 2849 700 2879 ,Ρ
716 2848 802 2888 quod
847 2848 929 2877 lntt.
945 2847 986 2878 ad
1001 2847 1073 2878 Liv.
1091 2847 1134 2884 11,
1153 2850 1183 2878 5.

103 2893 183 2916 sane
199 2887 325 2919 melius.
