1785 3185
265 103 364 140 1349.
858 100 1110 138 ORATIO

264 206 318 247 C.
343 205 497 254 Pansa,
529 201 582 243 A.
616 201 800 253 Hirtius,
823 202 1031 254 consules,
1062 202 1181 252 alter,
1204 203 1243 235 89
1257 201 1455 250 ambove,
1477 199 1522 242 S.
1557 197 1606 241 E.
1638 196 1693 240 V.

264 269 590 317 cognoscerent,
611 260 683 314 qui
706 274 808 316 ager
837 260 903 301 his
936 260 1114 301 coloniis
1137 268 1261 309 esset,
1284 273 1368 314 quo
1391 257 1548 298 milites
1577 265 1695 297 vete-

138 789 178 825 φ.
194 786 266 815 205.

269 319 358 360 rani
381 317 554 358 deducti
585 327 740 366 essent,
762 317 834 371 qui
868 325 1017 358 contra
1036 316 1174 371 legem
1203 314 1363 356 Juliam
1391 313 1700 368 possideretur.

269 385 318 415 ut
341 375 375 416 is
394 374 602 415 militibus
622 372 830 413 veteranis
852 373 1134 414 divideretur:
1167 372 1219 412 de
1249 386 1354 427 agro
1378 371 1600 426 Campano
1633 383 1704 410 sea

270 431 455 488 paratim
494 437 818 485 cognoscerent,
859 429 1099 483 inirentque
1136 428 1345 468 rationem
1377 428 1430 468 de
1461 426 1705 468 commodis-

273 488 460 529 militum
491 496 789 527 veteranorum
819 485 1050 539 augendis:
1089 484 1334 539 legionique
1365 483 1554 534 Martiae,
1576 491 1619 522 et
1640 482 1700 522 le-

278 545 396 601 gioni
419 553 598 599 quartae,
622 551 665 582 et
688 541 737 581 iis
770 541 993 592 militibus,
1011 542 1085 595 qui
1107 541 1158 581 de
1177 540 1344 596 legione
1359 541 1557 591 secunda,
1575 539 1701 594 quin-

276 611 322 643 ta
355 601 582 649 tricesima,
612 598 663 638 ad
695 596 747 637 C.
781 597 979 648 Pansam,
1001 597 1055 638 A.
1090 596 1301 648 Hirtium,
1322 597 1532 647 consules,
1560 596 1704 636 venis-

276 668 384 710 sent,
407 670 566 711 suaque
584 655 759 695 nomina
781 654 1020 694 dedissent:
1053 658 1094 688 90
1107 654 1221 708 quod
1249 654 1299 694 iis
1330 654 1560 694 auctoritas
1583 666 1703 693 sena-

278 725 345 756 tus
367 713 600 771 populique
634 710 820 752 Romani
844 710 1015 751 libertas
1037 710 1255 751 carissima
1276 710 1331 752 sit
1351 720 1395 750 et
1415 709 1559 759 fuerit,
1580 723 1708 750 vaca-

279 774 439 813 tionem
453 769 618 811 militiae
638 768 755 823 ipsiS,
775 767 1001 822 liberisque
1020 781 1165 808 eorum
1185 782 1274 808 esse
1289 767 1478 823 placere;
1496 774 1619 806 extra
1636 774 1706 806 tu-

259 829 460 870 ·multum
484 825 699 867 Gallicum
722 824 1029 879 italicumque:
1062 838 1217 878 easque
1239 824 1444 879 legiones,
1467 822 1578 864 bello
1599 836 1706 863 con-

278 886 408 936 fecto,
430 883 578 924 missas
597 881 686 921 fieri
711 880 895 936 placere:
928 889 1216 936 quantamque
1245 880 1470 936 pecuniam
1493 878 1707 920 militibus.

277 957 423 984 earum
444 940 662 995 legionum
684 938 726 978 in
756 937 946 993 singulos
969 938 1021 979 C.
1042 937 1203 988 Caesar,
1230 936 1444 993 pontifex,
1467 944 1706 991 propraetor

275 999 494 1056 pollicitus
536 995 606 1044 sit,
647 1002 810 1035 tantam
849 994 938 1035 dari
970 994 1158 1050 placere:
1192 995 1339 1050 utique
1379 993 1431 1034 C.
1465 993 1619 1043 Pansa,
1649 991 1707 1032 A.

279 1052 466 1104 Hirtius,
494 1051 703 1101 eonsules,
741 1051 860 1100 alter,
891 1052 1088 1101 ambove,
1120 1051 1164 1091 S.
1199 1050 1248 1091 E.
1283 1051 1333 1092 V.
1365 1050 1574 1091 rationem
1615 1047 1710 1104 agri

276 1112 532 1158 9lhabeant‚
564 1107 637 1162 qui
671 1108 760 1148 sine
796 1107 952 1162 injuria
984 1108 1246 1163 privatorum
1279 1107 1414 1148 dividi
1444 1106 1607 1162 possit:
1651 1109 1709 1145 is-

277 1183 361 1223 que
391 1166 599 1208 militibus
622 1164 804 1220 legionis
829 1164 1002 1205 Martiae
1025 1174 1069 1205 et
1098 1163 1281 1219 legionis
1307 1173 1470 1218 quartae
1494 1163 1554 1203 ita
1587 1162 1709 1203 dare-

277 1234 362 1275 tur,
392 1223 696 1278 assignaretur,
719 1230 766 1262 ut
799 1222 954 1276 quibus
985 1221 1195 1261 militibus
1225 1220 1486 1276 amplissime
1514 1219 1618 1269 dati,
1641 1233 1708 1260 as-

280 1280 438 1337 signati
461 1288 616 1320 essent.
679 1278 785 1319 Dixi
810 1279 861 1319 ad
885 1292 935 1319 ea
955 1278 1115 1328 omnia,
1144 1277 1354 1328 consules,
1385 1277 1437 1318 de
1458 1276 1615 1331 quibus
1645 1289 1715 1316 re-

281 1338 464 1380 tulistis:
496 1351 592 1391 quae
624 1335 658 1376 si
682 1335 767 1375 sint
796 1336 887 1376 sine
919 1350 1039 1375 mora
1068 1343 1318 1389 matureque
1339 1334 1524 1382 decreta,
1541 1331 1710 1373 facilius

281 1393 545 1451 apparabitis
567 1407 630 1442 ea,
652 1406 748 1446 quae
772 1400 940 1448 tempus
956 1400 1010 1433 ,ει
1031 1391 1259 1432 necessitas
1282 1391 1465 1446 flagitat.
1487 1388 1712 1430 celeritate*

283 1462 429 1493 nutem
461 1464 568 1505 opus
599 1457 688 1490 est:
720 1463 805 1504 qua
826 1449 858 1489 si
889 1462 1076 1490 essemus
1097 1448 1176 1499 usi,
1199 1447 1371 1499 bellum,
1394 1456 1441 1488 ut
1463 1459 1581 1502 saepe
1599 1444 1709 1498 dixi,

284 1508 452 1549 nullum
473 1506 743 1547 haberemus.
1265 1507 1268 1509 ’

328 1625 369 1656 89
391 1619 539 1659 ambove]
564 1618 592 1650 E
609 1618 751 1657 vestigiis
767 1618 832 1648 Ms.
850 1618 928 1648 Vat.
945 1618 978 1649 in
1021 1618 1180 1649 Gruterus
1194 1627 1261 1648 non
1275 1616 1369 1648 vidit.
1384 1621 1519 1656 eratque
1529 1616 1630 1647 etiam
1643 1614 1715 1646 sine

283 1673 348 1702 quo
370 1662 564 1702 sequebatur
586 1671 654 1697 seu,
671 1659 816 1690 additum
841 1670 859 1690 a
883 1660 978 1690 FaEr-
1021 1660 1111 1691 libris
1126 1659 1322 1691 addendum.

285 1714 328 1736 no
344 1717 350 1734 :
374 1705 407 1735 S.
431 1704 471 1734 E.
486 1703 527 1734 V.
546 1704 569 1733 i.
591 1704 618 1733 si
641 1703 686 1732 ets
698 1703 876 1738 videretur,
893 1702 980 1741 quod
1063 1705 1099 1736 91
1127 1702 1317 1732 lcabeane—
1323 1702 1424 1742 possit
1436 1713 1445 1730 .-
1468 1699 1714 1740 isque—dare-

283 1753 320 1777 et
333 1746 481 1776 Graevius
499 1750 632 1775 secutus
645 1748 705 1774 est.
722 1744 814 1774 bene.
829 1754 905 1774 nam
919 1744 981 1774 hoe
1022 1744 1093 1783 tur]
1118 1744 1346 1775 Inconstantia
1359 1744 1430 1774 haec
1445 1743 1481 1773 in
1493 1742 1712 1783 temporibus,

286 1790 321 1819 in
335 1788 485 1819 omnibus
499 1787 594 1818 sctis
607 1785 750 1822 additur,
765 1796 840 1816 cuin
858 1786 979 1825 aliquid
1021 1792 1054 1816 et
1067 1786 1175 1823 hic,et
1185 1795 1283 1826 supra
1294 1787 1329 1817 in
1341 1786 1501 1827 principio
1508 1784 1605 1824 hujus
1619 1784 1710 1818 SCti.

288 1831 376 1862 Coss.
393 1829 592 1870 praecipitur.
627 1829 680 1858 Sic
695 1832 727 1858 et
742 1828 827 1863 infra
839 1828 977 1858 factum.
1021 1827 1102 1858 mihi
1134 1833 1284 1868 suspecta
1306 1834 1370 1866 est,
1392 1836 1492 1866 eaque
1512 1826 1552 1857 ab
1577 1825 1708 1856 inscitia

330 1875 371 1907 90
392 1871 476 1912 quod
488 1872 528 1900 iis
542 1872 722 1901 auctoritas
741 1869 887 1909 senatus]
912 1870 980 1900 Aa·
1021 1869 1229 1902 librariorum
1250 1879 1277 1903 Β.
1304 1874 1528 1903 correctorum
1546 1868 1626 1901 oriri
1649 1876 1706 1910 ΡΟ·

288 1916 423 1945 etot-icus
438 1919 525 1945 recte
537 1911 685 1944 additum
695 1922 713 1943 e
727 1910 790 1943 Ms.
803 1911 879 1943 Vat.
893 1910 981 1952 quod
1025 1912 1104 1944 tuit.
