1785 3185
447 74 801 116 PHILIPPICA
826 77 1194 116 DUODECIMA.
1440 85 1539 133 1411,

106 179 162 222 ud
182 178 419 230 Mutinam,
439 193 525 233 quo
559 178 734 219 festinat
764 179 945 230 animus,
967 188 1015 221 ut
1043 196 1174 236 quam
1213 181 1396 237 primum
1433 182 1535 225 illud

106 237 263 293 pignus
286 235 493 276 libertatis
513 235 659 290 populi
687 235 874 276 Romani
901 236 957 277 D.
978 236 1175 288 Brutum,
1197 239 1415 294 adspicere
1438 254 1536 295 pos-

106 293 212 334 sim:
243 293 366 347 cujus
390 292 431 332 in
463 291 692 346 complexu
724 292 904 333 libenter
933 302 1174 335 extremum
1205 296 1305 336 vitae
1336 296 1533 352 spiritum

103 349 324 400 ediderim,
358 362 456 389 cum
490 361 636 389 omnes
669 349 858 390 actiones
887 349 1094 390 38horum
1127 351 1351 403 mensium,
1384 367 1531 394 omnes

104 406 328 447 cententiae
350 419 457 446 meae
489 405 758 460 pervenerint
780 406 833 446 ad
855 420 966 457 eum,
997 407 1070 461 qui
1100 406 1205 447 mihi
1234 407 1316 448 fuit
1339 411 1534 464 proposi-

105 472 187 514 tus,
209 463 389 503 exitum.
447 461 551 502 Tres
581 475 698 517 ergo,
722 471 769 503 ut
790 462 897 514 dixi,
921 463 1026 504 viae:
1059 477 1083 503 a
1105 478 1258 519 supero
1288 465 1408 515 mari,
1438 466 1532 507 Fla-

103 519 261 560 minia:
292 520 347 560 ab
372 518 524 570 infero,
554 517 750 560 Aurelia:
783 519 938 569 media,
967 519 1129 560 Cassia.
1190 520 1333 571 Nunc,
1368 536 1591 575 quaeso,23

101 576 326 627 attendite,
344 578 385 610 39
401 589 502 616 num
525 575 691 615 aberret
713 590 737 615 a
755 576 1004 630 conjectura
1026 576 1211 632 suspicio
1235 578 1410 632 periculi
1433 581 1530 620 mei..

102 631 317 674 Etruriam
341 632 604 673 discriminat
639 632 798 672 Cassia.
830 633 1041 673 scimusne
1073 633 1218 688 igitur,
1251 633 1404 684 Pansa,
1437 637 1531 690 qui—

101 690 182 730 bus
213 690 255 730 in
287 689 390 730 locis
422 702 536 729 nunc
566 689 621 729 sit
654 689 857 729 Lentonis
886 688 1102 730 Caescnnii
1127 690 1433 746 septemviralis
1456 708 1530 732 au-

101 746 304 788 ctoritas?
326 746 549 786 nobiscum
572 759 650 786 nec
673 746 816 786 animo
841 755 954 786 certe
972 756 1050 796 est,
1073 761 1151 787 nec
1171 761 1366 802 corpore.
1399 749 1431 788 si
1456 764 1529 790 au·
1542 762 1573 791 P·
1589 754 1660 798 944,-

101 814 185 844 tem
209 813 283 843 aut
304 802 419 843 domi
441 812 520 852 est,
551 811 625 842 aut
646 815 731 842 non
757 801 881 858 longe
903 818 928 842 a
949 803 1101 854 domo,
1135 813 1248 844 certe
1283 803 1325 844 in
1359 803 1571 848 Etruria*

99 870 178 911 est,
202 859 243 900 id
267 869 345 910 est,
368 859 410 899 in
435 858 514 899 via.
556 858 666 905 Quis
689 859 821 913 igitur
844 859 947 899 mihi
972 869 1160 915 praestat,
1185 860 1419 902 Lentonem
1446 877 1529 904 uno

98 916 240 973 capite
271 930 361 956 esse
389 917 674 957 contentum?
707 916 792 956 Dic
813 915 920 957 mihi
945 927 1164 972 praeterea,
1197 917 1351 969 Pansa,
1379 919 1530 961 Venti-

97 973 193 1014 dius
215 973 289 1013 ubi
313 973 381 1023 sit,
403 973 471 1013 cui
497 971 557 1012 fui
582 986 746 1027 semper
776 974 952 1024 amicus,
975 984 1202 1029 antequam
1235 974 1304 1015 ille
1325 975 1530 1031 reipubli-

98 1045 163 1071 cae
186 1029 394 1084 bonisque
412 1029 610 1070 omnibus
634 1038 719 1069 tam
742 1039 887 1084 aperte
908 1038 972 1070 est
994 1030 1132 1071 factus
1156 1031 1370 1072 inimicus.
1425 1032 1530 1081 pos„

97 1101 190 1127 sum
221 1086 411 1128 Cassiam
444 1086 592 1137 vitare,
620 1095 764 1126 tenere
793 1085 1062 1127 Flaminiam.
1093 1088 1211 1142 quid,
1244 1088 1277 1128 si
1302 1088 1529 1132 Anconam

96 1153 146 1185 ut
167 1144 337 1194 dicitur,
360 1143 586 1183 Ventidius
610 1143 798 1184 venerit?
831 1153 1035 1198 poterone
1057 1143 1300 1185 Ariminum
1331 1155 1424 1187 tuto
1459 1162 1529 1189 ac-

97 1201 274 1242 cedere?
300 1200 452 1241 Restat
471 1199 658 1240 Aurelia.
690 1198 761 1240 hic
783 1199 955 1254 quidem
975 1200 1104 1241 etiam
1128 1202 1327 1256 praesidia
1346 1203 1529 1246 habebo.

133 1258 387 1299 ossessiones
420 1257 533 1297 enim
570 1265 670 1297 sunt
707 1256 756 1298 P.
793 1255 951 1298 Clodii.
987 1267 1080 1298 tota
1114 1258 1276 1299 familia
1308 1271 1527 1304 occurret:

97 1271 288 1370 iiospitio
302 1313 527 1365 invitabit3
546 1323 721 1369 propter
738 1312 1075 1355 familiaritatem
1089 1315 1372 1356 notissimam.
1393 1317 1527 1359 Hisce
1548 1326 1612 1374 10

98 1386 181 1427 ego
203 1386 271 1412 me
294 1371 373 1412 viis
395 1371 680 1420 committam,
709 1370 783 1425 qui
813 1369 1125 1412 Terminalibus
1154 1386 1289 1427 nuper
1311 1373 1352 1413 in
1377 1375 1527 1415 subur·
1539 1399 1590 1432 24

99 1429 234 1480 bium,
257 1438 304 1469 ut
325 1427 473 1468 eodem
497 1428 566 1468 die
590 1435 833 1478 reverterer,
853 1427 913 1468 ire
931 1443 1015 1469 non
1037 1443 1128 1469 sum
1148 1434 1301 1471 ausus?
1325 1431 1528 1472 domesti-

97 1485 159 1527 cis
182 1499 250 1526 me
272 1484 505 1541 parietibus
527 1484 600 1524 vix
625 1493 762 1534 tueor,
786 1484 876 1524 sine
899 1485 1131 1526 amicorum
1158 1486 1380 1528 custodiis.
1441 1488 1529 1529 lta-

96 1556 180 1597 que
207 1543 247 1583 in
274 1542 378 1583 urbe
398 1555 566 1582 maneo.
600 1541 632 1580 si
656 1540 817 1591 licebit,
844 1542 1042 1582 manebo.
1075 1543 1168 1583 haec
1191 1557 1286 1583 mea
1311 1544 1428 1585 sedes
1450 1554 1529 1597 est,

94 1599 190 1640 haec
210 1599 369 1655 vigilia,
391 1598 485 1639 liaec
503 1597 711 1647 custodia,
733 1597 816 1638 hoc
836 1599 1081 1653 praesidium
1102 1601 1321 1641 stativum.
1354 1610 1527 1643 teneant

94 1656 164 1697 alii
200 1667 350 1705 castra,
382 1669 527 1710 regna,
555 1668 618 1695 res
652 1654 848 1696 bellicas:
881 1658 922 1685 40
936 1656 1103 1697 oderint
1131 1656 1323 1699 hostem:
1357 1673 1447 1708 nos,
1478 1669 1527 1700 ut

94 1713 292 1764 dicimus,
312 1726 562 1767 semperque
582 1711 776 1761 fecimus,
794 1712 940 1752 urbem
961 1722 1004 1752 et
1023 1727 1085 1753 res
1106 1714 1288 1754 urbanas
1306 1711 1528 1757 vob‘iscum

93 1770 253 1826 pariter
282 1769 512 1810 tuebimur.
573 1768 725 1823 Neque
750 1782 847 1808 vero
878 1783 1026 1809 recuso
1055 1785 1209 1811 munus
1239 1771 1345 1813 hoc:
1379 1787 1530 1827 quam-

95 1841 224 1881 quam
248 1825 453 1882 populum
474 1824 720 1866 Romanum
744 1825 867 1866 video
887 1840 964 1880 pro
986 1841 1054 1866 me
1078 1841 1285 1868 recusare.
1318 1842 1442 1870 nemo
1461 1844 1530 1871 me

93 1885 235 1924 minus
257 1883 446 1934 timidus,
468 1896 595 1922 nemo
618 1881 798 1922 cautior.
829 1896 893 1922 res
916 1883 1117 1925 declarat.
1141 1884 1372 1939 vigesimus
1395 1901 1530 1928 annus

93 1950 174 1991 est,
202 1955 299 1981 cum
327 1953 475 1979 omnes
508 1938 697 1979 scelerati
728 1952 796 1978 me
823 1953 952 1980 unum
986 1949 1152 1996 petunt.
1185 1943 1329 1996 itaque
1351 1942 1447 1998 ipsi,
1479 1958 1531 1985 ne

94 1998 234 2038 dicam
258 1997 379 2046 mihi,
403 1995 650 2051 reipublicae
672 2010 828 2050 poenas
851 1997 1083 2039 dederunt:
1115 2012 1184 2037 me
1207 1999 1369 2039 salvum
1391 1999 1530 2041 adhuc

94 2053 335 2111 respublica
356 2052 626 2094 conservavit
648 2052 744 2093 sibi.
805 2051 974 2094 Timide
996 2054 1079 2095 hoc
1100 2055 1266 2097 dicam:
1305 2056 1393 2097 scio
1416 2057 1530 2098 enim

132 2170 172 2198 38
196 2168 313 2198 horum
338 2165 511 2205 mem-iun]
543 2164 689 2196 Graevius
711 2175 787 2196 cum

90 2204 224 2240 Mureto
238 2208 339 2239 edidit
354 2217 511 2244 mensum,
536 2217 608 2246 quae
628 2207 734 2238 forma
754 2212 788 2238 et

91 2251 169 2281 alibi
184 2251 346 2291 reperitur
359 2251 392 2280 in
409 2249 499 2280 libris
514 2249 692 2280 Ciceronis.
734 2248 790 2279 ln-

89 2293 230 2324 solentia
241 2292 338 2332 hujus
347 2292 462 2322 formae
471 2290 619 2321 turbavit
626 2291 789 2329 librarios,

91 2341 130 2373 ut
145 2335 197 2366 hic
212 2335 320 2365 Guelf.
338 2334 434 2375 plane
450 2333 585 2363 verbum
601 2334 725 2371 omisit,
744 2333 788 2364 H.

89 2377 190 2408 habet
205 2378 368 2407 bonorum.

130 2422 172 2452 39
193 2428 275 2449 num
291 2420 419 2449 aberret
438 2426 459 2447 α
474 2415 661 2456 conjectura
685 2417 789 2457 suspi-

88 2461 137 2491 cio
145 2471 183 2501 p.
199 2459 258 2499 m.]
282 2460 370 2500 Quid
383 2464 451 2490 est:
471 2459 606 2498 suspicio
620 2459 754 2489 aberrat
769 2469 791 2489 α

89 2500 301 2544 conjectura?
323 2511 420 2532 nemo
435 2510 495 2531 nec
509 2500 604 2537 dixit,
621 2510 680 2531 nec
699 2501 787 2531 dixe-

89 2545 144 2575 rit.
187 2545 234 2575 Et
256 2544 395 2584 suspicio
419 2543 489 2583 ipsa
512 2548 560 2572 est
588 2543 788 2582 conjectura.

89 2586 263 2627 Quomodo
279 2584 487 2625 corrigendus
502 2585 545 2615 sit
557 2584 660 2622 loeus,
677 2584 790 2615 diffici-

88 2629 129 2661 lis
143 2634 193 2660 est
207 2628 407 2668 conjectura.
439 2627 524 2657 Mihi
540 2626 631 2656 venit
645 2627 678 2656 in
695 2636 788 2656 men-

86 2675 175 2702 tem:
198 2680 279 2700 num
294 2670 422 2700 aberret
436 2678 457 2699 α
472 2667 656 2708 conjectura
678 2672 787 2698 vestra

85 2713 223 2753 ετιῳὶεὶο
240 2712 380 2752 periculi
400 2711 477 2747 mei,
500 2712 523 2740 i.
545 2720 574 2740 e.
599 2720 641 2740 an
665 2715 787 2758 nostrae

82 2756 282 2795 conjecturae
296 2753 331 2784 in
347 2753 432 2783 idem
448 2752 596 2784 incidant
617 2757 718 2791 atque
735 2762 786 2782 in—

84 2801 136 2828 ter
154 2806 190 2828 se
210 2795 442 2827 consentiant:
466 2793 553 2825 unde
573 2793 786 2833 probabilitas

829 2165 938 2205 aliqua
963 2167 1083 2198 existit.
1104 2172 1214 2198 vestm
1234 2168 1399 2199 absorberi
1422 2171 1530 2210 potuit

830 2217 888 2247 per
909 2208 1139 2249 compendium
1162 2211 1323 2241 scribendi
1345 2210 1531 2252 conjectura

831 2269 907 2290 ura.

874 2305 915 2332 40
939 2302 1064 2333 oderim
1078 2303 1211 2343 hostem]
1231 2303 1304 2335 Hoc
1320 2304 1413 2335 nullo
1433 2305 1532 2337 modo

833 2352 944 2373 verum
955 2348 1005 2374 est
1019 2355 1027 2374 :
1044 2354 1120 2375 nam
1129 2355 1260 2375 sensum
1274 2351 1389 2386 aptum
1403 2348 1533 2379 nullum

832 2384 944 2416 habet.
989 2386 1128 2417 Hostem
1162 2388 1217 2427 qui
1254 2389 1408 2425 oderunt,
1443 2389 1532 2420 domi

833 2432 984 2458 manent.
1006 2438 1066 2458 nec
1085 2431 1286 2468 conjecturae
1301 2431 1438 2470 prolatae
1453 2432 1534 2462 alio-

833 2478 921 2507 rum,
936 2470 1086 2507 odz'erint,
1097 2472 1254 2513 fuderint
1267 2472 1409 2512 placent.
1453 2474 1533 2505 Mox

830 2520 898 2548 ms,
908 2516 947 2542 ut
958 2512 1107 2549 dicimus,
1123 2512 1236 2544 malim
1251 2515 1406 2552 divimus,
1420 2516 1533 2554 paullo

831 2559 908 2583 ante
932 2564 977 2584 sc.
1005 2564 1082 2586 nam
1107 2562 1141 2585 et
1165 2556 1325 2594 sequitur,
1349 2566 1534 2597 semperque

819 2597 979 2634 fecimus.
1003 2597 1064 2627 nisi
1088 2598 1159 2636 quis
1184 2597 1291 2634 malit,
1313 2608 1368 2628 nos
1391 2602 1428 2628 uc
1437 2597 1532 2638 fcta*-

833 2647 924 2666 mus:
958 2647 1034 2668 nam
1058 2644 1131 2669 tum
1161 2639 1300 2669 maxime
1324 2650 1372 2670 res
1394 2641 1535 2671 urbanas

831 2680 988 2709 tuebatur
1003 2684 1038 2710 et
1053 2681 1200 2711 curabat.
1245 2681 1429 2720 Utrumque
1444 2688 1534 2713 certe

830 2721 947 2751 melius
973 2731 1070 2759 quam
1100 2722 1336 2754 Gruterianum
1364 2723 1535 2755 didicimus

830 2762 864 2792 in
879 2763 1102 2803 suspicionum
1115 2764 1213 2796 libro.

743 2838 872 2877 4¹14
