1785 3185
627 119 700 156 ΙΝ
743 118 1069 159 EXILIUM·
1468 121 1564 156 1461

119 234 215 262 rum
238 220 366 264 factis
386 220 628 286 gloriantur
657 222 788 274 cives,
810 222 1013 265 laetantur
1043 222 1164 274 socii,
1187 229 1367 286 gemunt
1392 220 1565 264 hostes:

118 286 182 328 ut,
204 278 239 319 si
262 293 368 336 erga
397 293 475 320 vos
505 278 625 320 omni
656 287 852 343 tempore
881 281 1045 344 optime
1076 279 1137 320 fui
1159 280 1389 330 animatus,
1412 279 1444 320 si
1472 292 1568 319 mea

116 334 310 390 pericula
331 334 532 399 neglexi,
536 335 639 377 dum
662 336 862 378 timorem
885 351 909 377 a
932 337 1070 392 patria
1093 335 1413 392 propulsarem:
1447 335 1480 375 si
1506 350 1565 376 ae-

117 405 203 446 que
233 392 380 434 liberis
405 392 558 433 vestris
592 394 812 449 prospexi,
835 407 885 435 ac
908 407 983 434 vos
1013 393 1264 448 parentibus
1295 393 1561 434 consuestis:

117 458 168 489 ut
208 463 324 491 nunc
357 463 426 490 me
470 449 610 491 velitis
648 451 798 492 vestris
829 450 986 506 opibus
1016 449 1257 501 defensum,
1299 449 1562 490 incolumem

117 505 160 547 in
183 505 266 547 hac
287 506 467 548 civitate
499 506 706 549 retinere:
738 522 836 563 quae
857 521 956 548 cum
979 522 1004 547 a
1034 506 1238 547 scelerata
1259 505 1562 561 conjuratione

113 571 226 604 esset
248 563 438 614 incensa,
460 577 556 604 meo
578 564 710 606 ductu
734 579 784 606 ac
805 564 951 605 labore
973 565 1178 604 restincta
1197 573 1287 605 est:
1320 577 1398 604 nec
1421 563 1561 618 patia-

112 619 221 661 mini
244 635 313 662 me
333 636 358 662 a
375 620 520 662 liberis
543 621 649 662 meis
679 621 959 672 abstractum,
982 636 1006 661 a
1027 621 1216 685 conjwre
1238 620 1482 676 abreptum,
1501 618 1557 659 ab

112 676 198 718 aris
232 676 426 733 focisque
459 678 735 719 innocentem
767 677 1010 734 projectum
1041 680 1174 719 vitam
1207 678 1364 733 degere
1402 677 1447 717 in
1476 690 1554 717 ex-

112 733 225 798 silio,
247 734 474 776 miserrimi
499 735 692 776 m01talis
720 750 866 777 casum
898 735 1055 776 subire.
1118 735 1354 790 Piojicitur
1386 732 1617 775 Tullius30

111 791 157 832 in
178 791 396 833 exsilium.
455 791 516 833 At
538 807 562 833 a
584 794 698 848 quo?
740 793 943 834 nimiium
966 793 1172 834 innocens
1194 792 1280 832 ab
1271 791 1464 842 mimico,
1487 804 1553 831 re-

109 848 290 905 ligiosus
323 864 349 890 a
381 849 602 913 scelerato,
629 849 854 891 benivolus
886 849 988 891 huic
1020 848 1187 890 civitati
1221 849 1275 890 ab
1309 848 1448 889 hoste.
1510 847 1552 889 Ο

111 906 267 947 misera
289 906 390 948 vitae
413 906 539 958 ratio,
559 921 658 962 quae
685 907 848 949 tamdiu
882 907 1039 947 resides
1068 907 1113 947 in
1143 906 1380 962 voluptate,
1401 918 1554 968 quam-

109 962 185 1005 diu
216 962 403 1004 fortunae
440 963 582 1019 poscit
613 963 770 1005 libido!
821 978 959 1020 egone
992 963 1192 1005 inimicus
1224 963 1328 1004 huic
1356 961 1554 1004 civitati?

109 1020 420 1076 quamobrem?
453 1020 556 1076 quia
573 1020 772 1062 inimicos
794 1021 960 1062 necavi.
991 1035 1131 1077 egone
1151 1020 1318 1062 hostis?
1340 1020 1444 1075 quid
1469 1019 1554 1060 ita?

107 1077 213 1133 quia
232 1077 378 1119 hostes
401 1076 613 1119 interfeci.
675 1076 741 1119 En
760 1078 1055 1120 conditionem
1074 1078 1203 1134 hujus
1224 1077 1454 1133 temporis⁸
1477 1090 1554 1116 an-

109 1145 181 1176 tea
199 1134 340 1191 gloria
359 1142 404 1175 et
435 1134 559 1176 laude
580 1135 822 1191 dignissimi
845 1135 1129 1186 ducebantur,
1150 1136 1224 1190 qui
1246 1134 1342 1176 haec
1361 1133 1554 1190 perfece-

107 1202 233 1234 runt:
277 1206 392 1233 nune
425 1191 617 1234 scelerati
628 1169 691 1233 oet
718 1192 943 1249 parricidae
976 1207 1067 1233 esse
1099 1192 1316 1242 dicuntur,
1349 1192 1422 1247 qui
1457 1191 1554 1232 haec

107 1248 477 1290 administratum.
539 1250 636 1291 Sint
658 1264 758 1291 sane
780 1250 997 1292 scelerati.
1017 1258 1189 1306 supeiet
1210 1250 1391 1290 istorum
1413 1247 1553 1290 victo-

108 1306 186 1359 ria,
217 1306 251 1347 si
275 1307 406 1348 modo
438 1307 621 1348 victoria
641 1307 895 1364 appellanda
924 1316 1004 1358 est,
1035 1322 1080 1347 m
1101 1321 1187 1362 qua
1214 1306 1404 1348 civitatis
1440 1306 1552 1347 inest

106 1364 274 1407 luctus:
317 1363 505 1405 habeant
526 1364 638 1406 hane
660 1365 846 1429 palmam
867 1379 922 1405 ex
945 1364 1187 1405 innocentis
1209 1377 1375 1406 cruore.
1435 1361 1550 1404 Tan.-

109 1431 202 1464 tum
233 1437 258 1464 a
280 1421 404 1463 vobis
437 1421 557 1473 illud,
579 1423 744 1477 equites
768 1422 974 1473 Romani,
998 1431 1098 1478 peto
1117 1431 1161 1463 et
1192 1435 1315 1477 rogo,
1333 1429 1396 1472 ut,
1419 1434 1548 1475 quem

109 1493 407 1544 saepenumero
442 1488 583 1521 vestra
614 1480 739 1521 laude
760 1479 1092 1531 cohonestastis,
1114 1478 1298 1521 eundem
1331 1477 1375 1520 in
1403 1476 1547 1520 dubiis

105 1536 209 1580 vitae
228 1536 430 1594 peliculis
454 1545 593 1580 vestra
612 1536 773 1580 virtute
795 1537 1072 1579 conservetis.

158 2887 264 2920 vm„
289 2887 489 2917 ihr-11.
812 2879 838 2916 5
863 2888 886 2915 e
