1785 3185
195 96 298 135 1458
608 92 1002 134 ANTEQUAM
1044 94 1210 133 IRET

194 208 260 240 est
301 204 508 255 potestas.
539 197 654 253 apud
698 211 775 238 vos
817 197 971 254 loquor
1007 198 1060 240 de
1091 213 1186 241 mea
1228 199 1488 253 calamitate,
1529 215 1636 256 quos

148 257 328 312 7habui
370 270 537 311 semper
577 255 837 296 innocentiae
881 264 924 296 et
966 256 1135 297 virtutis
1178 271 1284 298 meae
1328 266 1474 299 testes.
1547 257 1638 314 Igi-

196 323 264 354 tur
295 328 349 354 ex
383 314 560 354 civitate
593 312 879 353 benemeritus
903 312 956 353 de
978 313 1199 368 republica
1221 314 1328 355 civis
1350 316 1635 361 exturbatur?

193 372 401 412 innocens
440 368 698 426 expellitur?
748 369 982 411 consularis
1021 370 1181 413 homo?
1232 386 1318 412 non
1359 372 1636 414 facultatibus

191 442 292 469 usus
315 428 534 483 quondam
567 426 771 477 minimiS,
794 426 1030 467 amicorum
1063 427 1295 468 multorum
1318 430 1520 484 praesidio
1543 444 1637 470 mu·

191 485 322 536 nitus,
346 500 459 526 nunc
492 484 649 540 partim
676 484 730 524 ab
760 459 932 535 invidis,
961 484 1116 539 partim
1149 486 1203 526 ab
1236 485 1421 527 inimicis
1451 487 1636 528 circum-

191 551 344 583 ventus
367 551 466 598 eget
497 541 703 596 indigne?
733 540 834 581 huic
857 541 889 582 si
922 555 1049 597 opem
1071 556 1158 582 non
1182 542 1396 583 tuleritis
1389 558 1432 584 in
1465 544 1633 599 perieu-

189 599 232 640 lo
263 599 434 656 capitis,
467 613 556 649 vos,
589 597 732 648 credo,
758 598 998 639 retinebitis
1032 608 1213 639 vestiam
1247 600 1518 642 libertatem?
1559 601 1632 656 qui

191 670 330 712 neque
355 665 474 697 tanta
496 655 650 696 valetis
683 655 954 719 auctoritate,
976 670 1115 711 neque
1148 665 1365 697 tantorum
1389 657 1631 699 officiorum

191 714 428 770 impensam
454 712 604 768 egistis
636 712 678 752 in
705 713 900 767 patriam.
933 713 1039 753 mihi
1072 713 1247 764 credite,
1270 713 1354 755 hoe
1385 715 1428 755 in
1460 728 1546 755 uno
1571 715 1634 755 in-

189 771 467 812 commodum
480 746 820 834 Oconfirinatum,
838 769 1067 810 multorum
1101 769 1341 811 infirmabit
1361 770 1636 812 incolumita-

191 837 304 870 tem:
350 837 394 868 et
425 827 456 867 si
491 826 615 868 initio
646 841 732 867 non
764 827 844 868 erit
874 826 1157 878 refutatum,
1148 842 1324 883 impune
1354 828 1405 869 ad
1439 829 1634 869 omnium

190 885 426 941 perniciem
460 883 744 925 conv.alescet
808 883 995 925 Proinde
1017 893 1091 925 aut
1112 885 1155 925 in
1191 899 1287 926 meo
1311 884 1500 949 periculo
1523 885 1634 926 salu-

192 951 279 982 tem
303 942 516 997 integram
541 949 742 997 praestate
764 955 1053 993 communem,
1075 950 1150 982 aut
1172 942 1213 982 in
1238 942 1388 984 vestris
1410 941 1494 993 hoc
1519 942 1632 983 idem

133 998 516 1041 17incommodum
545 1007 795 1053 exspectate
826 998 1025 1039 fortunis.
1088 999 1229 1040 Nemo
1251 1008 1337 1040 tam
1372 999 1539 1055 perdita
1559 1014 1634 1041 au-

192 1057 410 1106 ctoritate,
433 1066 519 1096 tam
551 1055 794 1096 facinorosa
817 1056 1015 1096 inventus
1038 1066 1103 1096 est
1126 1056 1228 1107 vita,
1251 1057 1324 1111 qui
1348 1071 1446 1098 eum
1470 1056 1522 1097 de
1541 1070 1632 1098 sce-

189 1113 276 1155 lere
305 1113 526 1163 fateretur,
549 1127 635 1154 non
669 1123 810 1154 tunen
842 1112 1064 1154 sententiis
1096 1113 1430 1169 priusJudicum
1452 1113 1632 1155 convin-

189 1178 372 1221 ceretur,
395 1185 521 1225 quam
556 1169 768 1226 supplicio
800 1169 1082 1211 addiceretur.
1147 1169 1242 1226 Ego
1274 1180 1448 1226 repente
1482 1171 1522 1211 vi
1555 1170 1632 1212 tri-

189 1228 367 1269 bunicia
387 1235 625 1282 correptus,
648 1242 734 1267 non
757 1227 886 1268 modo
908 1227 1110 1282 loquendi
1132 1204 1296 1269 libere
1288 1242 1331 1268 m
1346 1227 1533 1283 judicio,
1556 1228 1630 1269 sed

189 1298 244 1325 ne
274 1284 538 1326 consistendi
561 1284 736 1340 quidem
768 1284 811 1325 in
835 1284 1011 1326 civitate
1032 1284 1171 1326 habeo
1203 1294 1477 1341 potestatem.
1540 1283 1632 1340 Eji-

191 1342 283 1383 cior
303 1357 391 1383 non
415 1341 552 1383 solum
575 1356 665 1382 sme
687 1350 809 1392 teste,
830 1342 919 1382 sine
942 1342 1098 1393 indice,
1120 1342 1210 1382 sine
1230 1342 1423 1393 erimine,
1446 1341 1517 1382 sed
1540 1357 1632 1384 sme

132 1407 180 1442 18
192 1408 455 1450 accusatore,
479 1399 569 1440 sine
595 1399 726 1440 etiam
757 1399 926 1440 scelere.
989 1398 1234 1440 Hostibus
1227 1414 1270 1440 in
1304 1399 1429 1450 bello,
1451 1399 1524 1454 qui
1546 1399 1632 1441 dis-

192 1456 334 1498 sident
372 1456 609 1521 ‘vol-umam,
647 1456 856 1497 dimicant
894 1457 1036 1507 armis,
1079 1456 1212 1497 vitam
1254 1457 1449 1512 quotidie
1491 1471 1632 1512 oppu-

190 1522 343 1570 gnant,
373 1514 451 1555 ini
489 1529 534 1554 sa
567 1513 659 1555 acie
691 1528 791 1554 cum
826 1513 1095 1577 proeliantur,
1127 1513 1227 1555 lieet
1256 1514 1390 1569 loqui,
1412 1513 1514 1555 licet
1545 1513 1632 1554 dis-

188 1579 364 1627 putare.
397 1529 544 1612 miiii
535 1571 579 1611 in
612 1585 731 1626 pace,
753 1570 854 1621 civl,
882 1585 954 1626 qui
987 1570 1252 1626 perditorum
1274 1571 1498 1612 hominum
1521 1570 1632 1627 fregi

187 1628 392 1680 furorem,
417 1643 493 1685 pro
516 1627 701 1668 fortunis
724 1628 829 1669 meis
849 1627 963 1684 apud
986 1642 1061 1669 vos
1083 1627 1199 1683 loqui
1224 1642 1310 1669 non
1332 1628 1506 1670 licebit.
1500 1630 1512 1654 Ρ
1544 1642 1631 1669 ser-

187 1685 245 1737 vi,
264 1686 338 1741 qui
360 1686 415 1726 ad
445 1685 706 1741 supplicium
738 1685 838 1726 caesi
864 1685 1111 1726 ver-benbus
1146 1685 1388 1737 trahuntur,
1410 1685 1524 1742 apud
1556 1696 1630 1726 eos

186 1757 303 1799 saepe
343 1743 582 1800 disputant,
623 1756 730 1797 quos
772 1757 923 1784 necne
968 1742 1219 1784 voluerunt:
1270 1757 1352 1798 ego
1394 1742 1632 1784 consularis

185 1800 302 1855 apud
342 1813 418 1841 vos
456 1815 544 1841 non
583 1799 748 1855 loquar,
786 1815 893 1854 quos
927 1801 1205 1842 conservavi?
1263 1800 1452 1851 Tacebo,
1492 1800 1525 1840 si
1558 1814 1633 1841 ne-

187 1870 305 1898 eesse
337 1866 426 1898 est.
477 1859 646 1908 tacebo,
680 1857 871 1921 inquam,
904 1857 1048 1898 animo
1085 1872 1225 1912 aequO,
1256 1857 1461 1913 quoniam
1495 1857 1631 1898 virtus

142 1908 298 1965 Smea,
332 1929 401 1955 me
434 1923 619 1964 emente,
650 1914 741 1969 agit
774 1929 945 1955 causam
979 1929 1134 1955 meam.
1186 1914 1356 1979 'Itaque
1385 1924 1431 1956 ut
1466 1928 1549 1971 ego
1585 1915 1628 1956 in

128 1982 174 2016 19
187 1985 398 2012 coneione
427 1986 524 2012 mea
554 1971 659 2012 nihil
684 1985 840 2027 ponam
872 1972 925 2012 de
955 1972 1081 2013 rebus
1111 1971 1218 2012 meis
1249 1972 1397 2028 gestis,
1420 1979 1562 2020 tamen
1585 1972 1631 2013 in

186 2029 341 2070 animis
371 2038 414 2070 et
447 2030 654 2070 memoria
690 2038 830 2070 vestra
858 2028 1034 2084 largiter
1075 2028 1328 2084 relinquam.
1388 2028 1467 2070 Isti
1501 2028 1630 2077 modo

184 2086 375 2137 videant,
397 2101 482 2141 qua
514 2086 680 2127 ratione
702 2085 813 2127 hanc
846 2085 1024 2127 inultam
1054 2100 1193 2126 meam
1218 2086 1367 2142 fugam
1391 2085 1500 2127 ferre
1532 2101 1631 2142 pos-

185 2143 286 2184 sint.
349 2142 520 2184 Etenim
556 2145 587 2184 si
622 2159 645 2183 a
678 2158 759 2194 me,
791 2152 839 2184 ut
872 2143 940 2184 isti
972 2143 1241 2195 existimant,
1268 2143 1438 2185 Lentuli
1469 2143 1630 2185 mortui

184 2201 345 2251 sordes,
369 2201 401 2241 si
437 2200 640 2241 Catilinae
673 2201 923 2241 notissimus
947 2200 1079 2252 furor,
1103 2201 1136 2241 si
1159 2201 1347 2242 amentia
1369 2199 1572 2257 Cethegi,
1594 2200 1629 2242 si

183 2257 373 2299 luxuries
405 2272 454 2299 ae
485 2266 634 2313 stupra
667 2257 805 2298 Cassii
840 2273 992 2313 poenas
1024 2266 1249 2313 repetunt:
1294 2257 1490 2314 profecto
1532 2258 1625 2298 istis

182 2314 290 2356 hora
311 2314 441 2365 nulla,
471 2314 613 2370 ejecto
644 2313 801 2366 Tullio,
834 2329 969 2355 vacua
1001 2315 1208 2370 periculo,
1238 2325 1312 2356 aut
1345 2314 1538 2379 periculi
1552 2328 1629 2356 ex-

184 2374 452 2427 spectatione
482 2372 761 2428 relinquetur.
825 2372 977 2427 Itaque
1009 2372 1102 2413 illi
1094 2387 1136 2413 in
1168 2373 1259 2414 dies
1293 2387 1376 2414 non
1401 2386 1506 2413 mels
1529 2372 1632 2413 insi-

184 2429 281 2481 diis,
305 2444 403 2484 quae
434 2429 563 2470 nullae
595 2444 619 2470 a
640 2443 710 2470 me
743 2438 959 2485 parantur,
982 2430 1054 2471 sed
1087 2444 1262 2471 suorum
1293 2429 1499 2471 scelerum
1524 2444 1628 2470 con-

185 2486 367 2528 scientia
396 2486 592 2537 cruciati,
624 2485 731 2527 mihi
764 2487 948 2537 absenti,
970 2496 1014 2527 et
1044 2487 1206 2543 populo
1239 2486 1439 2528 Romano
1473 2501 1628 2542 poenas

121 2544 364 2586 zodabunt.
425 2544 545 2591 Quas
567 2544 624 2585 ob
645 2557 711 2584 res
732 2557 815 2600 ego
838 2544 1113 2585 inimicorum
1135 2544 1351 2595 amentiae,
1373 2544 1624 2600 cupiditati-

182 2616 267 2656 que
299 2615 550 2658 paucorum‚
571 2600 767 2642 omnium
798 2600 947 2642 salutis
978 2616 1120 2653 causa,
1141 2601 1371 2644 decedam:
1406 2616 1545 2656 neque
1575 2615 1627 2642 eo

183 2659 411 2709 deducam,
446 2667 522 2700 aut
554 2658 755 2715 progredi
791 2658 944 2714 patiar,
966 2668 1014 2699 ut
1040 2673 1178 2723 ‘opera
1208 2673 1304 2700 mea
1337 2673 1487 2702 manus
1516 2659 1628 2699 inter

185 2731 261 2758 vos
294 2716 545 2782 conseratis,
579 2716 805 2771 caedesque
846 2717 1007 2757 civium
1038 2716 1150 2760 inter
1187 2731 1230 2757 se
1265 2716 1363 2757 fiat:
1407 2716 1630 2771 multoque

185 2773 331 2829 potius
364 2775 457 2830 ipse
487 2773 630 2830 patria
661 2773 894 2829 liberisque
927 2773 1033 2815 meis
1063 2774 1235 2825 carebo,
1267 2787 1412 2828 quam,
1451 2783 1628 2830 propter

133 2853 137 2856 ·
183 2845 317 2874 unum
347 2845 434 2884 me,
456 2846 533 2874 vos
561 2832 615 2874 de
646 2830 846 2873 fortunis
862 2831 1013 2874 vestris
1046 2831 1194 2888 reique
1223 2831 1412 2888 publicae
1447 2830 1624 2873 dimice-
