<?xml version="1.0" encoding="UTF-8"?>
<!DOCTYPE html PUBLIC "-//W3C//DTD XHTML 1.0 Transitional//EN"
    "http://www.w3.org/TR/xhtml1/DTD/xhtml1-transitional.dtd">
<html xmlns="http://www.w3.org/1999/xhtml" xml:lang="en" lang="en">
 <head>
  <title>
</title>
<meta http-equiv="Content-Type" content="text/html;charset=utf-8" />
  <meta name='ocr-system' content='tesseract 3.04.00' />
  <meta name='ocr-capabilities' content='ocr_page ocr_carea ocr_par ocr_line ocrx_word'/>
</head>
<body>
  <div class='ocr_page' id='page_1' title='image "./p2operaomnia02ciceuoft_0050.png"; bbox 0 0 1812 3147; ppageno 0'>
   <div class='ocr_carea' id='block_1_1' title="bbox 254 115 329 153">
    <p class='ocr_par' dir='ltr' id='par_1_1' title="bbox 254 115 329 153">
     <span class='ocr_line' id='line_1_1' title="bbox 254 115 329 153; baseline -0.08 1"><span class='ocrx_word' id='word_1_1' title='bbox 254 116 274 153; x_wconf 67' lang='lat'><strong>2·</strong></span> <span class='ocrx_word' id='word_1_2' title='bbox 282 115 329 152; x_wconf 66' lang='lat'><strong>74</strong></span> 
     </span>
    </p>
   </div>
   <div class='ocr_carea' id='block_1_2' title="bbox 848 109 1098 150">
    <p class='ocr_par' dir='ltr' id='par_1_2' title="bbox 848 109 1098 150">
     <span class='ocr_line' id='line_1_2' title="bbox 848 109 1098 150; baseline 0 0"><span class='ocrx_word' id='word_1_3' title='bbox 848 109 1098 150; x_wconf 77' lang='lat' dir='ltr'>ORATIO</span> 
     </span>
    </p>
   </div>
   <div class='ocr_carea' id='block_1_3' title="bbox 255 214 1689 386">
    <p class='ocr_par' dir='ltr' id='par_1_3' title="bbox 255 214 1689 386">
     <span class='ocr_line' id='line_1_3' title="bbox 255 214 1689 273; baseline 0.005 -18"><span class='ocrx_word' id='word_1_4' title='bbox 255 214 415 266; x_wconf 74' lang='lat' dir='ltr'><strong>videas,</strong></span> <span class='ocrx_word' id='word_1_5' title='bbox 436 214 520 257; x_wconf 86' lang='lat' dir='ltr'><strong>hoc</strong></span> <span class='ocrx_word' id='word_1_6' title='bbox 542 215 718 267; x_wconf 80' lang='lat' dir='ltr'><strong>honore,</strong></span> <span class='ocrx_word' id='word_1_7' title='bbox 743 217 1015 267; x_wconf 80' lang='lat' dir='ltr'><strong>auctoritate,</strong></span> <span class='ocrx_word' id='word_1_8' title='bbox 1036 216 1209 266; x_wconf 84' lang='lat' dir='ltr'><strong>virtute,</strong></span> <span class='ocrx_word' id='word_1_9' title='bbox 1231 216 1411 258; x_wconf 89' lang='lat' dir='ltr'><strong>consilio</strong></span> <span class='ocrx_word' id='word_1_10' title='bbox 1443 219 1689 273; x_wconf 60' lang='lat' dir='ltr'><strong>praeditum,</strong></span> 
     </span>
     <span class='ocr_line' id='line_1_4' title="bbox 255 272 1686 328; baseline 0.004 -16"><span class='ocrx_word' id='word_1_11' title='bbox 255 275 274 306; x_wconf 85' lang='lat'>⁷</span> <span class='ocrx_word' id='word_1_12' title='bbox 299 286 385 313; x_wconf 90' lang='lat' dir='ltr'><strong>non</strong></span> <span class='ocrx_word' id='word_1_13' title='bbox 423 273 656 326; x_wconf 82' lang='lat' dir='ltr'>dubitasse,</span> <span class='ocrx_word' id='word_1_14' title='bbox 692 273 796 328; x_wconf 84' lang='lat' dir='ltr'><strong>quin</strong></span> <span class='ocrx_word' id='word_1_15' title='bbox 834 274 1107 314; x_wconf 83' lang='lat' dir='ltr'>innocentem</span> <span class='ocrx_word' id='word_1_16' title='bbox 1143 272 1192 313; x_wconf 89' lang='lat' dir='ltr'><strong>P.</strong></span> <span class='ocrx_word' id='word_1_17' title='bbox 1218 273 1375 314; x_wconf 85' lang='lat' dir='ltr'>Sullam</span> <span class='ocrx_word' id='word_1_18' title='bbox 1413 275 1686 318; x_wconf 79' lang='lat' dir='ltr'><strong>defenderet:</strong></span> 
     </span>
     <span class='ocr_line' id='line_1_5' title="bbox 255 329 1686 386; baseline 0.003 -17"><span class='ocrx_word' id='word_1_19' title='bbox 255 342 419 384; x_wconf 87' lang='lat' dir='ltr'><strong>quaero,</strong></span> <span class='ocrx_word' id='word_1_20' title='bbox 441 345 530 380; x_wconf 87' lang='lat' dir='ltr'><strong>cur,</strong></span> <span class='ocrx_word' id='word_1_21' title='bbox 552 331 625 386; x_wconf 89' lang='lat' dir='ltr'><strong>qui</strong></span> <span class='ocrx_word' id='word_1_22' title='bbox 648 330 788 372; x_wconf 86' lang='lat' dir='ltr'><strong>aditus</strong></span> <span class='ocrx_word' id='word_1_23' title='bbox 811 331 863 371; x_wconf 82' lang='lat' dir='ltr'><strong>ad</strong></span> <span class='ocrx_word' id='word_1_24' title='bbox 894 345 1066 371; x_wconf 80' lang='lat' dir='ltr'><strong>causam</strong></span> <span class='ocrx_word' id='word_1_25' title='bbox 1099 329 1335 371; x_wconf 87' lang='lat' dir='ltr'><strong>Hortensio</strong></span> <span class='ocrx_word' id='word_1_26' title='bbox 1358 333 1558 386; x_wconf 86' lang='lat' dir='ltr'><strong>patuerit,</strong></span> <span class='ocrx_word' id='word_1_27' title='bbox 1580 333 1686 374; x_wconf 88' lang='lat' dir='ltr'><strong>mihi</strong></span> 
     </span>
    </p>
   </div>
   <div class='ocr_carea' id='block_1_4' title="bbox 256 386 1697 444">
    <p class='ocr_par' dir='ltr' id='par_1_4' title="bbox 256 386 1697 444">
     <span class='ocr_line' id='line_1_6' title="bbox 256 386 1697 444; baseline 0.003 -18"><span class='ocrx_word' id='word_1_28' title='bbox 256 386 508 428; x_wconf 85' lang='lat' dir='ltr'><strong>interclusus</strong></span> <span class='ocrx_word' id='word_1_29' title='bbox 523 402 612 428; x_wconf 87' lang='lat' dir='ltr'><strong>esse</strong></span> <span class='ocrx_word' id='word_1_30' title='bbox 626 387 834 428; x_wconf 82' lang='lat' dir='ltr'><strong>debuerit.</strong></span> <span class='ocrx_word' id='word_1_31' title='bbox 849 401 994 442; x_wconf 84' lang='lat' dir='ltr'><strong>quaero</strong></span> <span class='ocrx_word' id='word_1_32' title='bbox 1016 387 1118 428; x_wconf 91' lang='lat' dir='ltr'><strong>illud</strong></span> <span class='ocrx_word' id='word_1_33' title='bbox 1132 387 1276 437; x_wconf 85' lang='lat' dir='ltr'><strong>etiam,</strong></span> <span class='ocrx_word' id='word_1_34' title='bbox 1297 388 1329 427; x_wconf 88' lang='lat' dir='ltr'><strong>si</strong></span> <span class='ocrx_word' id='word_1_35' title='bbox 1346 402 1427 439; x_wconf 86' lang='lat' dir='ltr'><strong>me,</strong></span> <span class='ocrx_word' id='word_1_36' title='bbox 1447 390 1519 444; x_wconf 92' lang='lat' dir='ltr'><strong>qui</strong></span> <span class='ocrx_word' id='word_1_37' title='bbox 1541 389 1697 431; x_wconf 65' lang='lat' dir='ltr'><strong>defen·v</strong></span> 
     </span>
    </p>
   </div>
   <div class='ocr_carea' id='block_1_5' title="bbox 257 443 1691 784">
    <p class='ocr_par' dir='ltr' id='par_1_5' title="bbox 257 443 1691 784">
     <span class='ocr_line' id='line_1_7' title="bbox 257 443 1690 500; baseline 0.002 -16"><span class='ocrx_word' id='word_1_38' title='bbox 257 443 328 494; x_wconf 87' lang='lat' dir='ltr'><strong>do,</strong></span> <span class='ocrx_word' id='word_1_39' title='bbox 351 444 747 500; x_wconf 84' lang='lat' dir='ltr'><strong>reprehendendum</strong></span> <span class='ocrx_word' id='word_1_40' title='bbox 777 455 899 499; x_wconf 79' lang='lat' dir='ltr'><strong>putas</strong></span> <span class='ocrx_word' id='word_1_41' title='bbox 921 458 1026 494; x_wconf 87' lang='lat' dir='ltr'><strong>esse,</strong></span> <span class='ocrx_word' id='word_1_42' title='bbox 1049 444 1151 498; x_wconf 87' lang='lat' dir='ltr'><strong>quid</strong></span> <span class='ocrx_word' id='word_1_43' title='bbox 1183 445 1354 484; x_wconf 85' lang='lat' dir='ltr'><strong>tandem</strong></span> <span class='ocrx_word' id='word_1_44' title='bbox 1376 446 1428 486; x_wconf 90' lang='lat' dir='ltr'><strong>de</strong></span> <span class='ocrx_word' id='word_1_45' title='bbox 1450 446 1516 487; x_wconf 86' lang='lat' dir='ltr'><strong>his</strong></span> <span class='ocrx_word' id='word_1_46' title='bbox 1538 446 1690 488; x_wconf 82' lang='lat' dir='ltr'><strong>existi·</strong></span> 
     </span>
     <span class='ocr_line' id='line_1_8' title="bbox 257 500 1691 555; baseline 0.003 -15"><span class='ocrx_word' id='word_1_47' title='bbox 257 515 346 541; x_wconf 88' lang='lat' dir='ltr'><strong>mes</strong></span> <span class='ocrx_word' id='word_1_48' title='bbox 366 502 542 543; x_wconf 78' lang='lat' dir='ltr'><strong>suminis</strong></span> <span class='ocrx_word' id='word_1_49' title='bbox 566 502 664 541; x_wconf 83' lang='lat' dir='ltr'><strong>viris</strong></span> <span class='ocrx_word' id='word_1_50' title='bbox 696 511 740 541; x_wconf 86' lang='lat' dir='ltr'><strong>et</strong></span> <span class='ocrx_word' id='word_1_51' title='bbox 768 500 1012 541; x_wconf 87' lang='lat' dir='ltr'><strong>clarissimis</strong></span> <span class='ocrx_word' id='word_1_52' title='bbox 1041 501 1224 550; x_wconf 77' lang='lat' dir='ltr'><strong>civibus,</strong></span> <span class='ocrx_word' id='word_1_53' title='bbox 1255 516 1436 555; x_wconf 85' lang='lat' dir='ltr'><strong>quorum</strong></span> <span class='ocrx_word' id='word_1_54' title='bbox 1471 503 1613 545; x_wconf 89' lang='lat' dir='ltr'><strong>studio</strong></span> <span class='ocrx_word' id='word_1_55' title='bbox 1646 511 1691 544; x_wconf 82' lang='lat' dir='ltr'><strong>et</strong></span> 
     </span>
     <span class='ocr_line' id='line_1_9' title="bbox 259 557 1689 613; baseline 0.003 -16"><span class='ocrx_word' id='word_1_56' title='bbox 259 557 472 613; x_wconf 79' lang='lat' dir='ltr'>dignitate</span> <span class='ocrx_word' id='word_1_57' title='bbox 495 557 730 599; x_wconf 71' lang='lat' dir='ltr'><strong>8celebrari</strong></span> <span class='ocrx_word' id='word_1_58' title='bbox 762 557 1102 613; x_wconf 63' lang='lat' dir='ltr'><strong>mejudicium,</strong></span> <span class='ocrx_word' id='word_1_59' title='bbox 1124 558 1264 598; x_wconf 82' lang='lat' dir='ltr'><strong>ornari</strong></span> <span class='ocrx_word' id='word_1_60' title='bbox 1296 573 1483 610; x_wconf 85' lang='lat' dir='ltr'><strong>causam,</strong></span> <span class='ocrx_word' id='word_1_61' title='bbox 1516 560 1689 601; x_wconf 91' lang='lat' dir='ltr'><strong>defendi</strong></span> 
     </span>
     <span class='ocr_line' id='line_1_10' title="bbox 258 613 1690 669; baseline 0.003 -15"><span class='ocrx_word' id='word_1_62' title='bbox 258 613 387 669; x_wconf 76' lang='lat' dir='ltr'><strong>hujus</strong></span> <span class='ocrx_word' id='word_1_63' title='bbox 423 616 712 656; x_wconf 80' lang='lat' dir='ltr'>innocentiam</span> <span class='ocrx_word' id='word_1_64' title='bbox 743 615 887 656; x_wconf 73' lang='lat' dir='ltr'><strong>vides?</strong></span> <span class='ocrx_word' id='word_1_65' title='bbox 931 614 1030 655; x_wconf 82' lang='lat' dir='ltr'><strong>Non</strong></span> <span class='ocrx_word' id='word_1_66' title='bbox 1063 615 1176 654; x_wconf 87' lang='lat' dir='ltr'><strong>enim</strong></span> <span class='ocrx_word' id='word_1_67' title='bbox 1212 629 1296 654; x_wconf 86' lang='lat' dir='ltr'><strong>una</strong></span> <span class='ocrx_word' id='word_1_68' title='bbox 1325 625 1390 656; x_wconf 85' lang='lat' dir='ltr'><strong>est</strong></span> <span class='ocrx_word' id='word_1_69' title='bbox 1410 618 1520 658; x_wconf 82' lang='lat' dir='ltr'><strong>ratio</strong></span> <span class='ocrx_word' id='word_1_70' title='bbox 1542 617 1690 658; x_wconf 89' lang='lat' dir='ltr'><strong>defen-</strong></span> 
     </span>
     <span class='ocr_line' id='line_1_11' title="bbox 260 671 1688 728; baseline 0.004 -18"><span class='ocrx_word' id='word_1_71' title='bbox 260 671 391 712; x_wconf 85' lang='lat' dir='ltr'><strong>sionis</strong></span> <span class='ocrx_word' id='word_1_72' title='bbox 413 687 476 723; x_wconf 80' lang='lat' dir='ltr'><strong>ca,</strong></span> <span class='ocrx_word' id='word_1_73' title='bbox 504 687 599 727; x_wconf 82' lang='lat' dir='ltr'><strong>quae</strong></span> <span class='ocrx_word' id='word_1_74' title='bbox 634 672 774 728; x_wconf 81' lang='lat' dir='ltr'><strong>posita</strong></span> <span class='ocrx_word' id='word_1_75' title='bbox 810 681 874 712; x_wconf 89' lang='lat' dir='ltr'><strong>est</strong></span> <span class='ocrx_word' id='word_1_76' title='bbox 905 671 947 712; x_wconf 90' lang='lat' dir='ltr'><strong>in</strong></span> <span class='ocrx_word' id='word_1_77' title='bbox 982 671 1192 712; x_wconf 80' lang='lat' dir='ltr'><strong>oratione.</strong></span> <span class='ocrx_word' id='word_1_78' title='bbox 1223 685 1386 723; x_wconf 87' lang='lat' dir='ltr'><strong>omnes,</strong></span> <span class='ocrx_word' id='word_1_79' title='bbox 1409 674 1482 727; x_wconf 91' lang='lat' dir='ltr'><strong>qui</strong></span> <span class='ocrx_word' id='word_1_80' title='bbox 1517 674 1688 725; x_wconf 86' lang='lat' dir='ltr'>adsunt,</span> 
     </span>
     <span class='ocr_line' id='line_1_12' title="bbox 259 728 1688 784; baseline 0.003 -17"><span class='ocrx_word' id='word_1_81' title='bbox 259 729 331 783; x_wconf 83' lang='lat' dir='ltr'><strong>qui</strong></span> <span class='ocrx_word' id='word_1_82' title='bbox 358 729 566 778; x_wconf 76' lang='lat' dir='ltr'><strong>laborant,</strong></span> <span class='ocrx_word' id='word_1_83' title='bbox 589 729 660 783; x_wconf 84' lang='lat' dir='ltr'><strong>qui</strong></span> <span class='ocrx_word' id='word_1_84' title='bbox 684 729 847 769; x_wconf 82' lang='lat' dir='ltr'><strong>salvum</strong></span> <span class='ocrx_word' id='word_1_85' title='bbox 869 728 1032 778; x_wconf 88' lang='lat' dir='ltr'><strong>volunt,</strong></span> <span class='ocrx_word' id='word_1_86' title='bbox 1056 743 1131 783; x_wconf 88' lang='lat' dir='ltr'><strong>pro</strong></span> <span class='ocrx_word' id='word_1_87' title='bbox 1154 743 1230 768; x_wconf 81' lang='lat' dir='ltr'><strong>sua</strong></span> <span class='ocrx_word' id='word_1_88' title='bbox 1250 738 1371 784; x_wconf 84' lang='lat' dir='ltr'><strong>parte</strong></span> <span class='ocrx_word' id='word_1_89' title='bbox 1391 739 1520 784; x_wconf 85' lang='lat' dir='ltr'><strong>atque</strong></span> <span class='ocrx_word' id='word_1_90' title='bbox 1538 740 1688 772; x_wconf 88' lang='lat' dir='ltr'><strong>aucto-</strong></span> 
     </span>
    </p>
   </div>
   <div class='ocr_carea' id='block_1_6' title="bbox 223 786 658 835">
    <p class='ocr_par' dir='ltr' id='par_1_6' title="bbox 223 786 658 835">
     <span class='ocr_line' id='line_1_13' title="bbox 223 786 658 835; baseline 0.002 -10"><span class='ocrx_word' id='word_1_91' title='bbox 223 802 246 835; x_wconf 79' lang='lat'>5</span> <span class='ocrx_word' id='word_1_92' title='bbox 263 786 385 826; x_wconf 80' lang='lat' dir='ltr'><strong>ritate</strong></span> <span class='ocrx_word' id='word_1_93' title='bbox 408 787 658 827; x_wconf 82' lang='lat' dir='ltr'><strong>defenduut.</strong></span> 
     </span>
    </p>
   </div>
   <div class='ocr_carea' id='block_1_7' title="bbox 718 785 1688 839">
    <p class='ocr_par' dir='ltr' id='par_1_7' title="bbox 718 785 1688 839">
     <span class='ocr_line' id='line_1_14' title="bbox 718 785 1688 839; baseline 0.003 -14"><span class='ocrx_word' id='word_1_94' title='bbox 718 785 786 825; x_wconf 87' lang='lat' dir='ltr'><strong>An</strong></span> <span class='ocrx_word' id='word_1_95' title='bbox 821 799 934 836; x_wconf 88' lang='lat' dir='ltr'><strong>vero,</strong></span> <span class='ocrx_word' id='word_1_96' title='bbox 958 786 998 825; x_wconf 91' lang='lat' dir='ltr'><strong>in</strong></span> <span class='ocrx_word' id='word_1_97' title='bbox 1031 785 1186 839; x_wconf 86' lang='lat' dir='ltr'><strong>quibus</strong></span> <span class='ocrx_word' id='word_1_98' title='bbox 1215 786 1424 826; x_wconf 81' lang='lat' dir='ltr'><strong>subselliis</strong></span> <span class='ocrx_word' id='word_1_99' title='bbox 1446 787 1540 828; x_wconf 85' lang='lat' dir='ltr'><strong>haec</strong></span> <span class='ocrx_word' id='word_1_100' title='bbox 1561 801 1688 828; x_wconf 82' lang='lat' dir='ltr'><strong>orna-</strong></span> 
     </span>
    </p>
   </div>
   <div class='ocr_carea' id='block_1_8' title="bbox 258 842 1690 1012">
    <p class='ocr_par' dir='ltr' id='par_1_8' title="bbox 258 842 1690 1012">
     <span class='ocr_line' id='line_1_15' title="bbox 260 842 1690 900; baseline 0.003 -19"><span class='ocrx_word' id='word_1_101' title='bbox 260 852 404 883; x_wconf 74' lang='lat' dir='ltr'><strong>menta</strong></span> <span class='ocrx_word' id='word_1_102' title='bbox 433 859 482 884; x_wconf 76' lang='lat' dir='ltr'><strong>ac</strong></span> <span class='ocrx_word' id='word_1_103' title='bbox 515 844 673 883; x_wconf 83' lang='lat' dir='ltr'><strong>lumina</strong></span> <span class='ocrx_word' id='word_1_104' title='bbox 705 842 952 898; x_wconf 81' lang='lat' dir='ltr'><strong>reipublicae</strong></span> <span class='ocrx_word' id='word_1_105' title='bbox 976 842 1189 892; x_wconf 55' lang='lat' dir='ltr'><strong>viderem,</strong></span> <span class='ocrx_word' id='word_1_106' title='bbox 1212 842 1256 882; x_wconf 92' lang='lat' dir='ltr'><strong>in</strong></span> <span class='ocrx_word' id='word_1_107' title='bbox 1286 842 1352 883; x_wconf 83' lang='lat' dir='ltr'><strong>his</strong></span> <span class='ocrx_word' id='word_1_108' title='bbox 1381 857 1449 884; x_wconf 87' lang='lat' dir='ltr'><strong>me</strong></span> <span class='ocrx_word' id='word_1_109' title='bbox 1484 858 1690 900; x_wconf 85' lang='lat' dir='ltr'><strong>apparere</strong></span> 
     </span>
     <span class='ocr_line' id='line_1_16' title="bbox 258 898 1686 955; baseline 0.002 -16"><span class='ocrx_word' id='word_1_110' title='bbox 258 900 430 950; x_wconf 82' lang='lat' dir='ltr'><strong>nollem,</strong></span> <span class='ocrx_word' id='word_1_111' title='bbox 453 905 660 955; x_wconf 56' lang='lat' dir='ltr'><strong>Quorum</strong></span> <span class='ocrx_word' id='word_1_112' title='bbox 684 914 766 955; x_wconf 77' lang='lat' dir='ltr'><strong>ego</strong></span> <span class='ocrx_word' id='word_1_113' title='bbox 789 914 916 955; x_wconf 78' lang='lat' dir='ltr'><strong>opera</strong></span> <span class='ocrx_word' id='word_1_114' title='bbox 949 898 1065 939; x_wconf 86' lang='lat' dir='ltr'><strong>illum</strong></span> <span class='ocrx_word' id='word_1_115' title='bbox 1102 899 1144 939; x_wconf 91' lang='lat' dir='ltr'><strong>in</strong></span> <span class='ocrx_word' id='word_1_116' title='bbox 1173 899 1312 940; x_wconf 87' lang='lat' dir='ltr'><strong>locum</strong></span> <span class='ocrx_word' id='word_1_117' title='bbox 1347 909 1474 954; x_wconf 80' lang='lat' dir='ltr'><strong>atque</strong></span> <span class='ocrx_word' id='word_1_118' title='bbox 1507 902 1550 942; x_wconf 91' lang='lat' dir='ltr'><strong>in</strong></span> <span class='ocrx_word' id='word_1_119' title='bbox 1574 901 1686 942; x_wconf 89' lang='lat' dir='ltr'><strong>hanc</strong></span> 
     </span>
     <span class='ocr_line' id='line_1_17' title="bbox 258 956 1685 1012; baseline 0.002 -15"><span class='ocrx_word' id='word_1_120' title='bbox 258 956 531 997; x_wconf 64' lang='lat' dir='ltr'><strong>celsissimam</strong></span> <span class='ocrx_word' id='word_1_121' title='bbox 558 957 698 997; x_wconf 80' lang='lat' dir='ltr'><strong>sedem</strong></span> <span class='ocrx_word' id='word_1_122' title='bbox 724 957 949 1012; x_wconf 81' lang='lat' dir='ltr'><strong>dignitatis</strong></span> <span class='ocrx_word' id='word_1_123' title='bbox 971 966 1100 1010; x_wconf 81' lang='lat' dir='ltr'><strong>atque</strong></span> <span class='ocrx_word' id='word_1_124' title='bbox 1119 956 1307 1005; x_wconf 87' lang='lat' dir='ltr'><strong>honoris,</strong></span> <span class='ocrx_word' id='word_1_125' title='bbox 1330 958 1475 998; x_wconf 84' lang='lat' dir='ltr'><strong>multis</strong></span> <span class='ocrx_word' id='word_1_126' title='bbox 1506 959 1613 999; x_wconf 89' lang='lat' dir='ltr'><strong>meis</strong></span> <span class='ocrx_word' id='word_1_127' title='bbox 1635 973 1685 1000; x_wconf 85' lang='lat' dir='ltr'><strong>ac</strong></span> 
     </span>
    </p>
   </div>
   <div class='ocr_carea' id='block_1_9' title="bbox 126 1014 1688 1071">
    <p class='ocr_par' dir='ltr' id='par_1_9' title="bbox 126 1014 1688 1071">
     <span class='ocr_line' id='line_1_18' title="bbox 126 1014 1688 1071; baseline 0.002 -18"><span class='ocrx_word' id='word_1_128' title='bbox 126 1042 156 1071; x_wconf 75' lang='lat'><strong>1&gt;-</strong></span> <span class='ocrx_word' id='word_1_129' title='bbox 176 1033 244 1063; x_wconf 69' lang='lat'><strong>169..</strong></span> <span class='ocrx_word' id='word_1_130' title='bbox 258 1016 423 1070; x_wconf 56' lang='lat' dir='ltr'><strong>magnis</strong></span> <span class='ocrx_word' id='word_1_131' title='bbox 451 1015 666 1055; x_wconf 73' lang='lat' dir='ltr'><strong>laboribus</strong></span> <span class='ocrx_word' id='word_1_132' title='bbox 685 1024 729 1054; x_wconf 82' lang='lat' dir='ltr'><strong>et</strong></span> <span class='ocrx_word' id='word_1_133' title='bbox 751 1014 963 1069; x_wconf 84' lang='lat' dir='ltr'><strong>periculis,</strong></span> <span class='ocrx_word' id='word_1_134' title='bbox 985 1014 1323 1055; x_wconf 74' lang='lat' dir='ltr'><strong>adscendisseni?</strong></span> <span class='ocrx_word' id='word_1_135' title='bbox 1373 1015 1532 1070; x_wconf 85' lang='lat' dir='ltr'><strong>Atque,</strong></span> <span class='ocrx_word' id='word_1_136' title='bbox 1550 1024 1599 1056; x_wconf 86' lang='lat' dir='ltr'><strong>ut</strong></span> <span class='ocrx_word' id='word_1_137' title='bbox 1622 1015 1688 1056; x_wconf 90' lang='lat' dir='ltr'><strong>in-</strong></span> 
     </span>
    </p>
   </div>
   <div class='ocr_carea' id='block_1_10' title="bbox 210 1071 1688 1299">
    <p class='ocr_par' dir='ltr' id='par_1_10' title="bbox 210 1071 1688 1299">
     <span class='ocr_line' id='line_1_19' title="bbox 210 1071 1686 1128; baseline 0.003 -18"><span class='ocrx_word' id='word_1_138' title='bbox 210 1071 438 1127; x_wconf 68' lang='lat' dir='ltr'><strong>a-telligas‚</strong></span> <span class='ocrx_word' id='word_1_139' title='bbox 474 1071 705 1126; x_wconf 74' lang='lat' dir='ltr'><strong>Torquate,</strong></span> <span class='ocrx_word' id='word_1_140' title='bbox 738 1086 865 1126; x_wconf 83' lang='lat' dir='ltr'><strong>quem</strong></span> <span class='ocrx_word' id='word_1_141' title='bbox 900 1085 1087 1120; x_wconf 74' lang='lat' dir='ltr'><strong>accuscS,</strong></span> <span class='ocrx_word' id='word_1_142' title='bbox 1120 1071 1152 1110; x_wconf 85' lang='lat' dir='ltr'><strong>si</strong></span> <span class='ocrx_word' id='word_1_143' title='bbox 1189 1082 1232 1110; x_wconf 86' lang='lat' dir='ltr'><strong>te</strong></span> <span class='ocrx_word' id='word_1_144' title='bbox 1265 1071 1304 1111; x_wconf 88' lang='lat' dir='ltr'><strong>id</strong></span> <span class='ocrx_word' id='word_1_145' title='bbox 1338 1071 1534 1123; x_wconf 85' lang='lat' dir='ltr'><strong>offendit,</strong></span> <span class='ocrx_word' id='word_1_146' title='bbox 1570 1073 1686 1128; x_wconf 91' lang='lat' dir='ltr'><strong>quod</strong></span> 
     </span>
     <span class='ocr_line' id='line_1_20' title="bbox 254 1127 1686 1184; baseline 0.002 -17"><span class='ocrx_word' id='word_1_147' title='bbox 254 1141 351 1183; x_wconf 81' lang='lat' dir='ltr'><strong>ego,</strong></span> <span class='ocrx_word' id='word_1_148' title='bbox 373 1129 445 1183; x_wconf 79' lang='lat' dir='ltr'><strong>qni</strong></span> <span class='ocrx_word' id='word_1_149' title='bbox 481 1129 562 1169; x_wconf 79' lang='lat' dir='ltr'><strong>lioc</strong></span> <span class='ocrx_word' id='word_1_150' title='bbox 586 1142 739 1184; x_wconf 74' lang='lat' dir='ltr'><strong>genere</strong></span> <span class='ocrx_word' id='word_1_151' title='bbox 771 1128 1022 1182; x_wconf 73' lang='lat' dir='ltr'><strong>quaestionis</strong></span> <span class='ocrx_word' id='word_1_152' title='bbox 1050 1127 1313 1169; x_wconf 79' lang='lat' dir='ltr'><strong>defenderim</strong></span> <span class='ocrx_word' id='word_1_153' title='bbox 1343 1129 1573 1180; x_wconf 85' lang='lat' dir='ltr'><strong>neminem,</strong></span> <span class='ocrx_word' id='word_1_154' title='bbox 1599 1144 1686 1175; x_wconf 89' lang='lat' dir='ltr'><strong>non</strong></span> 
     </span>
     <span class='ocr_line' id='line_1_21' title="bbox 253 1185 1686 1240; baseline 0.002 -15"><span class='ocrx_word' id='word_1_155' title='bbox 253 1185 386 1225; x_wconf 80' lang='lat' dir='ltr'><strong>desim</strong></span> <span class='ocrx_word' id='word_1_156' title='bbox 416 1185 463 1225; x_wconf 80' lang='lat' dir='ltr'><strong>P.</strong></span> <span class='ocrx_word' id='word_1_157' title='bbox 488 1186 641 1227; x_wconf 64' lang='lat' dir='ltr'><strong>Sullae:</strong></span> <span class='ocrx_word' id='word_1_158' title='bbox 675 1185 895 1226; x_wconf 80' lang='lat' dir='ltr'><strong>recordare</strong></span> <span class='ocrx_word' id='word_1_159' title='bbox 926 1185 979 1225; x_wconf 86' lang='lat' dir='ltr'><strong>de</strong></span> <span class='ocrx_word' id='word_1_160' title='bbox 1009 1185 1175 1235; x_wconf 82' lang='lat' dir='ltr'><strong>ceteris,</strong></span> <span class='ocrx_word' id='word_1_161' title='bbox 1197 1200 1304 1240; x_wconf 89' lang='lat' dir='ltr'><strong>quos</strong></span> <span class='ocrx_word' id='word_1_162' title='bbox 1331 1186 1478 1226; x_wconf 79' lang='lat' dir='ltr'><strong>adesse</strong></span> <span class='ocrx_word' id='word_1_163' title='bbox 1499 1186 1600 1228; x_wconf 88' lang='lat' dir='ltr'><strong>huic</strong></span> <span class='ocrx_word' id='word_1_164' title='bbox 1623 1187 1686 1227; x_wconf 78' lang='lat' dir='ltr'><strong>vi-</strong></span> 
     </span>
     <span class='ocr_line' id='line_1_22' title="bbox 255 1241 1688 1299; baseline 0.003 -18"><span class='ocrx_word' id='word_1_165' title='bbox 255 1242 342 1282; x_wconf 63' lang='lat' dir='ltr'><strong>des</strong></span> <span class='ocrx_word' id='word_1_166' title='bbox 376 1242 601 1299; x_wconf 69' lang='lat' dir='ltr'><strong>intelligeS,</strong></span> <span class='ocrx_word' id='word_1_167' title='bbox 632 1251 675 1283; x_wconf 86' lang='lat' dir='ltr'><strong>et</strong></span> <span class='ocrx_word' id='word_1_168' title='bbox 698 1242 750 1283; x_wconf 87' lang='lat' dir='ltr'><strong>de</strong></span> <span class='ocrx_word' id='word_1_169' title='bbox 774 1243 868 1292; x_wconf 81' lang='lat' dir='ltr'><strong>hoc,</strong></span> <span class='ocrx_word' id='word_1_170' title='bbox 891 1251 935 1281; x_wconf 82' lang='lat' dir='ltr'><strong>et</strong></span> <span class='ocrx_word' id='word_1_171' title='bbox 970 1241 1022 1282; x_wconf 87' lang='lat' dir='ltr'><strong>dc</strong></span> <span class='ocrx_word' id='word_1_172' title='bbox 1054 1243 1205 1282; x_wconf 85' lang='lat' dir='ltr'><strong>ceteris</strong></span> <span class='ocrx_word' id='word_1_173' title='bbox 1229 1242 1442 1297; x_wconf 82' lang='lat' dir='ltr'><strong>judicium</strong></span> <span class='ocrx_word' id='word_1_174' title='bbox 1475 1258 1617 1284; x_wconf 87' lang='lat' dir='ltr'><strong>meum</strong></span> <span class='ocrx_word' id='word_1_175' title='bbox 1642 1252 1688 1285; x_wconf 86' lang='lat' dir='ltr'><strong>et</strong></span> 
     </span>
    </p>
   </div>
   <div class='ocr_carea' id='block_1_11' title="bbox 220 1298 1001 1355">
    <p class='ocr_par' dir='ltr' id='par_1_11' title="bbox 220 1298 1001 1355">
     <span class='ocr_line' id='line_1_23' title="bbox 220 1298 1001 1355; baseline 0 -17"><span class='ocrx_word' id='word_1_176' title='bbox 220 1298 405 1345; x_wconf 73' lang='lat' dir='ltr'><strong>oliorum</strong></span> <span class='ocrx_word' id='word_1_177' title='bbox 431 1314 507 1355; x_wconf 84' lang='lat' dir='ltr'><strong>par</strong></span> <span class='ocrx_word' id='word_1_178' title='bbox 536 1311 664 1354; x_wconf 82' lang='lat' dir='ltr'><strong>atque</strong></span> <span class='ocrx_word' id='word_1_179' title='bbox 695 1314 825 1339; x_wconf 83' lang='lat' dir='ltr'><strong>unuin</strong></span> <span class='ocrx_word' id='word_1_180' title='bbox 857 1299 1001 1339; x_wconf 78' lang='lat' dir='ltr'><strong>fuisse.</strong></span> 
     </span>
    </p>
   </div>
   <div class='ocr_carea' id='block_1_12' title="bbox 1062 1299 1688 1344">
    <p class='ocr_par' dir='ltr' id='par_1_12' title="bbox 1062 1299 1688 1344">
     <span class='ocr_line' id='line_1_24' title="bbox 1062 1299 1688 1344; baseline 0.006 -7"><span class='ocrx_word' id='word_1_181' title='bbox 1062 1299 1171 1344; x_wconf 83' lang='lat' dir='ltr'><strong>Quis</strong></span> <span class='ocrx_word' id='word_1_182' title='bbox 1195 1300 1388 1341; x_wconf 68' lang='lat' dir='ltr'><strong>nostrum</strong></span> <span class='ocrx_word' id='word_1_183' title='bbox 1411 1299 1550 1341; x_wconf 81' lang='lat' dir='ltr'><strong>adfuit</strong></span> <span class='ocrx_word' id='word_1_184' title='bbox 1580 1300 1688 1341; x_wconf 85' lang='lat' dir='ltr'><strong>Var-</strong></span> 
     </span>
    </p>
   </div>
   <div class='ocr_carea' id='block_1_13' title="bbox 245 1356 1687 1809">
    <p class='ocr_par' dir='ltr' id='par_1_13' title="bbox 245 1356 1687 1809">
     <span class='ocr_line' id='line_1_25' title="bbox 254 1356 1686 1413; baseline 0.002 -17"><span class='ocrx_word' id='word_1_185' title='bbox 254 1357 458 1411; x_wconf 80' lang='lat' dir='ltr'><strong>guntcio?</strong></span> <span class='ocrx_word' id='word_1_186' title='bbox 490 1372 641 1398; x_wconf 76' lang='lat' dir='ltr'><strong>nenio:</strong></span> <span class='ocrx_word' id='word_1_187' title='bbox 676 1372 726 1397; x_wconf 86' lang='lat' dir='ltr'><strong>nc</strong></span> <span class='ocrx_word' id='word_1_188' title='bbox 760 1357 830 1397; x_wconf 82' lang='lat' dir='ltr'><strong>liic</strong></span> <span class='ocrx_word' id='word_1_189' title='bbox 861 1357 1033 1411; x_wconf 84' lang='lat' dir='ltr'><strong>quidem</strong></span> <span class='ocrx_word' id='word_1_190' title='bbox 1068 1356 1416 1408; x_wconf 77' lang='lat' dir='ltr'><strong>Q.Hortensius‚</strong></span> <span class='ocrx_word' id='word_1_191' title='bbox 1446 1358 1686 1413; x_wconf 82' lang='lat' dir='ltr'><strong>praesertim</strong></span> 
     </span>
     <span class='ocr_line' id='line_1_26' title="bbox 253 1413 1686 1470; baseline 0.002 -17"><span class='ocrx_word' id='word_1_192' title='bbox 253 1413 324 1467; x_wconf 84' lang='lat' dir='ltr'><strong>qui</strong></span> <span class='ocrx_word' id='word_1_193' title='bbox 352 1413 466 1453; x_wconf 87' lang='lat' dir='ltr'><strong>illum</strong></span> <span class='ocrx_word' id='word_1_194' title='bbox 501 1414 613 1455; x_wconf 80' lang='lat' dir='ltr'><strong>solus</strong></span> <span class='ocrx_word' id='word_1_195' title='bbox 645 1425 770 1454; x_wconf 74' lang='lat' dir='ltr'><strong>antea</strong></span> <span class='ocrx_word' id='word_1_196' title='bbox 791 1414 844 1454; x_wconf 83' lang='lat' dir='ltr'><strong>(le</strong></span> <span class='ocrx_word' id='word_1_197' title='bbox 866 1413 1030 1453; x_wconf 76' lang='lat' dir='ltr'><strong>ambitu</strong></span> <span class='ocrx_word' id='word_1_198' title='bbox 1054 1413 1330 1454; x_wconf 83' lang='lat' dir='ltr'><strong>defendisset.</strong></span> <span class='ocrx_word' id='word_1_199' title='bbox 1353 1429 1440 1454; x_wconf 90' lang='lat' dir='ltr'><strong>non</strong></span> <span class='ocrx_word' id='word_1_200' title='bbox 1461 1415 1576 1457; x_wconf 89' lang='lat' dir='ltr'><strong>enim</strong></span> <span class='ocrx_word' id='word_1_201' title='bbox 1591 1414 1686 1470; x_wconf 87' lang='lat' dir='ltr'><strong>jam</strong></span> 
     </span>
     <span class='ocr_line' id='line_1_27' title="bbox 256 1470 1686 1525; baseline 0.003 -16"><span class='ocrx_word' id='word_1_202' title='bbox 256 1485 299 1510; x_wconf 91' lang='lat' dir='ltr'><strong>se</strong></span> <span class='ocrx_word' id='word_1_203' title='bbox 328 1470 414 1511; x_wconf 87' lang='lat' dir='ltr'><strong>ullo</strong></span> <span class='ocrx_word' id='word_1_204' title='bbox 444 1472 589 1512; x_wconf 84' lang='lat' dir='ltr'><strong>officio</strong></span> <span class='ocrx_word' id='word_1_205' title='bbox 619 1486 717 1511; x_wconf 73' lang='lat' dir='ltr'><strong>cum</strong></span> <span class='ocrx_word' id='word_1_206' title='bbox 748 1471 819 1511; x_wconf 88' lang='lat' dir='ltr'><strong>illo</strong></span> <span class='ocrx_word' id='word_1_207' title='bbox 840 1471 1122 1525; x_wconf 78' lang='lat' dir='ltr'><strong>conjunctum</strong></span> <span class='ocrx_word' id='word_1_208' title='bbox 1155 1471 1456 1522; x_wconf 82' lang='lat' dir='ltr'><strong>arbitrabatur,</strong></span> <span class='ocrx_word' id='word_1_209' title='bbox 1479 1486 1578 1513; x_wconf 90' lang='lat' dir='ltr'><strong>cum</strong></span> <span class='ocrx_word' id='word_1_210' title='bbox 1600 1471 1686 1523; x_wconf 89' lang='lat' dir='ltr'><strong>ille,</strong></span> 
     </span>
     <span class='ocr_line' id='line_1_28' title="bbox 250 1528 1687 1578; baseline 0.002 -11"><span class='ocrx_word' id='word_1_211' title='bbox 250 1536 371 1568; x_wconf 81' lang='lat' dir='ltr'><strong>tanto</strong></span> <span class='ocrx_word' id='word_1_212' title='bbox 397 1528 553 1569; x_wconf 85' lang='lat' dir='ltr'><strong>scelere</strong></span> <span class='ocrx_word' id='word_1_213' title='bbox 584 1528 830 1578; x_wconf 82' lang='lat' dir='ltr'><strong>commisso,</strong></span> <span class='ocrx_word' id='word_1_214' title='bbox 849 1528 1041 1568; x_wconf 84' lang='lat' dir='ltr'><strong>omnium</strong></span> <span class='ocrx_word' id='word_1_215' title='bbox 1073 1528 1314 1568; x_wconf 81' lang='lat' dir='ltr'><strong>officiorum</strong></span> <span class='ocrx_word' id='word_1_216' title='bbox 1339 1529 1590 1570; x_wconf 75' lang='lat' dir='ltr'><strong>societatem</strong></span> <span class='ocrx_word' id='word_1_217' title='bbox 1621 1529 1687 1570; x_wconf 89' lang='lat' dir='ltr'><strong>di-</strong></span> 
     </span>
     <span class='ocr_line' id='line_1_29' title="bbox 249 1584 1684 1639; baseline 0.003 -16"><span class='ocrx_word' id='word_1_218' title='bbox 249 1584 460 1626; x_wconf 83' lang='lat' dir='ltr'><strong>remisset.</strong></span> <span class='ocrx_word' id='word_1_219' title='bbox 501 1587 610 1632; x_wconf 80' lang='lat' dir='ltr'><strong>Quis</strong></span> <span class='ocrx_word' id='word_1_220' title='bbox 635 1585 828 1626; x_wconf 67' lang='lat' dir='ltr'><strong>nostrum</strong></span> <span class='ocrx_word' id='word_1_221' title='bbox 848 1586 938 1625; x_wconf 87' lang='lat' dir='ltr'><strong>Ser.</strong></span> <span class='ocrx_word' id='word_1_222' title='bbox 962 1584 1149 1625; x_wconf 72' lang='lat' dir='ltr'><strong>Sullam?</strong></span> <span class='ocrx_word' id='word_1_223' title='bbox 1187 1588 1222 1615; x_wconf 86' lang='lat'><strong>¹0</strong></span> <span class='ocrx_word' id='word_1_224' title='bbox 1238 1585 1332 1639; x_wconf 86' lang='lat' dir='ltr'><strong>quis</strong></span> <span class='ocrx_word' id='word_1_225' title='bbox 1359 1585 1408 1626; x_wconf 89' lang='lat' dir='ltr'><strong>P.</strong></span> <span class='ocrx_word' id='word_1_226' title='bbox 1430 1585 1684 1627; x_wconf 87' lang='lat' dir='ltr'><strong>Lentulum?</strong></span> 
     </span>
     <span class='ocr_line' id='line_1_30' title="bbox 248 1641 1682 1698; baseline 0.002 -17"><span class='ocrx_word' id='word_1_227' title='bbox 248 1642 342 1696; x_wconf 86' lang='lat' dir='ltr'><strong>quis</strong></span> <span class='ocrx_word' id='word_1_228' title='bbox 373 1641 438 1683; x_wconf 82' lang='grc' dir='ltr'><strong>Μ.</strong></span> <span class='ocrx_word' id='word_1_229' title='bbox 467 1643 677 1684; x_wconf 83' lang='lat' dir='ltr'><strong>Leccam?</strong></span> <span class='ocrx_word' id='word_1_230' title='bbox 708 1643 803 1697; x_wconf 84' lang='lat' dir='ltr'><strong>quis</strong></span> <span class='ocrx_word' id='word_1_231' title='bbox 838 1641 1087 1683; x_wconf 83' lang='lat' dir='ltr'><strong>Cornelium</strong></span> <span class='ocrx_word' id='word_1_232' title='bbox 1134 1641 1452 1683; x_wconf 80' lang='lat' dir='ltr'><strong>defendendum</strong></span> <span class='ocrx_word' id='word_1_233' title='bbox 1486 1643 1682 1698; x_wconf 80' lang='lat' dir='ltr'><strong>putavit?</strong></span> 
     </span>
     <span class='ocr_line' id='line_1_31' title="bbox 249 1699 1681 1754; baseline 0.001 -15"><span class='ocrx_word' id='word_1_234' title='bbox 249 1699 394 1754; x_wconf 74' lang='lat' dir='ltr'><strong>¹¹qnis</strong></span> <span class='ocrx_word' id='word_1_235' title='bbox 423 1699 487 1740; x_wconf 79' lang='lat' dir='ltr'><strong>liis</strong></span> <span class='ocrx_word' id='word_1_236' title='bbox 512 1700 665 1741; x_wconf 86' lang='lat' dir='ltr'><strong>horum</strong></span> <span class='ocrx_word' id='word_1_237' title='bbox 697 1699 864 1741; x_wconf 82' lang='lat' dir='ltr'><strong>adfuit?</strong></span> <span class='ocrx_word' id='word_1_238' title='bbox 897 1713 1037 1740; x_wconf 82' lang='lat' dir='ltr'><strong>nenio.</strong></span> <span class='ocrx_word' id='word_1_239' title='bbox 1069 1699 1170 1754; x_wconf 89' lang='lat' dir='ltr'><strong>quid</strong></span> <span class='ocrx_word' id='word_1_240' title='bbox 1202 1700 1290 1742; x_wconf 79' lang='lat' dir='ltr'><strong>ita?</strong></span> <span class='ocrx_word' id='word_1_241' title='bbox 1331 1699 1433 1754; x_wconf 87' lang='lat' dir='ltr'><strong>quia</strong></span> <span class='ocrx_word' id='word_1_242' title='bbox 1467 1701 1618 1741; x_wconf 81' lang='lat' dir='ltr'><strong>ceteris</strong></span> <span class='ocrx_word' id='word_1_243' title='bbox 1639 1700 1681 1741; x_wconf 88' lang='lat' dir='ltr'><strong>in</strong></span> 
     </span>
     <span class='ocr_line' id='line_1_32' title="bbox 245 1756 1686 1809; baseline 0.002 -13"><span class='ocrx_word' id='word_1_244' title='bbox 245 1756 398 1807; x_wconf 83' lang='lat' dir='ltr'><strong>causis,</strong></span> <span class='ocrx_word' id='word_1_245' title='bbox 420 1757 550 1798; x_wconf 87' lang='lat' dir='ltr'><strong>etiam</strong></span> <span class='ocrx_word' id='word_1_246' title='bbox 573 1766 790 1808; x_wconf 86' lang='lat' dir='ltr'><strong>nocentes,</strong></span> <span class='ocrx_word' id='word_1_247' title='bbox 819 1756 899 1798; x_wconf 81' lang='lat' dir='ltr'><strong>viri</strong></span> <span class='ocrx_word' id='word_1_248' title='bbox 938 1756 1055 1807; x_wconf 88' lang='lat' dir='ltr'><strong>boni,</strong></span> <span class='ocrx_word' id='word_1_249' title='bbox 1077 1757 1110 1797; x_wconf 91' lang='lat' dir='ltr'><strong>si</strong></span> <span class='ocrx_word' id='word_1_250' title='bbox 1147 1757 1375 1797; x_wconf 82' lang='lat' dir='ltr'><strong>necessarii</strong></span> <span class='ocrx_word' id='word_1_251' title='bbox 1401 1766 1514 1809; x_wconf 87' lang='lat' dir='ltr'><strong>sunt,</strong></span> <span class='ocrx_word' id='word_1_252' title='bbox 1547 1759 1686 1799; x_wconf 68' lang='grc' dir='ltr'><strong>12ῐιοιι</strong></span> 
     </span>
    </p>
   </div>
   <div class='ocr_carea' id='block_1_14' title="bbox 237 1924 944 2762">
    <p class='ocr_par' dir='ltr' id='par_1_14' title="bbox 237 1924 943 2132">
     <span class='ocr_line' id='line_1_33' title="bbox 237 1924 941 1967; baseline 0 -13"><span class='ocrx_word' id='word_1_253' title='bbox 237 1962 242 1967; x_wconf 69' lang='lat'>,</span> <span class='ocrx_word' id='word_1_254' title='bbox 286 1927 302 1957; x_wconf 82' lang='grc'><strong>7</strong></span> <span class='ocrx_word' id='word_1_255' title='bbox 326 1933 388 1954; x_wconf 81' lang='lat' dir='ltr'><strong>non</strong></span> <span class='ocrx_word' id='word_1_256' title='bbox 400 1924 572 1961; x_wconf 67' lang='lat' dir='ltr'><strong>dubimsse,</strong></span> <span class='ocrx_word' id='word_1_257' title='bbox 588 1927 666 1966; x_wconf 74' lang='lat' dir='ltr'><strong>quin</strong></span> <span class='ocrx_word' id='word_1_258' title='bbox 677 1924 876 1966; x_wconf 54' lang='lat' dir='ltr'><strong>defenderet]</strong></span> <span class='ocrx_word' id='word_1_259' title='bbox 903 1924 941 1954; x_wconf 84' lang='lat' dir='ltr'><strong>ln</strong></span> 
     </span>
     <span class='ocr_line' id='line_1_34' title="bbox 244 1965 943 1999; baseline 0 -3"><span class='ocrx_word' id='word_1_260' title='bbox 244 1965 306 1996; x_wconf 78' lang='lat' dir='ltr'><strong>hac</strong></span> <span class='ocrx_word' id='word_1_261' title='bbox 335 1969 500 1998; x_wconf 82' lang='lat' dir='ltr'><strong>sententia</strong></span> <span class='ocrx_word' id='word_1_262' title='bbox 528 1969 607 1999; x_wconf 75' lang='lat' dir='ltr'><strong>alias</strong></span> <span class='ocrx_word' id='word_1_263' title='bbox 630 1969 779 1999; x_wconf 74' lang='lat' dir='ltr'><strong>dubitare</strong></span> <span class='ocrx_word' id='word_1_264' title='bbox 802 1967 943 1998; x_wconf 78' lang='lat' dir='ltr'><strong>struitur</strong></span> 
     </span>
     <span class='ocr_line' id='line_1_35' title="bbox 246 2009 942 2049; baseline 0.001 -12"><span class='ocrx_word' id='word_1_265' title='bbox 246 2018 321 2038; x_wconf 88' lang='lat' dir='ltr'><strong>eum</strong></span> <span class='ocrx_word' id='word_1_266' title='bbox 345 2009 529 2047; x_wconf 66' lang='lat' dir='ltr'><strong>insnum-03</strong></span> <span class='ocrx_word' id='word_1_267' title='bbox 561 2010 739 2041; x_wconf 83' lang='lat' dir='ltr'><strong>secundum</strong></span> <span class='ocrx_word' id='word_1_268' title='bbox 762 2010 847 2049; x_wconf 86' lang='lat' dir='ltr'><strong>quod</strong></span> <span class='ocrx_word' id='word_1_269' title='bbox 875 2018 942 2039; x_wconf 75' lang='lat' dir='ltr'><strong>esse</strong></span> 
     </span>
     <span class='ocr_line' id='line_1_36' title="bbox 245 2050 943 2084; baseline 0.004 -5"><span class='ocrx_word' id='word_1_270' title='bbox 245 2050 383 2081; x_wconf 77' lang='lat' dir='ltr'><strong>debebat</strong></span> <span class='ocrx_word' id='word_1_271' title='bbox 405 2062 467 2082; x_wconf 74' lang='lat' dir='ltr'><strong>uon</strong></span> <span class='ocrx_word' id='word_1_272' title='bbox 490 2053 650 2083; x_wconf 73' lang='lat' dir='ltr'><strong>dubitasse</strong></span> <span class='ocrx_word' id='word_1_273' title='bbox 664 2054 732 2084; x_wconf 70' lang='lat' dir='ltr'><strong>vm.</strong></span> <span class='ocrx_word' id='word_1_274' title='bbox 748 2052 793 2083; x_wconf 90' lang='lat' dir='ltr'><strong>P.</strong></span> <span class='ocrx_word' id='word_1_275' title='bbox 811 2052 943 2084; x_wconf 73' lang='lat' dir='ltr'><strong>Sullam</strong></span> 
     </span>
     <span class='ocr_line' id='line_1_37' title="bbox 247 2092 427 2132; baseline 0.017 -11"><span class='ocrx_word' id='word_1_276' title='bbox 247 2092 427 2132; x_wconf 50' lang='lat' dir='ltr'><strong>defendere.</strong></span> 
     </span>
    </p>

    <p class='ocr_par' dir='ltr' id='par_1_15' title="bbox 243 2135 944 2418">
     <span class='ocr_line' id='line_1_38' title="bbox 289 2135 943 2177; baseline 0 -12"><span class='ocrx_word' id='word_1_277' title='bbox 289 2138 306 2165; x_wconf 71' lang='lat'>8</span> <span class='ocrx_word' id='word_1_278' title='bbox 329 2137 628 2177; x_wconf 58' lang='lat' dir='ltr'><strong>oeldo-(n-f—vstlffl]</strong></span> <span class='ocrx_word' id='word_1_279' title='bbox 645 2136 751 2167; x_wconf 76' lang='lat' dir='ltr'><strong>Locus</strong></span> <span class='ocrx_word' id='word_1_280' title='bbox 764 2137 808 2167; x_wconf 86' lang='lat' dir='ltr'><strong>sic</strong></span> <span class='ocrx_word' id='word_1_281' title='bbox 823 2135 943 2166; x_wconf 85' lang='lat' dir='ltr'><strong>consti-</strong></span> 
     </span>
     <span class='ocr_line' id='line_1_39' title="bbox 246 2179 942 2217; baseline 0.004 -12"><span class='ocrx_word' id='word_1_282' title='bbox 246 2180 339 2207; x_wconf 84' lang='lat' dir='ltr'><strong>tutus</strong></span> <span class='ocrx_word' id='word_1_283' title='bbox 352 2184 401 2207; x_wconf 72' lang='lat' dir='ltr'><strong>est</strong></span> <span class='ocrx_word' id='word_1_284' title='bbox 416 2190 434 2208; x_wconf 74' lang='lat' dir='ltr'><strong>:i</strong></span> <span class='ocrx_word' id='word_1_285' title='bbox 448 2180 589 2209; x_wconf 70' lang='lat' dir='ltr'><strong>Grutero</strong></span> <span class='ocrx_word' id='word_1_286' title='bbox 605 2191 621 2209; x_wconf 86' lang='lat' dir='ltr'><strong>e</strong></span> <span class='ocrx_word' id='word_1_287' title='bbox 646 2179 709 2209; x_wconf 76' lang='lat' dir='ltr'><strong>Ms.</strong></span> <span class='ocrx_word' id='word_1_288' title='bbox 726 2180 794 2209; x_wconf 77' lang='lat' dir='ltr'><strong>Pal.</strong></span> <span class='ocrx_word' id='word_1_289' title='bbox 809 2180 942 2217; x_wconf 84' lang='lat' dir='ltr'><strong>ejusque</strong></span> 
     </span>
     <span class='ocr_line' id='line_1_40' title="bbox 244 2217 942 2261; baseline 0.004 -14"><span class='ocrx_word' id='word_1_290' title='bbox 244 2217 395 2249; x_wconf 73' lang='lat' dir='ltr'><strong>lectionis</strong></span> <span class='ocrx_word' id='word_1_291' title='bbox 415 2223 535 2251; x_wconf 68' lang='lat' dir='ltr'><strong>veritas</strong></span> <span class='ocrx_word' id='word_1_292' title='bbox 561 2233 599 2251; x_wconf 68' lang='lat' dir='ltr'><strong>ex</strong></span> <span class='ocrx_word' id='word_1_293' title='bbox 626 2222 695 2261; x_wconf 73' lang='lat' dir='ltr'><strong>ipsa</strong></span> <span class='ocrx_word' id='word_1_294' title='bbox 718 2222 942 2252; x_wconf 84' lang='lat' dir='ltr'><strong>concinnitate</strong></span> 
     </span>
     <span class='ocr_line' id='line_1_41' title="bbox 244 2262 943 2298; baseline 0.003 -8"><span class='ocrx_word' id='word_1_295' title='bbox 244 2262 466 2293; x_wconf 80' lang='lat' dir='ltr'><strong>membrorum</strong></span> <span class='ocrx_word' id='word_1_296' title='bbox 492 2264 702 2298; x_wconf 62' lang='lat' dir='ltr'><strong>intelligitur.</strong></span> <span class='ocrx_word' id='word_1_297' title='bbox 760 2263 846 2294; x_wconf 78' lang='lat' dir='ltr'><strong>Ante</strong></span> <span class='ocrx_word' id='word_1_298' title='bbox 871 2267 943 2293; x_wconf 85' lang='lat' dir='ltr'><strong>crat</strong></span> 
     </span>
     <span class='ocr_line' id='line_1_42' title="bbox 244 2303 943 2344; baseline 0.004 -13"><span class='ocrx_word' id='word_1_299' title='bbox 244 2303 472 2343; x_wconf 73' lang='lat' dir='ltr'><strong>eel.jmlici21m</strong></span> <span class='ocrx_word' id='word_1_300' title='bbox 488 2311 516 2335; x_wconf 65' lang='lat' dir='ltr'><strong>e*</strong></span> <span class='ocrx_word' id='word_1_301' title='bbox 531 2307 654 2343; x_wconf 74' lang='lat' dir='ltr'><strong>ornari,</strong></span> <span class='ocrx_word' id='word_1_302' title='bbox 666 2316 799 2336; x_wconf 75' lang='lat' dir='ltr'><strong>causam</strong></span> <span class='ocrx_word' id='word_1_303' title='bbox 814 2304 943 2344; x_wconf 52' lang='lat' dir='ltr'><strong>defendi</strong></span> 
     </span>
     <span class='ocr_line' id='line_1_43' title="bbox 243 2345 944 2386; baseline 0.004 -12"><span class='ocrx_word' id='word_1_304' title='bbox 243 2345 342 2386; x_wconf 75' lang='lat' dir='ltr'><strong>hujus</strong></span> <span class='ocrx_word' id='word_1_305' title='bbox 354 2348 530 2378; x_wconf 63' lang='lat' dir='ltr'><strong>innocentis</strong></span> <span class='ocrx_word' id='word_1_306' title='bbox 540 2349 637 2378; x_wconf 68' lang='lat' dir='ltr'><strong>tides.</strong></span> <span class='ocrx_word' id='word_1_307' title='bbox 686 2349 810 2380; x_wconf 72' lang='lat' dir='ltr'><strong>(Jrnari</strong></span> <span class='ocrx_word' id='word_1_308' title='bbox 822 2354 871 2378; x_wconf 78' lang='lat' dir='ltr'><strong>est</strong></span> <span class='ocrx_word' id='word_1_309' title='bbox 885 2347 944 2378; x_wconf 89' lang='lat' dir='ltr'><strong>ho.</strong></span> 
     </span>
     <span class='ocr_line' id='line_1_44' title="bbox 244 2394 374 2418; baseline 0.015 -2"><span class='ocrx_word' id='word_1_310' title='bbox 244 2394 374 2418; x_wconf 58' lang='lat' dir='ltr'><strong>instari.</strong></span> 
     </span>
    </p>

    <p class='ocr_par' dir='ltr' id='par_1_16' title="bbox 239 2432 941 2762">
     <span class='ocr_line' id='line_1_45' title="bbox 285 2432 941 2473; baseline 0 -12"><span class='ocrx_word' id='word_1_311' title='bbox 285 2435 305 2463; x_wconf 75' lang='lat'><strong>9</strong></span> <span class='ocrx_word' id='word_1_312' title='bbox 327 2441 462 2470; x_wconf 68' lang='lat' dir='ltr'><strong>quorum</strong></span> <span class='ocrx_word' id='word_1_313' title='bbox 486 2442 543 2468; x_wconf 56' lang='lat' dir='ltr'><strong>ega</strong></span> <span class='ocrx_word' id='word_1_314' title='bbox 570 2443 664 2473; x_wconf 78' lang='lat' dir='ltr'><strong>opera</strong></span> <span class='ocrx_word' id='word_1_315' title='bbox 690 2432 762 2472; x_wconf 63' lang='grc' dir='ltr'><strong>δια]</strong></span> <span class='ocrx_word' id='word_1_316' title='bbox 789 2432 941 2472; x_wconf 61' lang='lat' dir='ltr'><strong>‚Quorum</strong></span> 
     </span>
     <span class='ocr_line' id='line_1_46' title="bbox 242 2470 941 2505; baseline 0.004 -5"><span class='ocrx_word' id='word_1_317' title='bbox 242 2470 339 2503; x_wconf 76' lang='lat' dir='ltr'><strong>debet</strong></span> <span class='ocrx_word' id='word_1_318' title='bbox 357 2474 463 2504; x_wconf 67' lang='lat' dir='ltr'><strong>referri</strong></span> <span class='ocrx_word' id='word_1_319' title='bbox 489 2475 528 2504; x_wconf 68' lang='lat' dir='ltr'><strong>ml</strong></span> <span class='ocrx_word' id='word_1_320' title='bbox 550 2480 744 2505; x_wconf 67' lang='lat' dir='ltr'><strong>ornantem«.</strong></span> <span class='ocrx_word' id='word_1_321' title='bbox 759 2484 798 2504; x_wconf 81' lang='lat' dir='ltr'><strong>ac</strong></span> <span class='ocrx_word' id='word_1_322' title='bbox 813 2475 941 2504; x_wconf 81' lang='lat' dir='ltr'><strong>lumina</strong></span> 
     </span>
     <span class='ocr_line' id='line_1_47' title="bbox 243 2515 941 2556; baseline 0.003 -13"><span class='ocrx_word' id='word_1_323' title='bbox 243 2515 301 2544; x_wconf 72' lang='lat' dir='ltr'><strong>civ.</strong></span> <span class='ocrx_word' id='word_1_324' title='bbox 347 2516 409 2545; x_wconf 59' lang='lat' dir='ltr'><strong>Sci!</strong></span> <span class='ocrx_word' id='word_1_325' title='bbox 425 2516 454 2545; x_wconf 80' lang='lat' dir='ltr'><strong>id</strong></span> <span class='ocrx_word' id='word_1_326' title='bbox 472 2524 518 2546; x_wconf 57' lang='lat' dir='ltr'><strong>cst</strong></span> <span class='ocrx_word' id='word_1_327' title='bbox 544 2517 676 2547; x_wconf 84' lang='lat' dir='ltr'><strong>durnin:</strong></span> <span class='ocrx_word' id='word_1_328' title='bbox 701 2528 774 2547; x_wconf 83' lang='lat' dir='ltr'><strong>cnm</strong></span> <span class='ocrx_word' id='word_1_329' title='bbox 797 2517 941 2556; x_wconf 78' lang='lat' dir='ltr'><strong>interpo-</strong></span> 
     </span>
     <span class='ocr_line' id='line_1_48' title="bbox 242 2557 939 2599; baseline 0 -12"><span class='ocrx_word' id='word_1_330' title='bbox 242 2557 341 2587; x_wconf 65' lang='lat' dir='ltr'><strong>situm</strong></span> <span class='ocrx_word' id='word_1_331' title='bbox 368 2559 408 2587; x_wconf 73' lang='lat' dir='ltr'><strong>sit</strong></span> <span class='ocrx_word' id='word_1_332' title='bbox 436 2559 468 2586; x_wconf 75' lang='lat'><strong>7‘11</strong></span> <span class='ocrx_word' id='word_1_333' title='bbox 491 2561 539 2589; x_wconf 64' lang='lat' dir='ltr'><strong>liis</strong></span> <span class='ocrx_word' id='word_1_334' title='bbox 562 2570 611 2590; x_wconf 78' lang='lat' dir='ltr'><strong>me</strong></span> <span class='ocrx_word' id='word_1_335' title='bbox 633 2569 793 2599; x_wconf 73' lang='lat' dir='ltr'><strong>apparere</strong></span> <span class='ocrx_word' id='word_1_336' title='bbox 809 2560 939 2594; x_wconf 79' lang='lat' dir='ltr'><strong>nollem,</strong></span> 
     </span>
     <span class='ocr_line' id='line_1_49' title="bbox 241 2599 941 2637; baseline 0.001 -8"><span class='ocrx_word' id='word_1_337' title='bbox 241 2607 286 2629; x_wconf 80' lang='lat' dir='ltr'><strong>sc.</strong></span> <span class='ocrx_word' id='word_1_338' title='bbox 307 2599 477 2631; x_wconf 66' lang='lat' dir='ltr'><strong>subsc-iliis.</strong></span> <span class='ocrx_word' id='word_1_339' title='bbox 502 2602 634 2637; x_wconf 75' lang='lat' dir='ltr'><strong>Vereor,</strong></span> <span class='ocrx_word' id='word_1_340' title='bbox 650 2612 689 2631; x_wconf 85' lang='lat' dir='ltr'><strong>ne</strong></span> <span class='ocrx_word' id='word_1_341' title='bbox 705 2607 762 2631; x_wconf 72' lang='lat' dir='ltr'><strong>:uit</strong></span> <span class='ocrx_word' id='word_1_342' title='bbox 785 2600 941 2630; x_wconf 74' lang='lat' dir='ltr'><strong>exciderit</strong></span> 
     </span>
     <span class='ocr_line' id='line_1_50' title="bbox 241 2640 940 2683; baseline 0.003 -13"><span class='ocrx_word' id='word_1_343' title='bbox 241 2640 376 2680; x_wconf 80' lang='lat' dir='ltr'><strong>aliquid.</strong></span> <span class='ocrx_word' id='word_1_344' title='bbox 387 2651 442 2673; x_wconf 79' lang='lat' dir='ltr'><strong>aut</strong></span> <span class='ocrx_word' id='word_1_345' title='bbox 454 2645 687 2683; x_wconf 52' lang='lat' dir='ltr'><strong>transpositum</strong></span> <span class='ocrx_word' id='word_1_346' title='bbox 699 2644 754 2673; x_wconf 81' lang='lat' dir='ltr'><strong>sit.</strong></span> <span class='ocrx_word' id='word_1_347' title='bbox 768 2643 831 2672; x_wconf 72' lang='lat' dir='ltr'><strong>Pro</strong></span> <span class='ocrx_word' id='word_1_348' title='bbox 844 2652 940 2682; x_wconf 61' lang='lat' dir='ltr'><strong>oswi-(1</strong></span> 
     </span>
     <span class='ocr_line' id='line_1_51' title="bbox 239 2683 939 2725; baseline 0.003 -13"><span class='ocrx_word' id='word_1_349' title='bbox 239 2683 294 2713; x_wconf 79' lang='lat' dir='ltr'><strong>alii</strong></span> <span class='ocrx_word' id='word_1_350' title='bbox 324 2684 396 2715; x_wconf 80' lang='lat' dir='ltr'><strong>libri</strong></span> <span class='ocrx_word' id='word_1_351' title='bbox 425 2695 527 2724; x_wconf 73' lang='lat' dir='ltr'><strong>opere,</strong></span> <span class='ocrx_word' id='word_1_352' title='bbox 551 2687 629 2716; x_wconf 83' lang='lat' dir='ltr'><strong>item</strong></span> <span class='ocrx_word' id='word_1_353' title='bbox 650 2695 717 2725; x_wconf 69' lang='lat' dir='ltr'><strong>ope.</strong></span> <span class='ocrx_word' id='word_1_354' title='bbox 746 2685 833 2723; x_wconf 75' lang='lat' dir='ltr'><strong>quod</strong></span> <span class='ocrx_word' id='word_1_355' title='bbox 856 2686 939 2714; x_wconf 76' lang='lat' dir='ltr'><strong>sorte</strong></span> 
     </span>
     <span class='ocr_line' id='line_1_52' title="bbox 240 2726 931 2762; baseline 0.003 -8"><span class='ocrx_word' id='word_1_356' title='bbox 240 2726 366 2756; x_wconf 82' lang='lat' dir='ltr'><strong>melius.</strong></span> <span class='ocrx_word' id='word_1_357' title='bbox 412 2727 473 2757; x_wconf 68' lang='lat' dir='ltr'><strong>Seii</strong></span> <span class='ocrx_word' id='word_1_358' title='bbox 489 2734 521 2757; x_wconf 72' lang='lat' dir='ltr'><strong>et</strong></span> <span class='ocrx_word' id='word_1_359' title='bbox 537 2728 626 2758; x_wconf 76' lang='lat' dir='ltr'><strong>aliud</strong></span> <span class='ocrx_word' id='word_1_360' title='bbox 639 2734 687 2759; x_wconf 84' lang='lat' dir='ltr'><strong>est</strong></span> <span class='ocrx_word' id='word_1_361' title='bbox 706 2728 737 2757; x_wconf 88' lang='lat' dir='ltr'><strong>in</strong></span> <span class='ocrx_word' id='word_1_362' title='bbox 761 2728 823 2757; x_wconf 83' lang='lat' dir='ltr'><strong>hoe</strong></span> <span class='ocrx_word' id='word_1_363' title='bbox 846 2727 931 2762; x_wconf 77' lang='lat' dir='ltr'><strong>loen,</strong></span> 
     </span>
    </p>
   </div>
   <div class='ocr_carea' id='block_1_15' title="bbox 984 1924 1687 2303">
    <p class='ocr_par' dir='ltr' id='par_1_17' title="bbox 986 1924 1544 1966">
     <span class='ocr_line' id='line_1_53' title="bbox 986 1924 1544 1966; baseline 0.002 -12"><span class='ocrx_word' id='word_1_364' title='bbox 986 1934 1049 1964; x_wconf 82' lang='lat' dir='ltr'><strong>que</strong></span> <span class='ocrx_word' id='word_1_365' title='bbox 1061 1935 1121 1966; x_wconf 85' lang='lat' dir='ltr'><strong>pro</strong></span> <span class='ocrx_word' id='word_1_366' title='bbox 1137 1927 1224 1956; x_wconf 75' lang='lat' dir='ltr'><strong>hanc</strong></span> <span class='ocrx_word' id='word_1_367' title='bbox 1238 1924 1413 1965; x_wconf 86' lang='lat' dir='ltr'><strong>legendum</strong></span> <span class='ocrx_word' id='word_1_368' title='bbox 1436 1927 1544 1956; x_wconf 81' lang='lat' dir='ltr'><strong>illam.</strong></span> 
     </span>
    </p>

    <p class='ocr_par' dir='ltr' id='par_1_18' title="bbox 984 1967 1687 2303">
     <span class='ocr_line' id='line_1_54' title="bbox 1031 1967 1687 2007; baseline 0.003 -11"><span class='ocrx_word' id='word_1_369' title='bbox 1031 1969 1068 1997; x_wconf 85' lang='lat'><strong>10</strong></span> <span class='ocrx_word' id='word_1_370' title='bbox 1090 1969 1160 2007; x_wconf 81' lang='lat' dir='ltr'><strong>quis</strong></span> <span class='ocrx_word' id='word_1_371' title='bbox 1176 1968 1219 1998; x_wconf 86' lang='lat' dir='ltr'><strong>P.</strong></span> <span class='ocrx_word' id='word_1_372' title='bbox 1235 1968 1431 2006; x_wconf 78' lang='lat' dir='ltr'><strong>Lentulum]</strong></span> <span class='ocrx_word' id='word_1_373' title='bbox 1456 1967 1597 1998; x_wconf 76' lang='lat' dir='ltr'><strong>Restitui</strong></span> <span class='ocrx_word' id='word_1_374' title='bbox 1622 1967 1687 2007; x_wconf 78' lang='lat' dir='ltr'><strong>eje·</strong></span> 
     </span>
     <span class='ocr_line' id='line_1_55' title="bbox 986 2010 1685 2049; baseline 0.001 -10"><span class='ocrx_word' id='word_1_375' title='bbox 986 2013 1078 2040; x_wconf 85' lang='lat' dir='ltr'><strong>ctum</strong></span> <span class='ocrx_word' id='word_1_376' title='bbox 1101 2020 1120 2040; x_wconf 82' lang='lat' dir='ltr'>a</span> <span class='ocrx_word' id='word_1_377' title='bbox 1143 2011 1286 2040; x_wconf 85' lang='lat' dir='ltr'><strong>Grutero</strong></span> <span class='ocrx_word' id='word_1_378' title='bbox 1304 2010 1504 2044; x_wconf 61' lang='lat' dir='ltr'><strong>Lentulunm</strong></span> <span class='ocrx_word' id='word_1_379' title='bbox 1528 2010 1584 2049; x_wconf 87' lang='lat' dir='ltr'><strong>qui</strong></span> <span class='ocrx_word' id='word_1_380' title='bbox 1607 2019 1685 2040; x_wconf 85' lang='lat' dir='ltr'><strong>sane</strong></span> 
     </span>
     <span class='ocr_line' id='line_1_56' title="bbox 986 2051 1685 2092; baseline 0 -10"><span class='ocrx_word' id='word_1_381' title='bbox 986 2051 1020 2081; x_wconf 89' lang='lat' dir='ltr'><strong>in</strong></span> <span class='ocrx_word' id='word_1_382' title='bbox 1036 2052 1107 2082; x_wconf 84' lang='lat' dir='ltr'><strong>edd.</strong></span> <span class='ocrx_word' id='word_1_383' title='bbox 1123 2062 1171 2092; x_wconf 85' lang='lat' dir='ltr'><strong>pr.</strong></span> <span class='ocrx_word' id='word_1_384' title='bbox 1189 2061 1254 2082; x_wconf 89' lang='lat' dir='ltr'><strong>non</strong></span> <span class='ocrx_word' id='word_1_385' title='bbox 1271 2057 1333 2088; x_wconf 84' lang='lat' dir='ltr'><strong>est,</strong></span> <span class='ocrx_word' id='word_1_386' title='bbox 1348 2053 1502 2091; x_wconf 86' lang='lat' dir='ltr'><strong>abestque</strong></span> <span class='ocrx_word' id='word_1_387' title='bbox 1525 2052 1604 2082; x_wconf 81' lang='lat' dir='ltr'><strong>Mss.</strong></span> <span class='ocrx_word' id='word_1_388' title='bbox 1617 2051 1685 2091; x_wconf 83' lang='lat' dir='ltr'><strong>ple·</strong></span> 
     </span>
     <span class='ocr_line' id='line_1_57' title="bbox 987 2094 1684 2133; baseline 0.004 -10"><span class='ocrx_word' id='word_1_389' title='bbox 987 2094 1104 2133; x_wconf 86' lang='lat' dir='ltr'><strong>risque.</strong></span> <span class='ocrx_word' id='word_1_390' title='bbox 1161 2095 1288 2125; x_wconf 87' lang='lat' dir='ltr'><strong>Primus</strong></span> <span class='ocrx_word' id='word_1_391' title='bbox 1320 2095 1457 2124; x_wconf 85' lang='lat' dir='ltr'><strong>inseruit</strong></span> <span class='ocrx_word' id='word_1_392' title='bbox 1492 2095 1597 2124; x_wconf 81' lang='lat' dir='ltr'><strong>textui</strong></span> <span class='ocrx_word' id='word_1_393' title='bbox 1634 2094 1684 2126; x_wconf 80' lang='lat' dir='ltr'><strong>ed.</strong></span> 
     </span>
     <span class='ocr_line' id='line_1_58' title="bbox 984 2136 1686 2176; baseline 0.001 -11"><span class='ocrx_word' id='word_1_394' title='bbox 984 2136 1081 2167; x_wconf 68' lang='lat' dir='ltr'><strong>dunt.</strong></span> <span class='ocrx_word' id='word_1_395' title='bbox 1095 2136 1165 2167; x_wconf 85' lang='lat' dir='ltr'><strong>sine</strong></span> <span class='ocrx_word' id='word_1_396' title='bbox 1179 2137 1393 2176; x_wconf 81' lang='lat' dir='ltr'><strong>praenomine,</strong></span> <span class='ocrx_word' id='word_1_397' title='bbox 1404 2140 1492 2166; x_wconf 83' lang='lat' dir='ltr'><strong>certe</strong></span> <span class='ocrx_word' id='word_1_398' title='bbox 1507 2147 1524 2166; x_wconf 87' lang='lat' dir='ltr'><strong>e</strong></span> <span class='ocrx_word' id='word_1_399' title='bbox 1539 2136 1605 2166; x_wconf 88' lang='lat' dir='ltr'><strong>Ms.</strong></span> <span class='ocrx_word' id='word_1_400' title='bbox 1621 2137 1686 2167; x_wconf 85' lang='lat' dir='ltr'><strong>Co-</strong></span> 
     </span>
     <span class='ocr_line' id='line_1_59' title="bbox 986 2177 1683 2218; baseline 0 -10"><span class='ocrx_word' id='word_1_401' title='bbox 986 2177 1123 2208; x_wconf 89' lang='lat' dir='ltr'><strong>lotiano.</strong></span> <span class='ocrx_word' id='word_1_402' title='bbox 1156 2179 1302 2209; x_wconf 67' lang='lat' dir='ltr'><strong>Graevius</strong></span> <span class='ocrx_word' id='word_1_403' title='bbox 1311 2184 1346 2208; x_wconf 86' lang='lat' dir='ltr'><strong>et</strong></span> <span class='ocrx_word' id='word_1_404' title='bbox 1360 2179 1393 2208; x_wconf 88' lang='lat' dir='ltr'><strong>in</strong></span> <span class='ocrx_word' id='word_1_405' title='bbox 1407 2179 1470 2209; x_wconf 77' lang='lat' dir='ltr'><strong>Ms-</strong></span> <span class='ocrx_word' id='word_1_406' title='bbox 1486 2178 1538 2208; x_wconf 70' lang='lat' dir='ltr'><strong>Pr.</strong></span> <span class='ocrx_word' id='word_1_407' title='bbox 1553 2179 1683 2218; x_wconf 82' lang='lat' dir='ltr'><strong>reperit.</strong></span> 
     </span>
     <span class='ocr_line' id='line_1_60' title="bbox 986 2220 1683 2259; baseline -0.001 -9"><span class='ocrx_word' id='word_1_408' title='bbox 986 2220 1118 2251; x_wconf 84' lang='lat' dir='ltr'><strong>Gruteri</strong></span> <span class='ocrx_word' id='word_1_409' title='bbox 1130 2221 1290 2251; x_wconf 85' lang='lat' dir='ltr'><strong>dubitatio</strong></span> <span class='ocrx_word' id='word_1_410' title='bbox 1305 2225 1366 2258; x_wconf 83' lang='lat' dir='ltr'><strong>est,</strong></span> <span class='ocrx_word' id='word_1_411' title='bbox 1377 2220 1462 2259; x_wconf 66' lang='lat' dir='ltr'><strong>quod</strong></span> <span class='ocrx_word' id='word_1_412' title='bbox 1476 2221 1510 2250; x_wconf 89' lang='lat' dir='ltr'><strong>P.</strong></span> <span class='ocrx_word' id='word_1_413' title='bbox 1523 2220 1683 2251; x_wconf 81' lang='lat' dir='ltr'><strong>Lentulus</strong></span> 
     </span>
     <span class='ocr_line' id='line_1_61' title="bbox 986 2263 1683 2303; baseline 0 -11"><span class='ocrx_word' id='word_1_414' title='bbox 986 2272 1155 2301; x_wconf 82' lang='lat' dir='ltr'><strong>nunqnam</strong></span> <span class='ocrx_word' id='word_1_415' title='bbox 1185 2273 1258 2293; x_wconf 81' lang='lat' dir='ltr'><strong>reus</strong></span> <span class='ocrx_word' id='word_1_416' title='bbox 1285 2263 1520 2303; x_wconf 86' lang='lat' dir='ltr'><strong>conjurationis</strong></span> <span class='ocrx_word' id='word_1_417' title='bbox 1544 2263 1620 2298; x_wconf 85' lang='lat' dir='ltr'><strong>suit,</strong></span> <span class='ocrx_word' id='word_1_418' title='bbox 1647 2269 1683 2292; x_wconf 74' lang='lat' dir='ltr'><strong>et</strong></span> 
     </span>
    </p>
   </div>
   <div class='ocr_carea' id='block_1_16' title="bbox 978 2305 1684 2344">
    <p class='ocr_par' dir='ltr' id='par_1_19' title="bbox 978 2305 1684 2344">
     <span class='ocr_line' id='line_1_62' title="bbox 978 2305 1684 2344; baseline 0.003 -10"><span class='ocrx_word' id='word_1_419' title='bbox 978 2305 1103 2343; x_wconf 82' lang='lat' dir='ltr'><strong>judicio</strong></span> <span class='ocrx_word' id='word_1_420' title='bbox 1117 2305 1309 2335; x_wconf 75' lang='lat' dir='ltr'><strong>damnatus:</strong></span> <span class='ocrx_word' id='word_1_421' title='bbox 1326 2305 1412 2344; x_wconf 83' lang='lat' dir='ltr'><strong>quod</strong></span> <span class='ocrx_word' id='word_1_422' title='bbox 1426 2305 1472 2335; x_wconf 84' lang='lat' dir='ltr'><strong>ita</strong></span> <span class='ocrx_word' id='word_1_423' title='bbox 1481 2310 1547 2335; x_wconf 83' lang='lat' dir='ltr'><strong>est:</strong></span> <span class='ocrx_word' id='word_1_424' title='bbox 1566 2305 1620 2335; x_wconf 84' lang='lat' dir='ltr'><strong>sed</strong></span> <span class='ocrx_word' id='word_1_425' title='bbox 1639 2305 1684 2336; x_wconf 83' lang='lat' dir='ltr'><strong>P.</strong></span> 
     </span>
    </p>
   </div>
   <div class='ocr_carea' id='block_1_17' title="bbox 982 2346 1684 2767">
    <p class='ocr_par' dir='ltr' id='par_1_20' title="bbox 982 2346 1684 2631">
     <span class='ocr_line' id='line_1_63' title="bbox 986 2346 1684 2386; baseline 0 -9"><span class='ocrx_word' id='word_1_426' title='bbox 986 2347 1096 2384; x_wconf 80' lang='lat' dir='ltr'><strong>Sulla,</strong></span> <span class='ocrx_word' id='word_1_427' title='bbox 1111 2347 1213 2377; x_wconf 80' lang='lat' dir='ltr'><strong>frater</strong></span> <span class='ocrx_word' id='word_1_428' title='bbox 1226 2347 1340 2383; x_wconf 77' lang='lat' dir='ltr'><strong>Servii,</strong></span> <span class='ocrx_word' id='word_1_429' title='bbox 1356 2357 1452 2386; x_wconf 76' lang='lat' dir='ltr'><strong>quem</strong></span> <span class='ocrx_word' id='word_1_430' title='bbox 1475 2347 1527 2377; x_wconf 84' lang='lat' dir='ltr'><strong>hic</strong></span> <span class='ocrx_word' id='word_1_431' title='bbox 1542 2346 1684 2385; x_wconf 79' lang='lat' dir='ltr'><strong>intelligi</strong></span> 
     </span>
     <span class='ocr_line' id='line_1_64' title="bbox 983 2389 1684 2429; baseline 0 -11"><span class='ocrx_word' id='word_1_432' title='bbox 983 2390 1069 2426; x_wconf 62' lang='lat' dir='ltr'><strong>vult,</strong></span> <span class='ocrx_word' id='word_1_433' title='bbox 1084 2399 1101 2419; x_wconf 88' lang='lat' dir='ltr'><strong>e</strong></span> <span class='ocrx_word' id='word_1_434' title='bbox 1117 2389 1263 2420; x_wconf 77' lang='lat' dir='ltr'><strong>Sallustii</strong></span> <span class='ocrx_word' id='word_1_435' title='bbox 1277 2389 1376 2420; x_wconf 86' lang='lat' dir='ltr'><strong>Catil.</strong></span> <span class='ocrx_word' id='word_1_436' title='bbox 1394 2392 1441 2423; x_wconf 76' lang='lat'><strong>17.</strong></span> <span class='ocrx_word' id='word_1_437' title='bbox 1456 2394 1507 2419; x_wconf 83' lang='lat' dir='ltr'><strong>est</strong></span> <span class='ocrx_word' id='word_1_438' title='bbox 1529 2389 1581 2419; x_wconf 80' lang='lat' dir='ltr'><strong>hic</strong></span> <span class='ocrx_word' id='word_1_439' title='bbox 1603 2389 1684 2429; x_wconf 86' lang='lat' dir='ltr'><strong>ipse,</strong></span> 
     </span>
     <span class='ocr_line' id='line_1_65' title="bbox 984 2431 1684 2472; baseline 0 -11"><span class='ocrx_word' id='word_1_440' title='bbox 984 2442 1044 2472; x_wconf 81' lang='lat' dir='ltr'><strong>pro</strong></span> <span class='ocrx_word' id='word_1_441' title='bbox 1067 2441 1131 2470; x_wconf 88' lang='lat' dir='ltr'><strong>quo</strong></span> <span class='ocrx_word' id='word_1_442' title='bbox 1154 2436 1203 2462; x_wconf 87' lang='lat' dir='ltr'><strong>est</strong></span> <span class='ocrx_word' id='word_1_443' title='bbox 1226 2432 1346 2462; x_wconf 80' lang='lat' dir='ltr'><strong>oratio:</strong></span> <span class='ocrx_word' id='word_1_444' title='bbox 1370 2431 1425 2470; x_wconf 87' lang='lat' dir='ltr'><strong>qui</strong></span> <span class='ocrx_word' id='word_1_445' title='bbox 1447 2435 1535 2462; x_wconf 80' lang='lat' dir='ltr'><strong>corte</strong></span> <span class='ocrx_word' id='word_1_446' title='bbox 1559 2431 1611 2461; x_wconf 88' lang='lat' dir='ltr'><strong>hic</strong></span> <span class='ocrx_word' id='word_1_447' title='bbox 1633 2431 1684 2461; x_wconf 91' lang='lat' dir='ltr'><strong>in-</strong></span> 
     </span>
     <span class='ocr_line' id='line_1_66' title="bbox 982 2474 1684 2514; baseline -0.003 -10"><span class='ocrx_word' id='word_1_448' title='bbox 982 2474 1090 2514; x_wconf 79' lang='lat' dir='ltr'><strong>telligi</strong></span> <span class='ocrx_word' id='word_1_449' title='bbox 1119 2483 1185 2504; x_wconf 87' lang='lat' dir='ltr'><strong>non</strong></span> <span class='ocrx_word' id='word_1_450' title='bbox 1212 2478 1331 2514; x_wconf 78' lang='lat' dir='ltr'><strong>potest.</strong></span> <span class='ocrx_word' id='word_1_451' title='bbox 1386 2474 1513 2514; x_wconf 79' lang='lat' dir='ltr'><strong>Nempe</strong></span> <span class='ocrx_word' id='word_1_452' title='bbox 1536 2482 1604 2503; x_wconf 85' lang='lat' dir='ltr'><strong>non</strong></span> <span class='ocrx_word' id='word_1_453' title='bbox 1627 2483 1684 2503; x_wconf 86' lang='lat' dir='ltr'><strong>ne-</strong></span> 
     </span>
     <span class='ocr_line' id='line_1_67' title="bbox 983 2515 1684 2555; baseline -0.003 -9"><span class='ocrx_word' id='word_1_454' title='bbox 983 2526 1069 2546; x_wconf 75' lang='lat' dir='ltr'><strong>cesse</strong></span> <span class='ocrx_word' id='word_1_455' title='bbox 1091 2522 1154 2553; x_wconf 82' lang='lat' dir='ltr'><strong>est,</strong></span> <span class='ocrx_word' id='word_1_456' title='bbox 1176 2525 1288 2546; x_wconf 82' lang='lat' dir='ltr'><strong>omnes</strong></span> <span class='ocrx_word' id='word_1_457' title='bbox 1309 2516 1368 2546; x_wconf 89' lang='lat' dir='ltr'><strong>hos</strong></span> <span class='ocrx_word' id='word_1_458' title='bbox 1392 2525 1462 2545; x_wconf 84' lang='lat' dir='ltr'><strong>reos</strong></span> <span class='ocrx_word' id='word_1_459' title='bbox 1485 2515 1684 2555; x_wconf 84' lang='lat' dir='ltr'><strong>conjuratio-</strong></span> 
     </span>
     <span class='ocr_line' id='line_1_68' title="bbox 984 2557 1684 2599; baseline -0.001 -11"><span class='ocrx_word' id='word_1_460' title='bbox 984 2559 1034 2589; x_wconf 88' lang='lat' dir='ltr'><strong>nis</strong></span> <span class='ocrx_word' id='word_1_461' title='bbox 1048 2559 1244 2599; x_wconf 83' lang='lat' dir='ltr'><strong>intelligere,</strong></span> <span class='ocrx_word' id='word_1_462' title='bbox 1256 2558 1293 2588; x_wconf 86' lang='lat' dir='ltr'><strong>de</strong></span> <span class='ocrx_word' id='word_1_463' title='bbox 1305 2558 1420 2598; x_wconf 87' lang='lat' dir='ltr'><strong>quibus</strong></span> <span class='ocrx_word' id='word_1_464' title='bbox 1430 2557 1556 2598; x_wconf 86' lang='lat' dir='ltr'><strong>judicio</strong></span> <span class='ocrx_word' id='word_1_465' title='bbox 1567 2557 1684 2597; x_wconf 74' lang='lat' dir='ltr'><strong>quaesi-</strong></span> 
     </span>
     <span class='ocr_line' id='line_1_69' title="bbox 983 2601 1127 2631; baseline 0 0"><span class='ocrx_word' id='word_1_466' title='bbox 983 2607 1056 2631; x_wconf 80' lang='lat' dir='ltr'><strong>tum</strong></span> <span class='ocrx_word' id='word_1_467' title='bbox 1071 2601 1127 2631; x_wconf 88' lang='lat' dir='ltr'><strong>sit.</strong></span> 
     </span>
    </p>

    <p class='ocr_par' dir='ltr' id='par_1_21' title="bbox 983 2639 1683 2715">
     <span class='ocr_line' id='line_1_70' title="bbox 1031 2639 1683 2683; baseline 0 -11"><span class='ocrx_word' id='word_1_468' title='bbox 1031 2646 1060 2673; x_wconf 92' lang='lat' dir='ltr'><strong>ll</strong></span> <span class='ocrx_word' id='word_1_469' title='bbox 1088 2643 1158 2683; x_wconf 74' lang='lat' dir='ltr'><strong>quis</strong></span> <span class='ocrx_word' id='word_1_470' title='bbox 1180 2643 1229 2672; x_wconf 79' lang='lat' dir='ltr'><strong>his</strong></span> <span class='ocrx_word' id='word_1_471' title='bbox 1250 2643 1363 2673; x_wconf 77' lang='lat' dir='ltr'><strong>horum</strong></span> <span class='ocrx_word' id='word_1_472' title='bbox 1387 2639 1511 2681; x_wconf 63' lang='lat' dir='ltr'><strong>adfuit]</strong></span> <span class='ocrx_word' id='word_1_473' title='bbox 1537 2640 1683 2672; x_wconf 82' lang='lat' dir='ltr'><strong>Offendit</strong></span> 
     </span>
     <span class='ocr_line' id='line_1_71' title="bbox 983 2683 1589 2715; baseline -0.002 0"><span class='ocrx_word' id='word_1_474' title='bbox 983 2685 1045 2715; x_wconf 83' lang='lat' dir='ltr'><strong>hoc</strong></span> <span class='ocrx_word' id='word_1_475' title='bbox 1057 2695 1151 2715; x_wconf 79' lang='lat' dir='ltr'><strong>aures</strong></span> <span class='ocrx_word' id='word_1_476' title='bbox 1166 2691 1304 2715; x_wconf 87' lang='lat' dir='ltr'><strong>nostras.</strong></span> <span class='ocrx_word' id='word_1_477' title='bbox 1347 2683 1398 2714; x_wconf 89' lang='lat' dir='ltr'><strong>An</strong></span> <span class='ocrx_word' id='word_1_478' title='bbox 1414 2688 1558 2714; x_wconf 76' lang='lat' dir='ltr'><strong>nostrum</strong></span> <span class='ocrx_word' id='word_1_479' title='bbox 1573 2684 1589 2714; x_wconf 74' lang='lat'><strong>‚7</strong></span> 
     </span>
    </p>

    <p class='ocr_par' dir='ltr' id='par_1_22' title="bbox 1021 2725 1677 2767">
     <span class='ocr_line' id='line_1_72' title="bbox 1021 2725 1677 2767; baseline 0 -11"><span class='ocrx_word' id='word_1_480' title='bbox 1021 2729 1058 2758; x_wconf 72' lang='lat'><strong>12</strong></span> <span class='ocrx_word' id='word_1_481' title='bbox 1080 2737 1143 2757; x_wconf 81' lang='lat' dir='ltr'><strong>mm</strong></span> <span class='ocrx_word' id='word_1_482' title='bbox 1155 2726 1367 2767; x_wconf 61' lang='lat' dir='ltr'><strong>defendendos</strong></span> <span class='ocrx_word' id='word_1_483' title='bbox 1381 2736 1446 2756; x_wconf 80' lang='lat' dir='ltr'><strong>esse</strong></span> <span class='ocrx_word' id='word_1_484' title='bbox 1460 2736 1522 2756; x_wconf 79' lang='lat' dir='ltr'><strong>non</strong></span> <span class='ocrx_word' id='word_1_485' title='bbox 1538 2725 1677 2766; x_wconf 73' lang='lat' dir='ltr'><strong>putant]</strong></span> 
     </span>
    </p>
   </div>
   <div class='ocr_carea' id='block_1_18' title="bbox 237 2767 1684 2894">
    <p class='ocr_par' dir='ltr' id='par_1_23' title="bbox 237 2767 1684 2894">
     <span class='ocr_line' id='line_1_73' title="bbox 237 2767 1684 2810; baseline 0.002 -15"><span class='ocrx_word' id='word_1_486' title='bbox 237 2769 322 2806; x_wconf 72' lang='lat' dir='ltr'><strong>qnod</strong></span> <span class='ocrx_word' id='word_1_487' title='bbox 339 2779 403 2800; x_wconf 87' lang='lat' dir='ltr'><strong>non</strong></span> <span class='ocrx_word' id='word_1_488' title='bbox 419 2770 498 2800; x_wconf 70' lang='lat' dir='ltr'><strong>satis</strong></span> <span class='ocrx_word' id='word_1_489' title='bbox 513 2780 690 2809; x_wconf 83' lang='lat' dir='ltr'><strong>concoquo.</strong></span> <span class='ocrx_word' id='word_1_490' title='bbox 737 2769 796 2806; x_wconf 83' lang='lat' dir='ltr'><strong>Ut,</strong></span> <span class='ocrx_word' id='word_1_491' title='bbox 814 2770 868 2799; x_wconf 78' lang='lat' dir='ltr'><strong>ille</strong></span> <span class='ocrx_word' id='word_1_492' title='bbox 891 2770 935 2798; x_wconf 81' lang='lat' dir='ltr'><strong>lo·</strong></span> <span class='ocrx_word' id='word_1_493' title='bbox 976 2770 1029 2799; x_wconf 80' lang='lat' dir='ltr'><strong>Sic</strong></span> <span class='ocrx_word' id='word_1_494' title='bbox 1044 2769 1116 2799; x_wconf 85' lang='lat' dir='ltr'><strong>edd.</strong></span> <span class='ocrx_word' id='word_1_495' title='bbox 1142 2779 1191 2810; x_wconf 85' lang='lat' dir='ltr'><strong>pr.</strong></span> <span class='ocrx_word' id='word_1_496' title='bbox 1214 2777 1386 2799; x_wconf 78' lang='lat' dir='ltr'><strong>consensu.</strong></span> <span class='ocrx_word' id='word_1_497' title='bbox 1431 2767 1564 2798; x_wconf 82' lang='lat' dir='ltr'><strong>Excidit</strong></span> <span class='ocrx_word' id='word_1_498' title='bbox 1587 2769 1620 2798; x_wconf 92' lang='lat' dir='ltr'><strong>in</strong></span> <span class='ocrx_word' id='word_1_499' title='bbox 1644 2768 1684 2798; x_wconf 89' lang='lat' dir='ltr'><strong>li-</strong></span> 
     </span>
     <span class='ocr_line' id='line_1_74' title="bbox 237 2810 1683 2851; baseline 0.001 -13"><span class='ocrx_word' id='word_1_500' title='bbox 237 2819 294 2839; x_wconf 76' lang='lat' dir='ltr'><strong>eus</strong></span> <span class='ocrx_word' id='word_1_501' title='bbox 309 2816 406 2851; x_wconf 68' lang='lat' dir='ltr'><strong>alque</strong></span> <span class='ocrx_word' id='word_1_502' title='bbox 419 2814 485 2841; x_wconf 65' lang='lat' dir='ltr'><strong>mec</strong></span> <span class='ocrx_word' id='word_1_503' title='bbox 499 2813 672 2842; x_wconf 73' lang='lat' dir='ltr'><strong>celsissima</strong></span> <span class='ocrx_word' id='word_1_504' title='bbox 687 2812 776 2842; x_wconf 76' lang='lat' dir='ltr'><strong>sedes</strong></span> <span class='ocrx_word' id='word_1_505' title='bbox 789 2811 935 2851; x_wconf 60' lang='lat' dir='ltr'><strong>dignita-</strong></span> <span class='ocrx_word' id='word_1_506' title='bbox 977 2812 1043 2841; x_wconf 84' lang='lat' dir='ltr'><strong>bris</strong></span> <span class='ocrx_word' id='word_1_507' title='bbox 1059 2811 1228 2841; x_wconf 89' lang='lat' dir='ltr'><strong>nonnullis</strong></span> <span class='ocrx_word' id='word_1_508' title='bbox 1243 2812 1386 2851; x_wconf 84' lang='lat' dir='ltr'><strong>primum</strong></span> <span class='ocrx_word' id='word_1_509' title='bbox 1403 2820 1468 2840; x_wconf 81' lang='lat' dir='ltr'><strong>mm</strong></span> <span class='ocrx_word' id='word_1_510' title='bbox 1479 2822 1488 2839; x_wconf 91' lang='lat'><strong>.·</strong></span> <span class='ocrx_word' id='word_1_511' title='bbox 1509 2810 1597 2840; x_wconf 85' lang='lat' dir='ltr'><strong>unde</strong></span> <span class='ocrx_word' id='word_1_512' title='bbox 1612 2810 1683 2850; x_wconf 89' lang='lat' dir='ltr'><strong>qui-</strong></span> 
     </span>
     <span class='ocr_line' id='line_1_75' title="bbox 238 2852 1680 2894; baseline 0.002 -13"><span class='ocrx_word' id='word_1_513' title='bbox 238 2853 279 2881; x_wconf 60' lang='lat' dir='ltr'><strong>h&#39;s</strong></span> <span class='ocrx_word' id='word_1_514' title='bbox 293 2858 388 2892; x_wconf 74' lang='lat' dir='ltr'><strong>atque</strong></span> <span class='ocrx_word' id='word_1_515' title='bbox 402 2855 529 2885; x_wconf 59' lang='lat' dir='ltr'><strong>homnis</strong></span> <span class='ocrx_word' id='word_1_516' title='bbox 551 2860 599 2886; x_wconf 77' lang='lat' dir='ltr'><strong>est</strong></span> <span class='ocrx_word' id='word_1_517' title='bbox 623 2854 825 2891; x_wconf 63' lang='lat' dir='ltr'><strong>consulatus,</strong></span> <span class='ocrx_word' id='word_1_518' title='bbox 842 2860 937 2894; x_wconf 82' lang='lat' dir='ltr'><strong>puto-</strong></span> <span class='ocrx_word' id='word_1_519' title='bbox 979 2853 1055 2885; x_wconf 78' lang='lat' dir='ltr'><strong>dani</strong></span> <span class='ocrx_word' id='word_1_520' title='bbox 1082 2853 1264 2893; x_wconf 82' lang='lat' dir='ltr'><strong>corrigendi</strong></span> <span class='ocrx_word' id='word_1_521' title='bbox 1294 2862 1422 2892; x_wconf 83' lang='lat' dir='ltr'><strong>caussa,</strong></span> <span class='ocrx_word' id='word_1_522' title='bbox 1451 2856 1510 2884; x_wconf 72' lang='lat' dir='ltr'><strong>aut</strong></span> <span class='ocrx_word' id='word_1_523' title='bbox 1539 2852 1680 2884; x_wconf 79' lang='lat' dir='ltr'><strong>alterum</strong></span> 
     </span>
    </p>
   </div>
   <div class='ocr_carea' id='block_1_19' title="bbox 1803 1303 1806 1864">
    <p class='ocr_par' dir='ltr' id='par_1_24' title="bbox 1803 1303 1806 1864">
     <span class='ocr_line' id='line_1_76' title="bbox 1803 1303 1806 1864; baseline 0 0"><span class='ocrx_word' id='word_1_524' title='bbox 1803 1303 1806 1864; x_wconf 95' lang='lat' dir='ltr'><strong> </strong></span> 
     </span>
    </p>
   </div>
  </div>
 </body>
</html>
