1785 3185
454 126 570 163 PRO
596 126 641 163 T.
670 124 862 162 ANNIO
890 124 1146 161 MILONE.
1435 116 1534 158 1163

85 239 235 273 contra
277 230 585 286 rempublicam
625 238 795 270 senatus
836 227 994 267 factam
1034 241 1124 267 esse
1161 227 1383 273 decrevit?
1420 230 1522 286 quia

84 287 200 329 nulla
222 287 283 327 vis
305 301 507 342 umquam
531 296 595 327 est
624 287 666 326 in
691 285 825 326 libera
845 284 1021 325 civitate
1043 294 1240 338 suscepta
1263 287 1372 328 iuter
1390 288 1520 338 cives,

85 360 170 385 non
193 355 343 385 contra
364 343 690 400 rempublicam.
724 342 826 383 Non
847 341 960 382 enim
982 351 1046 380 est
1070 340 1139 380 illa
1157 341 1349 383 defensio
1371 355 1521 385 contra
1535 356 1585 390 14

87 402 171 441 vim
206 416 409 456 umquam
448 400 660 457 optanda:
695 399 766 440 sed
805 412 1129 452 nonnumquam
1168 408 1233 438 est
1270 402 1521 442 necessaria.

84 458 166 499 nisi
191 473 289 500 vero
322 468 395 499 aut
425 458 494 499 ille
524 458 629 509 dies,
653 457 695 497 in
718 471 804 511 quo
834 454 902 496 Ti.
927 455 1150 496 Gracchus
1181 465 1245 495 est
1276 471 1425 507 caesus,
1449 468 1524 499 aut

85 515 169 564 ille,
191 531 277 571 quo
311 515 458 567 Caius,
482 525 558 556 aut
578 529 663 571 quo
694 515 731 545 ⁶21
748 528 866 554 arma
896 512 1131 562 Saturnini,
1152 513 1320 553 etiamsi
1343 528 1366 553 e
1398 529 1523 570 repu-

87 572 212 622 blica,
237 588 442 629 oppressa
463 582 576 623 sunt,
600 570 908 627 rempublicam
942 581 1083 610 tamen
1116 584 1201 610 non
1232 569 1521 612 vulnerarunt.

88 628 242 685 Itaque
264 645 346 686 ego
376 630 467 686 ipse
490 629 674 680 decrevi,
696 643 795 669 cum
815 628 976 669 caedem
1009 628 1051 667 in
1074 625 1219 683 Appia
1241 627 1399 668 factam
1432 642 1522 669 esse

88 697 320 738 constaret,
353 702 440 728 non
476 702 589 738 eum,
618 687 691 742 qui
723 700 766 726 se
800 685 1074 735 defendisset,
1109 694 1259 725 contra
1293 685 1526 741 rempubli-

89 758 181 785 cam
216 744 393 796 fecisse3
425 745 512 795 sed,
534 758 633 785 cum
668 744 824 783 inesset
852 742 892 782 in
922 756 966 783 re
988 742 1051 781 vis
1073 750 1117 782 et
1139 742 1332 794 insidiae3
1363 743 1527 784 crimen

85 801 256 856 judicio
298 803 524 851 reservavi,
566 804 606 832 22
625 814 712 841 rem
754 800 916 840 notavi.
979 799 1162 850 Quodsi,
1203 813 1278 855 per
1319 799 1529 841 furiosum

92 858 212 899 illum
242 859 479 910 tribunum,
502 857 682 907 senatui,
706 858 820 913 quod
849 857 1076 907 sentiebat,
1101 856 1303 912 perficere
1324 856 1529 908 licuisset,

90 930 248 956 novam
284 916 567 971 quaestionem
610 929 724 955 nunc
765 914 923 955 nullam
961 913 1230 955 haberemus.
1272 914 1531 955 decernebat

91 973 221 1024 enim,
243 983 292 1013 ut
323 973 537 1014 veteribus
568 972 750 1028 legibus,
783 971 1083 1012 tantummodo
1113 973 1152 1002 23
1167 981 1290 1012 extra
1320 972 1530 1023 ordinem,

93 1039 370 1084 quaereretur.
433 1029 585 1071 Divisa
622 1029 834 1070 sententia
865 1038 943 1080 est,
973 1027 1219 1085 postulante
1251 1029 1396 1071 nescio
1429 1044 1532 1085 quo.

90 1086 200 1127 nihil
240 1087 356 1128 enim
407 1101 580 1128 necesse
628 1096 706 1138 est,
749 1086 943 1127 omnium
992 1100 1061 1126 me
1112 1086 1279 1142 flagitia
1326 1086 1535 1143 proferre.

92 1143 153 1184 sic
186 1143 349 1200 reliqua
378 1145 611 1186 auctoritas
645 1154 830 1196 senatus,
864 1152 979 1184 emta
1010 1144 1331 1196 intercessione,
1364 1144 1533 1186 sublata

93 1209 171 1242 est.

149 1257 210 1299 At
245 1259 360 1300 enim
398 1259 479 1300 Cn.
506 1258 738 1315 Pompeius
770 1258 996 1314 rogatione
1032 1273 1108 1299 sua
1145 1267 1188 1300 et
1225 1259 1278 1300 de
1315 1273 1359 1300 re
1396 1267 1440 1300 et
1476 1258 1528 1300 de
1545 1259 1591 1296 15

91 1330 220 1357 causa
250 1316 482 1371 judicavit.
516 1316 615 1357 tulit
647 1317 762 1357 enim
800 1317 852 1357 dc
888 1316 1021 1367 caede,
1059 1330 1156 1371 quae
1199 1317 1242 1357 in
1279 1315 1423 1373 Appia
1462 1316 1532 1357 via

92 1371 209 1414 facta
241 1383 376 1416 esset:
411 1375 454 1414 in
488 1388 573 1429 qua
612 1373 660 1415 P.
696 1373 874 1415 Clodius
911 1373 1078 1415 occisus
1115 1373 1211 1414 fuit.
1274 1374 1392 1420 Quid
1427 1388 1532 1430 ergo

92 1430 220 1471 tulit?
254 1430 423 1487 Nempe
446 1441 492 1471 ut
514 1441 790 1487 quaereretur.
847 1431 965 1477 Quid
989 1445 1115 1487 porro
1139 1432 1418 1486 quaerendum
1441 1433 1534 1472 est?

93 1487 313 1529 factumne
345 1489 427 1530 sit?
459 1498 502 1529 at
524 1498 707 1530 constat.
731 1504 755 1529 a
778 1491 892 1544 quo?
922 1489 963 1517 <24
976 1498 1020 1529 at
1050 1498 1184 1543 patet.
1245 1488 1381 1539 Vidit,
1404 1489 1536 1529 etiam

94 1545 139 1585 in
161 1544 433 1586 confessione
456 1545 574 1596 facti,
591 1545 703 1600 juris
728 1555 871 1586 tamen
894 1544 1190 1586 defensionem
1214 1546 1371 1602 suscipi
1396 1560 1536 1602 posse.

95 1602 227 1649 Quod
257 1603 337 1643 uisi
365 1603 551 1653 vidisset,
578 1618 702 1659 posse
732 1603 895 1644 absolvi
926 1616 1038 1653 eum,
1061 1603 1135 1658 qui
1171 1603 1401 1645 fateretur:
1433 1617 1532 1644 cum

93 1659 258 1700 videret
299 1675 376 1701 nos
418 1659 569 1712 fatcri;
611 1675 746 1716 neque
785 1660 919 1716 quaeri
961 1674 1165 1715 umquam
1200 1661 1415 1715 jussisset,
1454 1662 1578 1702 nec'b·

94 1716 218 1757 vobis
238 1726 324 1757 tarn
344 1717 571 1758 salutarem
594 1717 705 1759 hanc
729 1718 771 1758 in
786 1717 1027 1773 judicando
1049 1717 1251 1769 litteram,
1267 1733 1397 1773 quam
1419 1717 1536 1759 illam

96 1774 260 1815 tristem
285 1775 484 1816 dedisset.
542 1774 659 1816 Mihi
683 1789 783 1816 vero
808 1775 890 1816 Cn.
912 1774 1146 1831 Pompeius
1168 1790 1254 1816 non
1278 1776 1406 1817 modo
1429 1775 1540 1816 nihil

94 1831 267 1886 gravius
298 1841 449 1873 contra
481 1832 692 1873 Milonem
720 1833 954 1888 judicasse,
985 1832 1057 1873 sed
1088 1833 1219 1873 etiam
1251 1834 1450 1874 statuisse
1474 1833 1538 1874 vi-

96 1889 235 1939 detur,
259 1890 362 1943 quid
386 1904 460 1930 vos
484 1890 526 1930 in
551 1890 792 1945 judicando
815 1900 1008 1946 spectare
1029 1899 1262 1945 oporteret.
1325 1891 1436 1932 Nam
1461 1891 1535 1946 qui

96 1960 184 1986 non
217 1960 394 2001 poenam
424 1947 701 1999 confessioni,
724 1949 796 1988 sed
828 1947 1120 1988 defensionem
1150 1948 1282 1998 dedit,
1306 1948 1339 1988 is
1362 1962 1533 1989 causam

96 2003 296 2044 interitus
328 2004 618 2059 quaerendam,
656 2019 744 2046 non
782 2005 1006 2045 interitum
1042 2005 1226 2060 putavit.
1288 2004 1388 2047 Jam
1430 2004 1533 2047 illud
1549 1999 1598 2033 1⁶

99 2059 214 2101 dicet
239 2061 329 2116 ipse
362 2061 572 2116 profecto,
606 2063 721 2116 quod
755 2077 831 2102 sua
855 2071 1008 2117 sponte
1035 2062 1153 2112 fecit,
1186 2061 1399 2104 Publione
1433 2062 1535 2103 Clo-

97 2118 170 2158 dio
203 2120 243 2148 95
258 2118 532 2159 tribuendum
570 2119 746 2174 putarit,
776 2134 829 2160 an
866 2119 1065 2175 tempori.
1126 2118 1259 2160 Domi
1292 2135 1381 2161 suae
1409 2106 1582 2161 nobi-7

99 2174 286 2216 lissimus
312 2176 388 2226 vir,
411 2185 583 2216 senatus
616 2186 925 2232 propugnator,
957 2186 1099 2232 atque,
1122 2176 1203 2217 illis
1224 2177 1396 2232 quidem
1428 2187 1538 2219 tem-

99 2232 290 2288 poribus,
330 2248 455 2289 paene
494 2242 713 2288 patronus,
750 2233 986 2274 avunculus
1026 2234 1153 2288 hujus
1190 2235 1326 2275 nostri
1358 2235 1536 2291 judicis,

99 2289 322 2331 fortissimi
345 2290 441 2343 viri,
468 2289 536 2332 M.
561 2290 756 2342 Catonis,
779 2291 976 2332 tribunus
1004 2290 1141 2347 plebis
1166 2290 1234 2333 Μ.
1260 2291 1443 2345 Drusus,
1465 2307 1538 2335 oc-

143 2427 179 2456 91
205 2436 304 2457 arma
327 2426 401 2458 Sat.
417 2428 546 2458 etiamsi
560 2438 577 2458 e
591 2438 659 2468 rep,
673 2438 799 2468 oppres·
842 2430 988 2459 omnium
1008 2439 1059 2459 me
1073 2428 1111 2469 f.
1130 2439 1165 2469 p.
1194 2429 1305 2460 addito
1326 2439 1388 2462 me„
1433 2429 1485 2461 sic
1508 2435 1544 2464 et

98 2477 137 2498 sa
149 2468 240 2508 sune]
266 2469 330 2499 Hic
354 2469 433 2500 ordo
449 2471 622 2501 verborum
647 2478 697 2500 est
718 2471 799 2501 Mss.
842 2471 913 2501 edd.
930 2471 970 2502 R.
988 2471 1045 2502 ΒΓ.
1062 2472 1152 2503 Med.
1168 2472 1264 2502 Junt.
1443 2475 1445 2477 '

99 2510 287 2547 meliorum,
313 2512 457 2551 itemque
484 2513 555 2543 edd.
581 2522 632 2552 pr.
676 2513 801 2544 Recen-
885 2516 927 2546 94
949 2519 985 2544 αἰ
997 2515 1102 2554 patet]
1130 2515 1275 2545 Graevius
1291 2525 1309 2545 e
1324 2514 1387 2545 Ms.
1404 2515 1545 2555 Eff-pa·

100 2552 201 2582 tiores
223 2552 293 2583 edd.
317 2563 465 2594 oppressa
487 2560 563 2585 sunt
585 2555 708 2586 habent
728 2562 803 2595 post
845 2561 895 2586 ret
921 2556 1033 2587 edidit.
1086 2557 1149 2587 Sed
1177 2557 1391 2587 dubitationis
1420 2557 1543 2596 aliquid

101 2603 209 2624 arma.
256 2595 412 2627 Ceterum
427 2599 646 2628 vulnerarunt
662 2598 802 2628 referen-
845 2598 925 2628 mihi
941 2604 1003 2636 cst,
1018 2609 1060 2629 an
1074 2603 1172 2639 paret
1187 2599 1225 2629 de
1237 2599 1395 2639 ejusmodi
1410 2610 1456 2636 re,
1471 2609 1545 2638 quae

103 2634 181 2665 dum
196 2641 246 2666 est
259 2637 300 2667 ad
314 2637 380 2668 dies
396 2639 480 2676 illos,
495 2650 575 2678 quos
597 2641 802 2672 memoravit.
843 2640 971 2680 vulgari
992 2642 1081 2672 fama
1101 2647 1242 2678 constet,
1265 2641 1410 2671 dicatur:
1434 2642 1545 2681 potuit

103 2685 165 2715 quo
192 2678 304 2709 aberat
329 2680 394 2711 Ms.
422 2681 621 2718 BasilicanO,
648 2683 803 2722 abestque
845 2687 959 2713 tamen
975 2684 1126 2713 consulto
1142 2684 1239 2714 verbo
1256 2685 1341 2721 juris
1362 2692 1440 2713 usus
1461 2693 1545 2715 esse.

102 2717 153 2749 ed.
169 2719 224 2751 W.
259 2720 367 2752 Inesse
382 2723 487 2754 adhuc
502 2725 625 2764 aliquid
639 2724 710 2754 vitii
726 2724 803 2756 huic
847 2725 927 2755 Mox
949 2731 1024 2766 post
1038 2726 1120 2756 vidit
1136 2726 1258 2756 addidit
1272 2736 1312 2756 ex
1326 2725 1438 2756 eodem
1460 2725 1546 2756 libro

104 2760 178 2790 loco
194 2761 331 2793 videtur.
846 2767 965 2805 igitur.

147 2804 188 2833 22
210 2813 277 2834 rem
290 2806 414 2845 notavi]
433 2807 520 2838 conf.
538 2818 566 2838 c.
588 2811 731 2839 lhextr.
888 2812 928 2839 25
964 2810 1173 2840 tribuendum
1197 2809 1345 2849 putarit]
1382 2809 1435 2840 Sic
1466 2810 1547 2842 Mss.

146 2847 186 2892 23
203 2850 298 2876 extra
312 2848 471 2888 ordinem]
491 2859 520 2879 v.
535 2850 626 2881 Clav.
642 2851 677 2880 in
694 2855 805 2881 extra·
846 2851 1010 2889 meliores,
1042 2862 1109 2881 non
1136 2857 1243 2892 putet.
1287 2853 1450 2893 Recepere
1475 2854 1548 2893 jam

102 2887 303 2924 ordmeri-us.
348 2889 428 2924 Mox
451 2892 596 2925 Graevius
619 2903 636 2925 e
651 2893 716 2927 MS·
734 2893 804 2926 Erf.
847 2893 962 2925 Lamb.
976 2901 1010 2925 et
1026 2894 1132 2925 (ιι-τεν.
