1769 3174
252 91 348 126 1013
835 87 1084 126 ORATIO

245 205 384 232 meam
425 191 562 247 legem
595 198 857 241 contemnat,
889 191 1075 233 hominis
1110 191 1289 242 inimici,
1321 206 1449 247 quam
1481 190 1594 247 quod
1633 204 1676 231 se

247 249 398 288 statuit
419 249 595 289 omnino
617 248 880 289 consularem
904 249 1042 304 legem
1072 248 1228 289 nullam
1252 258 1415 305 putare.
1476 248 1675 296 Aciliam,

248 304 439 356 Didiam,
464 305 688 355 Liciniam,
709 305 886 347 Juniam
907 306 1150 347 contemsit.
1204 305 1400 346 Etiamne
1421 306 1527 360 ejus,
1549 319 1675 360 quem

248 376 323 401 sua
344 361 437 417 lege
458 371 500 402 et
523 377 598 402 suo
619 362 828 403 beneficio
857 374 1070 413 ornatum,
1090 364 1317 413 munitum,
1335 372 1544 403 armatum
1568 361 1674 402 solet

248 418 435 472 gloriari,
456 419 506 460 C.
524 419 705 460 Caesaris
724 419 860 474 legem
883 419 935 459 de
960 420 1148 474 pecuniis
1172 420 1414 474 repetundis
1436 434 1523 459 non
1554 427 1676 474 putat

245 489 336 515 esse
367 475 532 531 legem?
576 475 631 516 Et
660 477 794 525 aiunt,
823 475 927 515 alios
950 490 1053 523 esse,
1077 477 1148 530 qui
1177 488 1272 517 acta
1302 476 1485 517 Caesaris
1518 475 1675 516 rescin-

245 532 363 582 dant,
386 547 484 572 cum
515 533 608 572 hacc
639 533 803 587 optima
832 531 916 581 lex,
938 542 981 571 et
1013 533 1066 572 ab
1099 532 1169 572 illo
1199 547 1344 573 socero
1366 534 1474 587 ejus,
1495 543 1537 573 et
1571 532 1676 571 92ab

163 578 329 632 65l1oc
353 589 511 629 assecla
533 589 803 644 negligatur?
836 587 892 628 Et
912 588 1125 628 cohortari
1148 604 1273 629 ausus
1295 599 1359 629 est
1381 598 1602 630 accusator
1633 588 1676 627 in

249 646 327 687 hac
343 661 470 686 causa
487 660 575 694 VOS,
591 646 776 699 jndiceS,
796 654 844 685 ut
864 644 1090 699 aliquando
1104 647 1250 686 essetis
1273 647 1423 697 severi,
1449 644 1677 700 aliquando

246 704 501 744 medicinam
534 702 792 742 adhiberetis
828 701 1089 757 reipublicae.
1152 703 1250 743 Non
1282 713 1347 743 est
1375 717 1425 743 ea
1452 701 1677 750 medicina,

244 775 341 799 cum
373 774 485 800 sanae
519 759 627 813 parti
651 758 843 814 corporis
875 759 1120 814 scalpellum
1151 759 1378 800 adhibetur
1411 768 1538 814 atque
1572 758 1679 798 inte-

242 832 355 871 grae:
389 816 637 856 carnificina
659 825 723 856 est
753 816 834 855 ista
865 825 908 856 et
938 816 1180 857 crudelitas.
1209 816 1252 857 hi
1285 817 1508 857 medentur
1537 815 1677 870 reipu-

245 874 382 923 blicae,
405 873 475 927 qui
508 882 712 914 exsecant
743 880 906 928 pestem
939 872 1139 928 aliquam,
1167 876 1438 929 93tamquam
1472 883 1677 914 strumam

242 940 444 972 civrtatis.

161 996 233 1030 136
305 987 402 1037 Sed,
433 995 480 1027 ut
510 995 750 1027 extremum
782 985 939 1026 habeat
968 986 1127 1041 aliquid
1159 988 1295 1029 oratio
1327 1002 1434 1036 mea,
1456 997 1498 1028 et
1532 995 1576 1027 ut
1597 1000 1678 1041 ego

246 1054 344 1085 ante
374 1044 542 1084 dicendi
575 1043 702 1083 finem
734 1042 904 1093 faciam,
932 1058 1060 1098 quam
1091 1059 1165 1085 vos
1196 1059 1263 1085 me
1295 1056 1381 1085 tam
1413 1054 1575 1085 attente
1605 1058 1679 1083 au-

244 1101 417 1152 diendi;
448 1100 701 1142 concludam
740 1100 840 1141 illud
880 1099 932 1141 de
969 1100 1264 1156 optimatibus,
1295 1116 1526 1155 eorumque
1563 1101 1679 1157 prin-

245 1158 413 1214 cipibus
447 1172 497 1198 ac
530 1157 777 1212 reipublicae
814 1156 1136 1201 defensoribus:
1169 1173 1343 1214 vosque,
1376 1159 1678 1207 adolescentes,

244 1224 287 1255 et
308 1215 381 1269 qui
403 1214 567 1256 nobiles
590 1215 705 1265 estis,
727 1214 779 1255 ad
803 1214 1014 1269 majorum
1038 1216 1224 1257 vestrum
1256 1216 1537 1256 imitationem
1563 1215 1680 1255 exci-

247 1273 364 1322 tabo,
385 1281 429 1313 et
451 1271 522 1327 qui
556 1272 729 1327 ingenio
761 1281 804 1311 et
835 1272 992 1312 virtute
1022 1273 1288 1314 nobilitatem
1323 1273 1500 1328 potestis
1531 1285 1680 1313 conse-

247 1329 335 1383 qui,
358 1330 409 1369 ad
433 1343 524 1369 eam
550 1329 772 1379 rationem,
795 1328 837 1368 in
859 1343 944 1383 qua
964 1328 1086 1370 multi
1119 1330 1312 1371 homines
1335 1330 1432 1370 novi
1456 1339 1498 1370 et
1518 1329 1681 1369 honore

165 1395 293 1434 137et
323 1386 460 1441 gloria
490 1387 740 1436 floruerunt,
771 1385 1045 1426 cohortabor.
1106 1387 1219 1429 Haec
1249 1396 1313 1427 est
1346 1402 1431 1428 una
1461 1386 1543 1437 via,
1574 1385 1680 1426 mihi

249 1444 425 1494 credite,
454 1452 497 1483 et
528 1442 679 1494 laudis,
711 1451 756 1483 et
789 1443 1027 1498 dignitati8‚
1056 1454 1099 1485 et
1127 1444 1327 1486 honoris:
1360 1459 1386 1484 a
1416 1444 1535 1484 bonis
1567 1443 1682 1492 viris,

250 1500 530 1555 sapientibus,
563 1509 606 1540 et
640 1501 748 1541 bene
777 1510 930 1540 natura
959 1502 1221 1551 constitutis,
1251 1501 1426 1551 laudari,
1457 1510 1500 1541 et
1531 1500 1680 1555 diligi:

245 1571 372 1598 nosse
403 1557 735 1613 descriptionem
774 1556 976 1607 civitatis,
1007 1573 1032 1598 a
1062 1559 1297 1614 majoribus
1328 1557 1482 1599 nostris
1514 1556 1684 1612 sapien-

198 1625 230 1654 b.
245 1614 406 1655 tissime
439 1614 746 1655 constitutam:
779 1615 851 1669 qui
883 1629 981 1655 cum
1017 1630 1164 1673 regum
1201 1624 1455 1671 potestatem
1493 1629 1575 1654 non
1615 1623 1684 1653 tu-

242 1672 405 1721 lissent,
428 1671 487 1712 ita
508 1671 782 1726 magistratus
804 1685 967 1712 annuos
998 1683 1263 1723 creaverunt,
1286 1682 1332 1712 ut
1361 1672 1585 1713 consilium
1619 1685 1681 1710 se-

242 1739 367 1769 natus
389 1732 429 1762 94
444 1728 691 1784 reipublicae
715 1738 1015 1783 praeponerent
1037 1731 1363 1785 sempiternum:
1394 1729 1681 1784 deligerentur

243 1795 386 1827 autem
410 1785 450 1825 in
484 1785 526 1826 id
558 1785 785 1826 consilium
815 1789 855 1820 95
869 1786 923 1826 ab
955 1786 1152 1828 universo
1184 1786 1358 1842 populo,
1381 1786 1604 1839 aditusque
1637 1785 1680 1824 in

242 1842 362 1883 illum
393 1856 606 1883 summum
638 1842 831 1884 ordinem
862 1843 1022 1884 civium
1052 1844 1327 1884 96indust1·iae
1357 1858 1407 1884 ac
1429 1842 1575 1883 virtuti
1606 1857 1680 1898 pa-

243 1909 366 1941 teret.
428 1900 631 1940 Senatum
672 1899 919 1956 reipublicae
960 1902 1197 1952 custodem,
1241 1900 1480 1956 praesidem,
1522 1913 1680 1956 propu-

244 1965 467 2012 gnatorem
491 1956 837 1998 collocaverunt:
870 1956 997 2012 hujus
1020 1958 1180 1999 ordinis
1211 1958 1465 1998 auctoritate
1497 1957 1558 1997 uti
1592 1971 1679 1996 ma-

244 2014 461 2069 gistratus,
484 2023 527 2054 et
554 2014 674 2069 quasi
706 2014 922 2055 ministros
954 2015 1194 2070 gravissimi
1225 2015 1391 2056 consilii
1423 2028 1513 2054 esse
1537 2013 1679 2054 volue-

246 2080 375 2112 runt:
410 2081 604 2111 senatum
635 2079 778 2111 autem
811 2071 950 2127 ipsum
982 2072 1277 2128 proximorum
1316 2071 1507 2112 ordinem
1544 2070 1685 2126 splen-

231 2127 350 2178 ,dore
371 2128 630 2177 confirmari,
653 2128 787 2184 plebis
814 2128 1053 2170 libertatem
1084 2139 1127 2170 et
1157 2129 1384 2170 commoda
1416 2128 1521 2168 tueri
1554 2137 1680 2182 atque

251 2199 405 2241 augere
428 2185 668 2226 voluerunt.
700 2184 812 2226 Haec
834 2186 906 2241 qui
931 2201 1006 2241 pro
1031 2186 1139 2227 virili
1161 2197 1278 2243 parte
1299 2185 1548 2234 defendunt,
1570 2185 1684 2240 opti-

166 2246 238 2280 138
251 2252 384 2282 mates
407 2251 518 2291 sunt,
540 2242 849 2297 cujuscumque
871 2243 955 2284 sint
977 2244 1164 2285 ordinis:
1197 2244 1269 2298 qui
1293 2252 1434 2283 autem
1467 2242 1682 2297 praecipue

250 2299 335 2339 suis
357 2299 594 2339 cervicibus
618 2308 738 2340 tanta
758 2300 905 2340 munia
929 2309 1056 2355 atque
1078 2301 1385 2355 rempublicam
1408 2299 1631 2348 sustinent,
1655 2298 1683 2338 ii

247 2370 414 2412 semper
445 2355 581 2396 habiti
613 2365 712 2396 sunt
742 2357 1017 2412 optimatium
1048 2358 1277 2413 principes,
1300 2367 1493 2398 auctores
1515 2365 1559 2396 et
1579 2370 1681 2396 con-

289 2499 330 2530 92
346 2498 458 2526 abhoc
480 2496 616 2535 assecla]
643 2497 800 2527 Gruterus
824 2507 841 2527 e
865 2497 943 2528 Mss.
1031 2500 1070 2531 95
1094 2499 1134 2528 ab
1150 2499 1297 2527 uniuerso
1314 2497 1446 2537 populo]
1473 2498 1606 2527 Possum
1630 2508 1684 2526 ex-

251 2540 316 2569 suis
330 2540 475 2569 assecula
491 2539 601 2569 edidit.
989 2539 1128 2579 plicare:
1155 2550 1271 2579 nempe
1299 2540 1373 2579 qnia
1400 2550 1456 2579 per
1485 2545 1682 2578 quaesturam

294 2584 334 2613 93
351 2586 506 2620 tauquam
528 2586 689 2611 stt-mnam
706 2580 782 2619 ciem]
809 2580 944 2611 Mor-dax
988 2582 1054 2612 fere
1083 2582 1188 2612 aditus
1215 2583 1248 2611 in
1272 2586 1420 2612 senatum
1446 2581 1531 2611 fnit:
1555 2581 1609 2611 sed
1637 2592 1684 2611 re-

252 2622 368 2653 allnsio
390 2623 430 2653 ad
451 2628 612 2653 strumam
635 2622 759 2652 Vatinii
783 2632 947 2662 praegran-
990 2625 1073 2654 etius
1097 2624 1224 2663 legetur
1245 2634 1285 2654 ez·
1306 2634 1339 2654 u.
1355 2634 1389 2663 p.
1408 2628 1445 2653 ut
1469 2624 1683 2654 Hotomanno

250 2664 336 2695 dem.
990 2665 1149 2705 placebat.

291 2710 333 2740 94
355 2707 536 2746 reipublicoe
547 2707 782 2746 prceponereur]
806 2708 858 2737 Sic
873 2708 944 2739 edd.
1031 2710 1071 2741 96
1090 2708 1258 2738 incluslrioe
1271 2717 1310 2738 ac
1322 2709 1452 2747 virtuti]
1468 2707 1636 2737 indm-erice
1650 2707 1683 2736 in

248 2754 330 2779 vett.
349 2759 472 2780 omnes.
516 2749 653 2779 Temere
669 2748 701 2777 in
724 2748 774 2779 ed.
791 2750 887 2780 Grut.
905 2751 946 2779 ir·
989 2749 1072 2786 foro,
1092 2751 1207 2782 virtuti
1223 2750 1256 2780 in
1273 2750 1368 2782 bello.
1386 2761 1415 2782 v.
1433 2750 1524 2781 Clav.
1542 2750 1575 2779 in
1591 2750 1683 2779 indu-

250 2793 349 2830 repsit
372 2795 600 2832 proponerent,
628 2790 713 2830 quod
741 2797 774 2821 et
800 2792 946 2824 Graevius
989 2794 1082 2823 stria.

249 2840 399 2865 servavit.
