1769 3174
615 102 732 140 PRO
769 103 826 141 M.
862 105 1071 143 COELIO.
1461 115 1559 150 1039

131 198 340 242 extulisti.
402 203 486 246 Sed
517 203 600 245 hoc
621 220 783 260 quaero,
806 220 909 248 num
942 207 994 249 P.
1016 208 1229 261 Sextium,
1251 227 1336 267 qua
1366 213 1459 270 lege
1489 230 1560 257 ac-

127 258 365 300 cusandum
397 261 574 302 omnino
606 260 736 304 fuisse
768 278 911 319 negas,
933 279 983 305 ea
1013 264 1106 320 lege
1128 268 1402 311 condemnari
1435 281 1558 327 putes

127 320 360 377 oportere?
390 326 478 369 aut,
512 319 545 359 si
584 327 626 359 te
660 320 703 360 in
734 321 982 362 testimonio
1015 323 1179 363 consuli
1215 325 1337 376 nolis,
1372 342 1424 367 ne
1453 329 1556 384 quid

122 369 208 410 tibi
230 374 499 416 auctoritatis
522 391 546 416 a
577 390 646 417 me
678 377 887 419 tributum
915 393 1005 419 esse
1035 379 1243 432 videatur,
1265 383 1480 425 dixerisne
1512 386 1555 427 in

124 439 223 523 guin
238 430 539 527 gestis-nonium
571 433 624 474 de
646 434 702 486 vi,
725 449 851 490 quem
882 436 1051 492 negaris
1084 451 1201 479 reum
1231 440 1407 481 omnino
1439 441 1490 482 de
1514 443 1553 483 vi

157 497 216 523 eri
268 500 290 526 e
327 502 458 530 uisse.

413 739 482 787 M.
515 740 785 789 TULLII
825 741 1246 792 CICERONIS
1562 746 1591 776 b·

794 869 869 893 PRO

277 958 1386 1030 MCOELIO

389 1094 602 1139 ORATIO,
630 1096 849 1136 QUARTA
875 1096 945 1133 ET
969 1097 1267 1135 TRICESIMA.

675 1205 952 1228 ...ψ-..-

617 1303 1018 1342 ARGUMENTUM.

104 1385 201 1422 ssIar.
223 1384 350 1421 Coelius
378 1396 481 1432 eques
507 1382 691 1419 Romanus
720 1383 953 1432 Ciceronisque
968 1383 1178 1433 fariziliaris
1193 1383 1290 1434 fuit.
1346 1385 1382 1421 Is
1402 1387 1536 1424 duabus

154 1437 441 1474 accusationibus
471 1435 509 1472 C.
531 1436 685 1471 Antonii
711 1440 747 1471 et
765 1437 933 1472 Atratini
959 1438 1143 1473 inclaruit.
1198 1437 1279 1473 Hoc
1307 1438 1430 1474 dolore
1453 1452 1535 1487 per-

151 1494 281 1530 motus,
302 1494 337 1524 et
364 1502 387 1524 a
416 1488 556 1529 Clodia,
578 1489 727 1523 muliere
755 1489 959 1529 libidinosa,
994 1490 1038 1525 P.
1061 1488 1180 1525 Clodii
1206 1502 1338 1530 sorore,
1363 1492 1536 1539 impulsus

151 1544 347 1579 Atratinus
353 1541 473 1591 filius,
498 1540 644 1576 Coelium
662 1541 747 1589 lege
765 1540 922 1577 Lutatia
939 1541 985 1576 de
1003 1541 1038 1577 vi
1057 1541 1274 1590 reumfecit,
1295 1544 1391 1590 quod
1409 1556 1431 1578 α
1453 1545 1532 1580 Clo-

151 1597 214 1631 dia
242 1606 371 1630 aarum
398 1605 440 1629 ex
467 1594 627 1628 armario
654 1597 818 1628 nmmum
843 1595 1035 1633 sumsisset,
1066 1606 1136 1641 quo
1162 1606 1280 1629 servos
1308 1595 1454 1632 Lucceii
1485 1599 1534 1634 ad

149 1648 279 1684 coeclem
314 1646 451 1681 Dionis
493 1645 606 1692 legati
639 1645 971 1681 Aleaeandrinorum
1005 1647 1206 1693 impelleret
1222 1660 1235 1686 ;
1278 1648 1416 1688 deinde,
1454 1661 1533 1685 cum

151 1700 281 1736 Clodia
298 1709 428 1734 aurum
445 1699 660 1745 repet-iisset,
679 1709 797 1733 servos
815 1695 890 1743 ejus
908 1699 956 1734 ad
983 1699 1167 1734 dominam
1183 1710 1315 1734 veneno
1336 1701 1532 1737 tollendam

146 1752 389 1790 sollicitasset,
420 1749 725 1797 deprehensusque
750 1749 795 1785 ab
822 1751 949 1786 amicis
978 1751 1113 1787 Clodiae
1138 1752 1177 1786 in
1205 1751 1339 1787 balneis
1367 1753 1530 1790 Licinius

145 1809 245 1844 esset,
266 1816 346 1841 cum
362 1814 533 1838 venenum
549 1814 650 1838 servo
671 1802 806 1838 Cloclz'ae
825 1803 996 1838 traderet.
1053 1803 1096 1838 In
1116 1808 1269 1851 utroque
1296 1805 1446 1841 crimine
1473 1807 1528 1842 di-

119 1865 122 1869 ’
146 1857 274 1893 luendo
295 1855 417 1891 Cicero
436 1859 614 1896 versatur,
634 1855 700 1894 ita,
721 1859 762 1890 ut
781 1866 894 1902 neque
908 1856 1132 1903 principium
1159 1867 1272 1903 neque
1299 1857 1434 1892 eaeitwn
1461 1858 1525 1894 Ιια-

144 1909 223 1944 bere
242 1909 419 1948 ostendat,
441 1908 474 1943 Ιι.
495 1919 523 1943 e.
541 1918 654 1954 neque
671 1918 797 1942 causas
815 1907 940 1955 afferri
954 1919 1069 1955 posse,
1094 1908 1220 1956 quibus
1241 1908 1367 1943 Coeltzcs
1386 1911 1434 1945 ad
1460 1910 1527 1947 hoc

133 1960 287 2009 facinus
315 1961 483 1996 inductus
513 1961 574 2002 sit,
604 1971 717 2007 neque
743 1971 799 1994 res
829 1961 940 2007 ipsas,
970 1960 1096 2006 quihus
1125 1961 1257 1996 crimen
1285 1962 1523 2002 contineatur,

141 2015 235 2050 inter
253 2024 289 2049 se
316 2016 351 2048 et
379 2024 457 2048 cum
482 2013 675 2059 principiis
693 2013 902 2048 consentire.
959 2012 1009 2047 Et
1028 2013 1198 2060 quoniam
1217 2013 1333 2048 multa
1350 2015 1388 2049 in
1411 2016 1525 2051 vitam

145 2065 246 2102 Coelii
273 2066 373 2101 dicta
399 2068 502 2099 erant
533 2064 578 2099 ab
606 2068 827 2105 accusatore,
856 2063 911 2100 his
939 2076 1078 2111 quoque
1107 2064 1230 2100 Cicero
1257 2067 1460 2112 respondet,
1489 2073 1524 2103 et

138 2119 292 2154 crimina
319 2128 361 2152 ea
388 2117 525 2164 partim
550 2114 700 2164 refellit,
727 2117 867 2163 partim
893 2121 1051 2159 excusat,
1080 2121 1113 2152 el
1142 2119 1282 2165 optima
1311 2130 1458 2166 quceque
1485 2121 1521 2155 in

134 2173 322 2220 posterum
329 2167 474 2216 judices
491 2180 515 2204 a
532 2168 638 2204 Coelio
657 2172 862 2216 exspectare
870 2166 986 2214 jubet.

86 2247 156 2310 SI
188 2264 299 2321 quis,
323 2263 509 2319 judices,
541 2261 652 2303 forte
685 2276 799 2303 nune
836 2261 962 2313 adsit,
994 2262 1167 2318 ignarus
1204 2262 1364 2319 legum,
1395 2264 1557 2320 judi-1

81 2322 262 2374 ciorum,
288 2319 610 2363 consuetudinis
641 2329 824 2361 nostrae:
856 2319 1034 2360 miretur
1065 2319 1275 2375 profecto,
1303 2324 1427 2377 lquae
1460 2324 1546 2375 sit1

81 2389 202 2421 tanta
231 2379 433 2420 atrocitas
465 2377 644 2433 hujusce
665 2391 822 2427 causae,
841 2377 956 2432 quod
988 2377 1138 2418 diebus
1163 2377 1298 2429 festis,
1319 2379 1515 2434 ludisque

113 2437 282 2488 ubliois‚
324 2435 524 2477 omnibus
566 2435 753 2491 negotiis
791 2433 1033 2475 forensibus
1075 2435 1343 2487 intermissis,
1383 2451 1520 2478 unum,

78 2451 164 2536 iioe
187 2493 403 2551 judicium
435 2502 710 2543 exerceatur3
742 2505 821 2532 nec
850 2491 1034 2543 dubitet,
1057 2492 1159 2547 quin
1181 2493 1290 2534 tanti
1314 2493 1516 2535 facinoris

79 2565 174 2592 reus
210 2560 429 2607 arguatur,
465 2559 527 2600 ut,
563 2564 614 2590 eo
650 2547 866 2605 neglecto,
904 2549 1057 2590 civitas
1095 2559 1206 2590 stare
1245 2564 1331 2591 non
1366 2551 1515 2606 possit.

79 2606 217 2661 Idem,
259 2623 358 2650 cum
400 2607 548 2648 audiat
588 2621 679 2648 esse
729 2606 884 2662 legem,
926 2621 1023 2661 quae
1065 2606 1119 2647 de
1161 2607 1374 2648 seditiosis
1412 2622 1515 2649 con-

119 2756 132 2784 1
157 2763 227 2793 quoe
238 2754 279 2785 sit
294 2758 319 2785 t.
335 2754 492 2784 atrocitas
505 2754 540 2784 h.
552 2764 579 2784 c.
595 2752 693 2793 qnod]
710 2752 771 2783 Le·
816 2756 912 2782 tanta
927 2752 1083 2782 atrocitas
1093 2764 1101 2780 :
1124 2756 1158 2782 et
1171 2753 1256 2792 quod
1269 2753 1378 2784 diebus
1392 2755 1451 2785 &tu
1467 2765 1499 2786 re
1512 2775 1515 2777 >

72 2796 190 2836 gitima
218 2796 302 2826 ratio
322 2795 484 2826 desiderat
506 2800 553 2826 ut.
599 2796 633 2826 Si
656 2796 771 2826 Cicero
816 2794 985 2825 ferendum
1002 2794 1042 2824 ad
1059 2795 1207 2823 miretur.

71 2838 158 2878 quod
188 2838 330 2879 scripsit,
359 2838 508 2870 absolute
536 2843 587 2869 est
615 2837 773 2877 capienda

730 2885 754 2919 3
783 2892 808 2919 Y
829 2884 855 2918 9.
