1812 3147
586 131 703 171 PRO
733 130 779 170 L.
806 130 1050 170 FLACCO.
1461 137 1537 175 759

96 237 182 279 sita
202 244 282 280 est.
344 236 452 288 Scis,
477 239 667 291 7quanta
688 236 743 276 sit
766 249 933 286 manus,
954 241 1116 289 quanta
1135 234 1380 285 concordia,
1403 250 1537 290 quan-

98 304 191 336 tum
216 294 353 336 valeat
383 295 426 334 in
449 293 746 335 concionibus.
807 292 1044 334 Summissa
1065 305 1171 332 voce
1203 306 1344 347 agam,
1368 301 1536 335 tantum

100 351 332 416 utjudices
354 350 543 392 audiant.
565 365 704 405 neque
725 351 839 391 enim
862 350 1030 400 desunt,
1054 348 1125 403 qui
1159 348 1263 389 istos
1294 348 1336 388 in
1369 363 1451 399 ine,
1474 360 1537 390 ιιι-

99 423 182 464 que
216 408 258 449 in
291 409 502 464 optimum
527 421 741 463 quemque
772 407 978 448 incitent:
1009 421 1115 461 quos
1139 420 1236 461 ego,
1259 420 1344 461 quo
1367 405 1408 446 id
1432 406 1537 447 faci-

100 465 179 507 lius
210 464 384 517 faciant,
418 479 503 505 non
538 464 770 519 adjuvabo.
832 464 945 505 Cum
980 477 1144 514 aur,um
1173 462 1425 505 Judaeorum
1461 471 1600 510 iro-67

99 522 228 573 mine,
251 522 480 578 quotannis
503 536 556 562 ex
581 521 637 562 Ιῑι
639 521 694 562 ιΙι
682 537 720 573 ι,
742 530 783 562 <t
806 535 859 562 ex
884 521 1083 561 omnibus
1108 520 1372 576 8provinciis
1397 524 1415 554 9
1432 520 1538 561 Hie-

99 579 314 635 rosolyma
345 579 562 635 exporatiri
603 578 770 629 soleret,
809 578 986 619 llaccus
1025 579 1169 618 sanxit
1201 577 1359 627 edicto,
1394 592 1445 618 ne
1483 592 1538 618 ex

98 636 203 677 Asia
223 636 440 692 exportari
464 635 624 676 liceret.
685 611 794 682 Quis
817 645 895 686 est,
914 635 1099 690 judices,
1123 635 1195 690 qui
1228 633 1312 675 hoc
1334 649 1417 674 non
1444 649 1540 675 vere

98 693 269 743 laudare
304 694 465 750 possit?
498 691 678 748 Export
670 693 728 733 ιιιί
759 707 909 733 ι·ιιιιιιιιι
940 706 1026 732 non
1059 700 1270 748 oportere,
1294 706 1392 733 cum
1425 706 1539 747 saepe

99 761 226 792 antea
247 759 430 801 senatus,
455 759 561 801 tum,
585 764 652 790 me
673 749 862 799 consule,
887 749 1136 805 gravissime
1152 749 1383 804 judicavit.
1420 749 1539 789 Huic

100 818 240 849 autem
266 783 456 848 barbffliie
489 807 783 863 superstitioni
815 808 1063 856 resisterse,
1046 806 1309 848 seveiitatis:
1344 807 1538 847 multitu-

98 865 238 906 dinem
261 865 528 915 ,ludaeorQum
553 865 806 920 flam-vantem
829 878 1151 928 nonnumquam
1176 863 1218 903 in
1239 864 1535 913 concionibus,

98 936 175 977 pro
197 922 415 978 republica
438 931 725 986 contemnere,
749 921 972 977 gravitatis
1005 936 1181 961 summae
1210 920 1307 961 fuir.
1369 921 1428 961 At
1452 921 1533 961 Cn.
1550 926 1580 956 b

104 979 348 1034 Pompeius,
381 980 517 1036 captis
554 978 884 1034 Hierosolvmis,
919 979 1056 1019 victor
1094 992 1148 1019 ex
1183 977 1254 1018 illo
1293 977 1393 1019 fano
1429 978 1535 1018 nihil

99 1036 260 1092 attigit.
322 1035 372 1076 ln
407 1037 553 1092 primis
587 1035 683 1087 hoc,
716 1046 764 1076 ut
796 1036 931 1076 multa
958 1035 1054 1086 alia,
1085 1035 1312 1091 sapienter,
1346 1036 1460 1090 quod
1492 1037 1533 1076 in
1551 1052 1600 1085 63

103 1068 208 1134 tamo
223 1093 458 1150 suspiciosa
489 1109 538 1134 ac
572 1093 781 1134 maledica
806 1093 982 1133 civitate
1014 1093 1154 1133 locum
1188 1094 1370 1133 sermoni
1395 1094 1538 1134 obtre-

102 1161 315 1192 ctatorum
345 1165 432 1192 non
466 1151 652 1215 reliquit.
683 1165 767 1191 non
798 1149 1365 1205 enim,eredo,reli0i011em
1389 1161 1432 1191 et
1461 1150 1540 1192 Ju-

102 1208 308 1259 daeounn,
330 1217 373 1248 et
407 1208 517 1249 hosti
510 1223 609 1258 uim,
640 1208 948 1263 impedimento
982 1207 1303 1263 piaestaritissim
1295 1223 1334 1248 o
1358 1207 1540 1271 impera-

102 1265 200 1315 tori,
231 1266 300 1306 sed
337 1265 558 1321 pudorem,
582 1265 725 1305 tuisse.
785 1264 872 1306 Ubi
896 1279 998 1320 eioo
1021 1279 1181 1306 crimen
1212 1267 1304 1305 est?
1335 1265 1539 1319 quoniam

102 1322 275 1378 quidem
297 1322 458 1364 furtum
491 1337 699 1377 nusquam
734 1322 1024 1377 reprehendis,
1050 1322 1240 1362 edietum
1273 1323 1443 1377 probas,
1468 1337 1541 1377 Ju-

102 1379 291 1421 dieatum
316 1380 475 1431 fateris,
499 1380 728 1444 quasitum
763 1389 806 1419 et
839 1378 1054 1435 prolatum
1091 1395 1131 1435 p
1120 1379 1173 1420 ιΙ
1161 1394 1244 1429 nn,
1277 1394 1360 1420 non
1395 1394 1541 1435 negas,

101 1445 243 1478 actum
267 1451 356 1477 esse
379 1452 453 1492 per
475 1452 585 1478 uros
619 1437 843 1492 primarios
880 1451 943 1477 res
976 1451 1068 1492 ipsa
1089 1436 1204 1477 decl?
1199 1447 1301 1478 rat.
1334 1436 1541 1493 Apameae

101 1494 330 1534 manifesto
352 1494 722 1549 comprehensum,
757 1502 856 1534 ante
888 1494 1016 1550 pedes
1048 1493 1244 1558 prwaetmis
1277 1495 1320 1534 in
1349 1494 1444 1535 roro
1468 1509 1542 1535 ex.

102 1565 277 1607 pensum
302 1558 364 1591 est
385 1551 475 1592 auri
501 1552 643 1606 pondo
666 1562 838 1592 centum
875 1551 1016 1607 paullo
1040 1566 1180 1591 minus
1212 1565 1287 1607 pei
1319 1551 1420 1592 Sex
1445 1552 1543 1593 Cae-

102 1608 226 1659 sium,
248 1608 435 1663 equitem
465 1608 724 1660 Romanum,
747 1609 1034 1650 castissimum
1067 1608 1287 1649 hominem
1319 1619 1447 1664 atque
1478 1610 1543 1650 in-

103 1665 401 1721 tegersimum:
443 1666 667 1707 Laodiceae
707 1666 861 1721 virinti
896 1666 1040 1722 pondo
1076 1665 1217 1721 paullo
1252 1667 1434 1721 amplius
1469 1681 1543 1723 per

101 1699 247 1763 hunc
238 1737 378 1778 ipsum
403 1722 451 1764 L.
468 1722 743 1774 Peducaeum,
759 1724 954 1778 judicem
975 1733 1092 1764 nosti
1098 1738 1194 1775 um
1230 1723 1539 1780 lOAdiamyttii

101 1794 177 1836 per
198 1778 280 1820 Cn.
305 1779 562 1832 Domitium,
585 1755 1050 1837 legatuln.l‘·e10ami
1074 1795 1159 1821 ιιοιι
1182 1757 1381 1822 inultum.
1433 1781 1601 1832 Aur-169

102 1837 209 1879 ratio
231 1846 425 1880 constat:
457 1853 607 1879 aurum
631 1839 676 1879 in
698 1838 848 1879 aerario
871 1848 948 1879 est.
939 1815 1135 1879 ”furtum
1160 1853 1245 1879 non
1268 1839 1542 1894 reprehendi-

103 1902 196 1936 tur:
228 1894 389 1936 invidia
411 1896 641 1950 quaelitur:
674 1911 699 1936 a
718 1896 941 1951 judicibus
965 1897 1101 1936 oratio
1124 1896 1355 1937 avertitur:
1389 1911 1474 1937 ιοΧ
1499 1898 1543 1938 in

103 1966 305 1992 coronam
329 1953 584 2008 turbamque
606 1953 855 1995 effunditur.
899 1953 985 1994 Sua
1007 1954 1162 2008 (uique
1185 1953 1353 1994 civitati
1379 1953 1544 2010 religio,

106 2007 227 2060 Laeli,
249 2021 327 2059 est,
356 2019 500 2050 nostia
530 2011 670 2052 nobis.
733 2010 957 2051 stantibus
993 2009 1327 2065 Hierosolymis,
1361 2012 1545 2067 pacatis-

102 2074 184 2120 que
214 2066 396 2119 Judaeis,
434 2076 575 2108 tamen
612 2068 792 2108 istorum
827 2068 979 2124 religio
1014 2082 1229 2109 sacrorum
1264 2083 1288 2108 ιι
1321 2069 1546 2124 splendore

103 2122 266 2179 huius
257 2124 676 2181 lmperii‚g·⁷1aiitate
703 2125 890 2167 nominis
912 2125 1062 2178 nostri,
1085 2125 1298 2181 majorum
1322 2126 1546 2178 institutis,

144 2250 162 2281 7
185 2253 308 2287 quanta
330 2250 373 2280 sit
395 2249 526 2289 manus]
552 2249 708 2290 Apparet,
728 2251 802 2288 iim

105 2293 176 2319 tum
210 2300 363 2330 magnam
396 2291 643 2322 multitudinem
670 2293 801 2322 2-Iudaeo

105 2340 177 2360 rum
208 2332 294 2362 inter
321 2340 444 2363 ceteros
472 2336 659 2374 peregrinos
687 2335 802 2365 Romae

844 2251 984 2289 solyma,-
1009 2251 1085 2288 quia
1099 2253 1172 2289 post
1194 2260 1321 2291 semper
1335 2251 1469 2291 pluralis
1485 2258 1545 2284 est.

845 2291 984 2322 Librarii
1001 2293 1169 2323 christiani
1186 2292 1226 2323 ad
1242 2294 1380 2324 formam
1397 2294 1482 2326 hunc
1498 2298 1547 2325 in-

846 2334 1025 2365 duc-endam
1051 2335 1208 2374 proclives
1231 2336 1338 2366 fuere:
1363 2341 1397 2366 et
1418 2337 1451 2367 in
1474 2338 1546 2368 aliis

104 2373 212 2410 fuisse,
232 2385 304 2414 qum
329 2382 362 2405 et
388 2376 446 2406 sub
469 2377 547 2408 Caes·
543 2387 596 2407 ιιι-Ε
620 2382 718 2407 aucta
739 2382 800 2414 est,

104 2414 181 2445 data
203 2416 352 2448 libertate
375 2417 540 2457 religionis
561 2428 627 2449 suae
649 2429 801 2449 exercen-

104 2456 154 2487 ‹1ae
178 2468 233 2498 per
255 2460 398 2490 SCtum:
424 2460 509 2490 unde
536 2461 583 2490 illi
609 2462 801 2491 Judaeonun

105 2499 268 2530 tumultus
296 2501 336 2531 ad
363 2506 505 2532 statuam
536 2505 672 2534 Caesaris
701 2504 801 2534 inter-

105 2541 200 2571 fecti:
225 2543 263 2572 de
278 2553 341 2582 quo
357 2544 391 2573 in
407 2554 444 2584 ει
434 2544 550 2574 istolis
567 2552 627 2582 est,
646 2547 704 2576 &c-

147 2586 164 2614 8
186 2586 299 2615 res-Iris
316 2587 504 2626 provinciie]
527 2587 649 2618 Vestris
669 2597 737 2617 non
753 2592 802 2618 esi:

108 2625 140 2654 in
167 2626 229 2656 Ms.
244 2627 351 2657 Guelf
375 2628 453 2658 item
476 2629 546 2658 edd.
570 2630 608 2660 R.
632 2631 688 2660 ΒΓ.
712 2630 800 2662 Med

105 2666 200 2697 dunt.
231 2669 314 2699 Puto
337 2669 463 2699 melius.
500 2671 575 2701 Non
598 2672 743 2702 loouitur
763 2673 803 2703 ad

108 2709 274 2756 populum.
319 2712 359 2741 Et
381 2711 512 2742 dixisset
534 2714 641 2763 potius
667 2715 803 2745 nostris:

108 2751 181 2788 quia
204 2753 308 2783 oratio
336 2754 424 2784 dicta
450 2755 484 2784 in
507 2755 645 2794 judicio,
672 2767 739 2787 non
768 2758 802 2787 in

108 2793 273 2823 eom-ione.

150 2838 169 2867 9
194 2834 467 2878 Hierosolymam]
496 2840 548 2869 Sic
576 2849 688 2870 omnes
717 2840 803 2871 libri.

107 2875 232 2908 Tamen
252 2879 358 2916 credo,
382 2890 402 2911 a
417 2881 573 2913 Cicerone
595 2891 662 2913 esse
686 2882 803 2914 Hiero-

845 2376 935 2406 libris
951 2387 989 2407 ea
1003 2377 1108 2407 forma
1122 2378 1282 2408 refellitur
1300 2379 1456 2418 exemplis
1479 2391 1544 2411 me-

844 2419 990 2456 lioribus,
1014 2429 1085 2458 quae
1108 2420 1267 2459 pluralem
1293 2420 1424 2452 habent.
1441 2433 1470 2452 v„
1486 2433 1546 2452 nu-

844 2461 917 2491 bem
943 2462 1166 2501 exemplorum
1194 2473 1246 2502 ap.
1271 2462 1480 2504 Oudendorp.
1505 2465 1546 2495 ad

844 2505 934 2533 Suet.
952 2504 1035 2543 Aug.
1054 2516 1081 2534 e.
1097 2508 1149 2539 953.
1171 2505 1225 2534 ubi
1249 2504 1336 2534 hune
1352 2505 1460 2536 locum
1479 2517 1544 2538 non

845 2547 1067 2585 praeterinisit.
1113 2547 1228 2586 ltaque
1250 2548 1295 2577 sic
1318 2557 1384 2577 uon
1400 2549 1544 2580 dubitaui

845 2590 1016 2627 corrigere.

891 2634 927 2660 10
942 2630 1159 2669 Adramyttii]
1185 2632 1237 2662 Sic
1252 2641 1324 2661 cum
1345 2632 1472 2662 Graevio
1488 2643 1545 2672 pro

845 2672 1031 2708 Adrumeti,
1050 2675 1150 2703 etiarn
1172 2680 1288 2704 eontra
1307 2674 1404 2703 libros
1427 2685 1488 2705 ser.
1512 2683 1545 2705 ct

845 2714 918 2745 edd.
947 2715 1031 2746 dedi.
1076 2716 1161 2746 Nam
1188 2717 1405 2746 Adrumesam
1433 2722 1482 2747 est
1512 2719 1545 2747 in

845 2757 963 2792 Africa,
994 2758 1051 2788 illa
1087 2759 1121 2787 in
1151 2759 1245 2789 Asia:
1287 2768 1406 2788 nornen
1435 2760 1544 2789 notius-

845 2799 1062 2830 substitutum
1092 2801 1217 2832 rariori.
1263 2801 1315 2830 Sic
1344 2809 1378 2830 et
1406 2803 1546 2832 correxit

847 2850 962 2871 manus
985 2848 1078 2874 vetus
1099 2843 1133 2873 in
1153 2844 1204 2875 ed.
1225 2844 1376 2875 Jununae
1397 2845 1545 2885 exemplo

847 2889 971 2915 nostro.
