1817 3169
317 135 416 170 1146
906 133 1154 172 ORATIO

309 234 391 275 tui.
434 233 575 276 Nimis
608 249 765 291 magna
797 249 943 291 poena,
973 245 1015 278 te
1046 238 1233 290 consule,
1267 239 1503 281 constituta
1537 249 1615 293 est,
1653 241 1742 283 sive

310 291 424 332 malo
459 293 617 348 po'etae,
640 293 728 334 sive
755 293 904 335 libero.
965 294 1181 352 Scripsisti
1216 297 1344 348 enim,
1371 310 1570 338 CEDANT
1604 311 1744 340 ARMA

310 350 641 397 TooAE.—Qui(l
678 353 797 391 tum?
830 350 942 393 Haec
983 366 1047 393 res
1082 354 1159 394 tibi
1197 355 1351 395 fluctus
1389 354 1480 395 illos
1518 355 1742 397 excitavit.

308 405 370 448 At
393 406 474 448 hoc
497 421 701 462 nusquam
728 407 881 464 opinor
897 408 1103 464 scriptum
1126 410 1255 451 fuisse
1279 411 1319 451 in
1344 411 1415 451 illo
1438 411 1594 463 elogio,
1611 412 1743 468 quod,

309 472 353 504 te
383 465 570 515 consule,
595 479 634 504 m
670 478 712 505 se
750 464 864 505 ulcro
900 465 1147 520 reipublicae
1179 468 1361 507 incisum
1392 478 1470 519 est,
1499 464 1741 525 Velitis-,ja-

310 521 450 584 beafe's,
485 528 543 573 ut,
568 520 676 577 quod
734 520 771 561 I.
799 520 939 562 Cicero
969 537 1125 563 versum
1143 522 1322 580 fecerit:
1354 524 1426 566 sed
1456 526 1571 579 quod
1605 526 1741 566 viudi-

309 588 430 620 cant.

225 645 298 693 30
366 635 524 676 Verum
561 643 718 684 tamen,
751 634 955 688 quoniam
987 642 1028 675 te
1058 650 1143 677 non
1178 634 1489 687 Aristarchum,
1523 638 1595 678 sed
1628 637 1742 679 Pha-

245 692 429 757 73lari1n
463 691 791 747 gi·ainin·<tticui]1
821 690 1042 743 habemus,
1061 694 1134 747 qui
1169 707 1252 733 non
1287 703 1433 733 uotam
1466 708 1657 749 apponas
1688 695 1741 736 ad

307 749 466 789 malum
491 763 671 798 versum,
695 747 765 788 sed
791 747 964 803 poetam
998 750 1125 790 armis
1158 763 1433 805 persequare:
1467 753 1573 791 scire
1596 751 1742 806 cupio,

305 806 409 861 quid
443 806 613 846 tandem
658 805 739 844 isto
776 805 819 845 in
857 819 979 846 versu
1021 807 1319 862 reprehendas,
1354 819 1553 848 CBDAN-r
1599 820 1740 849 ARMA

304 875 463 904 TOGAE.
534 861 638 902 Tuae
680 861 804 912 dicis,
847 862 1001 917 inquit,
1045 873 1159 919 togae
1193 866 1231 894 98
1255 879 1468 905 summum
1507 864 1741 919 imperato-

302 934 392 961 rem
414 934 504 960 esse
526 932 756 969 cessurum.
818 918 936 963 Quid
968 934 1080 961 nunc
1114 930 1169 971 te,
1191 920 1321 971 asine,
1345 921 1505 961 litteras
1528 921 1738 963 doceam?

303 991 389 1018 non
414 991 521 1032 opus
544 985 608 1016 est
632 975 784 1025 verbis,
805 976 875 1016 sed
898 975 1096 1018 fustibus.
1120 991 1202 1018 non
1227 977 1317 1018 dixi
1339 979 1449 1019 lianc
1473 988 1635 1033 togam,
1654 993 1740 1034 qua

304 1049 397 1075 sum
425 1033 633 1083 amictus3
665 1046 742 1073 nec
763 1046 893 1083 arma,
916 1043 1084 1074 scutum
1114 1043 1158 1075 et
1186 1034 1376 1090 gladium
1408 1036 1532 1076 unius
1555 1035 1737 1091 impera-

304 1091 431 1132 toris:
465 1091 552 1139 sed,
574 1089 689 1145 quod
719 1089 836 1145 pacis
867 1099 930 1130 est
963 1090 1131 1147 insigne
1151 1100 1195 1131 et
1212 1091 1305 1142 otii,
1329 1101 1458 1147 toga3
1489 1101 1639 1133 contra
1660 1107 1735 1132 au-

302 1156 386 1188 tem
409 1162 526 1187 arma
545 1146 751 1187 tumultus
769 1155 898 1202 atque
921 1147 1044 1199 belli;
1068 1162 1184 1189 more
1208 1149 1430 1203 poetarum
1453 1149 1635 1200 locutus,
1650 1149 1733 1190 hoc

302 1204 485 1261 intelligi
511 1203 638 1255 volui,
665 1203 820 1244 bellum
843 1219 891 1245 ac
915 1205 1146 1246 tumultum
1179 1206 1272 1259 paci
1299 1215 1426 1260 atque
1447 1206 1537 1246 otio
1559 1220 1734 1248 conces-

238 1270 291 1308 ·74
304 1276 462 1306 surum.
525 1261 684 1308 Quaere
714 1275 767 1302 ex
801 1260 998 1302 familiari
1033 1271 1120 1313 tuo,
1153 1261 1310 1304 Graeco
1343 1263 1415 1303 illo
1447 1263 1599 1319 po'e'ta:
1640 1277 1738 1318 pro-

259 1318 287 1349 b.
304 1319 424 1360 babit
444 1333 578 1375 genus
602 1319 757 1375 ipsum,
779 1327 822 1358 et
844 1327 1064 1374 agnoscet,
1087 1333 1224 1373 neque
1247 1329 1288 1360 te
1310 1320 1417 1360 nihil
1439 1334 1585 1376 sapere
1606 1320 1734 1360 mira-

299 1376 430 1417 bitur.
490 1375 550 1416 At
579 1376 622 1417 in
654 1375 724 1416 illo
747 1374 896 1426 altero,
924 1377 1078 1430 inquit,
1101 1376 1251 1427 haeres,
1276 1390 1543 1418 CONCEDAT
1564 1381 1604 1411 29
1621 1389 1736 1417 LAU-

299 1446 396 1474 ΒΕΑ
423 1447 591 1475 LAUDI.
655 1431 794 1473 Immo
817 1433 1071 1484 mehercule,
1093 1433 1231 1474 habeo
1264 1434 1342 1474 tibi
1377 1434 1574 1490 gratiam.
1599 1433 1733 1474 haere-

296 1505 385 1532 rem
421 1491 549 1541 enim,
574 1490 652 1530 nisi
687 1499 731 1530 tu
764 1504 832 1531 me
863 1490 1122 1545 expedisses.
1147 1505 1243 1531 nam
1277 1505 1375 1531 cum
1410 1500 1453 1531 tu
1478 1490 1653 1531 timidus
1683 1504 1734 1531 ac

299 1556 497 1599 tremens,
521 1547 603 1588 tuis
624 1548 713 1602 ipse
736 1546 1012 1587 furacissimis
1033 1548 1228 1588 manibus
1250 1548 1485 1589 detractam
1503 1562 1526 1588 e
1545 1546 1732 1588 eruentis

296 1604 485 1646 fascibus
516 1604 700 1646 lauream
725 1604 776 1645 ad
802 1614 969 1660 portam
995 1604 1259 1659 Esquilinam
1282 1605 1494 1659 abjecisti,
1517 1603 1733 1654 indicasti,

296 1676 383 1702 non
417 1662 545 1702 modo
579 1661 868 1716 amplissimae,
899 1661 969 1702 sed
1000 1662 1130 1702 etiam
1170 1662 1359 1702 minimae
1402 1661 1514 1702 laudi
1546 1661 1732 1701 lauream

296 1719 570 1760 concessisse.
631 1717 775 1773 Atque
798 1718 879 1758 ista
900 1718 1063 1759 ratione
1093 1718 1176 1760 hoc
1208 1728 1347 1759 tamen
1381 1718 1577 1774 intelligi,
1601 1717 1731 1758 scele-

295 1786 400 1827 rate,
423 1776 501 1826 vis,
526 1776 780 1830 Pompeium
807 1775 1027 1816 inimicum
1060 1775 1163 1816 mihi
1190 1775 1271 1817 isto
1293 1790 1413 1816 versu
1433 1789 1522 1816 esse
1542 1774 1731 1816 factum:

295 1842 358 1884 ut,
379 1834 410 1874 si
433 1848 575 1874 versus
598 1832 702 1873 mihi
727 1833 934 1882 nocuerit,
958 1833 1011 1873 ab
1030 1847 1096 1883 eo,
1118 1846 1245 1887 quem
1268 1833 1301 1873 is
1326 1846 1468 1873 versus
1488 1831 1729 1882 offenderit,

232 1900 282 1939 7'5
299 1891 490 1932 videatur
517 1889 621 1930 mihi
648 1889 856 1945 pernicies
887 1904 977 1929 esse
1007 1891 1202 1945 quaesita.
1264 1889 1448 1939 Omitto,
1472 1888 1577 1929 nihil
1600 1888 1731 1930 istum

294 1962 461 1989 versum
505 1947 759 2004 pertinuisse
800 1947 850 1987 ad
895 1946 1036 1988 illum:
1089 1962 1174 1987 non
1217 1945 1346 1987 fuisse
1387 1961 1544 1997 meum,
1586 1960 1730 2000 quem,

291 2014 499 2060 quantum
536 2004 785 2060 potuissem,
823 2004 967 2044 multis
1010 2018 1124 2059 saepe
1164 2004 1430 2044 orationibus
1473 2003 1728 2058 scriptisque

290 2063 570 2111 (leem-assem,
595 2062 708 2102 hunc
732 2076 814 2101 uno
840 2060 996 2101 violare
1019 2075 1155 2102 versu.
1217 2061 1300 2101 Sed
1331 2061 1385 2101 sit
1416 2060 1617 2101 offensus.
1641 2059 1727 2115 pri-

290 2134 361 2160 mo
399 2134 539 2160 nonne
567 2118 865 2173 compensabit
896 2132 993 2158 cum
1023 2132 1107 2158 uno
1142 2117 1349 2159 versiculo
1383 2126 1449 2159 tot
1479 2131 1573 2158 mea
1605 2116 1723 2157 volu-

291 2177 409 2217 mina
441 2176 612 2217 laudum
646 2177 843 2216 suarum?
877 2175 1041 2221 Quodsi
1075 2185 1140 2216 est
1170 2185 1425 2226 commotus,
1455 2174 1508 2214 ad
1542 2173 1729 2230 pernici-

330 2303 370 2331 22
383 2309 545 2329 summum
562 2298 803 2339 imperatorem]
824 2297 987 2337 Intelligit
1030 2297 1179 2336 linguam
1194 2306 1448 2328 commemorare
1462 2296 1617 2327 voluisset
1635 2296 1727 2327 Cice-

290 2343 492 2383 Pompeium,
509 2347 547 2371 ut
569 2342 737 2379 sequentia
751 2352 778 2371 c.
793 2343 843 2371 30.
857 2341 986 2370 docent.
1030 2350 1077 2376 το,
1106 2350 1176 2370 eam
1205 2349 1367 2380 opponere
1403 2339 1564 2369 debuisset
1599 2340 1725 2370 armis.-

330 2389 371 2418 29
395 2385 529 2414 Laurea
551 2384 656 2422 laudi]
682 2384 734 2413 Sic
756 2383 878 2414 habent
902 2382 983 2412 Mss.
1030 2391 1106 2412 nam
1134 2381 1220 2420 quod
1243 2381 1431 2421 imperatori
1459 2391 1556 2411 arma
1579 2385 1670 2418 sunt,
1694 2381 1727 2411 id

288 2427 404 2467 o‘ptinii
418 2438 423 2454 ε
441 2427 519 2456 itum
534 2426 605 2455 edd.
623 2426 746 2465 primam
763 2424 860 2455 Rom.
876 2423 983 2455 v»ValtL
1026 2429 1075 2454 est
1090 2423 1212 2453 oratori
1228 2425 1345 2461 lingua
1359 2435 1368 2451 :
1392 2425 1513 2453 laureoe
1529 2427 1638 2453 autem
1657 2432 1725 2453 non

1027 2465 1143 2504 lingna
1165 2467 1284 2505 opponi
1313 2470 1432 2505 potest,
1455 2465 1510 2495 sed
1538 2466 1725 2505 praemium,

1027 2507 1112 2546 quod
1126 2507 1283 2537 tribuitur
1297 2508 1347 2543 iis,
1363 2508 1416 2545 qui
1431 2508 1592 2546 sapientia
1606 2510 1641 2537 et
1654 2506 1722 2537 elo-

1025 2550 1159 2588 quentia
1185 2559 1286 2589 remp.
1318 2550 1398 2579 bene
1426 2559 1572 2588 gessere:
1606 2558 1646 2579 ea
1671 2554 1722 2580 est

1028 2592 1111 2627 laus,
1128 2600 1243 2631 nempe
1266 2592 1300 2620 in
1323 2592 1428 2627 sctis,
1444 2590 1647 2621 sermonibus
1664 2599 1721 2630 po-

1026 2633 1094 2673 puli
1117 2635 1176 2664 &c.
1215 2633 1276 2663 Sed
1303 2637 1372 2663 tam
1398 2638 1548 2664 accurate
1575 2633 1724 2663 homines

1027 2685 1092 2705 non
1134 2675 1322 2714 expendunt
1357 2676 1538 2705 sententias
1573 2679 1607 2705 et
1634 2674 1722 2705 dicta

1026 2724 1123 2748 acuta
1145 2722 1315 2757 poi‘iarum
1346 2721 1380 2747 et
1409 2721 1588 2747 oratorum.
1612 2716 1721 2754 itaque

1022 2769 1107 2799 saepe
1136 2759 1220 2789 male
1234 2759 1386 2798 judicant
1414 2759 1453 2789 de
1481 2759 1595 2789 verbis.
1642 2758 1720 2789 Mox

1023 2811 1074 2832 me
1087 2807 1164 2832 ante
1179 2802 1353 2841 medinm
1377 2801 1481 2831 abfuit
1505 2801 1568 2831 Ms.
1589 2800 1719 2838 Faerni,

1021 2843 1201 2883 delevitque
1217 2844 1373 2875 Gruzvius.
1390 2853 1457 2874 non
1472 2842 1592 2884 placet.

290 2472 379 2501 1480.
397 2470 451 2499 ssr.
472 2467 557 2498 Med„
573 2468 668 2498 sunt.
684 2467 756 2497 Aid.
772 2468 828 2497 διο.
857 2467 982 2496 Primus

289 2513 410 2550 lingua>
424 2510 593 2540 substituit
607 2509 784 2539 Lambinus
797 2519 814 2538 e
827 2507 983 2548 Quintili-

289 2564 365 2589 ano,
383 2553 442 2589 XI,
469 2555 493 2583 1.
517 2552 601 2581 unde
628 2556 661 2582 et
691 2552 812 2589 ling-ace
840 2549 984 2580 defendit

289 2597 453 2627 Victorius
480 2596 554 2626 Var.
580 2593 654 2623 leet.
679 2594 721 2627 V,
738 2595 787 2623 ⁶24.
803 2593 857 2631 qui
873 2598 984 2622 tamen

290 2639 358 2679 ipse
375 2638 517 2668 ·=‹li(lcrat
540 2636 642 2666 lamli.
689 2635 772 2671 Hoc,
787 2635 891 2670 laudi,
908 2644 986 2664 con-

288 2686 341 2712 tra
355 2680 499 2711 defundit
514 2678 708 2713 Gronovius,
724 2682 757 2707 et
779 2687 816 2706 ex
841 2687 879 2707 eo
895 2677 985 2706 Grae-

288 2723 356 2752 vius
375 2722 414 2753 ad
431 2722 462 2752 11.
481 2721 500 2751 Ι.
517 2726 551 2751 et
574 2719 613 2750 ad
637 2720 731 2749 Oine.
751 2718 777 2753 I,
795 2720 845 2749 22.
859 2719 912 2757 qui
933 2723 981 2749 ta.

288 2774 361 2794 nien
392 2765 424 2794 in
451 2763 540 2793 libris
567 2760 772 2801 inspiciendis
795 2768 829 2791 et
847 2760 898 2790 hic
914 2770 980 2791 non

283 2809 363 2837 satis
389 2806 526 2845 diligens
556 2805 639 2835 luit:
663 2803 733 2833 sula
758 2802 806 2832 eii.
837 2802 979 2834 Manutii

284 2858 342 2887 pro
358 2848 449 2878 laudi
463 2851 656 2877 memorata.
702 2845 772 2883 Ego
787 2845 877 2874 laudi
893 2852 926 2875 et
941 2856 979 2876 ex

284 2901 316 2921 Γ..-
342 2897 375 2920 et
404 2890 507 2920 forma
537 2887 687 2929 loquendi
715 2886 898 2919 defendam.
945 2888 978 2918 Si
