1769 3174
593 115 710 154 PRO
750 114 805 153 M.
843 115 1051 153 COELIO.
1443 118 1538 153 1041

110 218 257 261 crimae
283 220 431 261 matris
462 218 808 274 incredibilisque
834 231 1010 268 moeror,
1034 217 1202 272 squalor
1224 219 1356 273 patris
1379 227 1422 260 et
1442 218 1537 260 haec

108 290 296 332 praesens
318 278 541 328 moestitia,
563 290 689 332 quam
713 275 901 325 cernitis,
920 275 1142 329 luctusque
1163 275 1363 316 declarat.
1408 275 1536 326 Nam,
1551 284 1573 317 5

109 334 225 391 quod
267 344 332 375 est
369 335 604 390 objectum,
642 333 934 388 municipibus
973 346 1063 373 esse
1101 331 1413 373 adolescentem
1452 347 1538 373 non

109 391 341 445 probatum
372 394 488 433 suis:
529 391 687 432 nemini
721 404 924 444 umquam
958 388 1157 444 przesenti
1194 388 1417 429 Puteolani
1450 404 1539 430 ma-

103 447 223 502 jores
246 448 428 490 honores
450 449 705 497 habuerunt,
727 461 855 502 quam
879 446 1044 487 absenti
1070 444 1137 486 Μ.
1158 444 1324 486 Coelio:
1349 459 1475 500 quem
1496 456 1540 487 ct

106 505 327 546 absentem
358 506 399 546 in
435 506 743 561 amplissimum
785 503 978 544 ordinem
1008 511 1282 558 cooptarunt,
1299 512 1341 542 et
1374 516 1422 542 ea
1454 518 1537 543 non

104 563 268 617 petenti
292 563 548 613 detulerunt,
571 577 666 617 quae
701 561 844 601 multis
877 560 1123 617 petentibus
1155 559 1452 615 denegarunt:
1489 560 1537 599 ii-

103 618 286 675 demque
305 635 419 661 nunc
443 620 693 661 lectissimos
718 619 845 668 viros,
869 628 912 659 et
945 617 1076 658 nostri
1109 617 1285 666 ordinis,
1307 626 1350 656 et
1372 616 1536 671 equites

107 673 328 718 Romanos
360 692 457 718 cum
490 677 704 732 legatione
735 676 786 716 ad
819 675 900 716 hoc
926 675 1157 730 judicium,
1178 684 1221 714 et
1244 689 1341 714 cum
1374 674 1536 729 gravis-

103 733 212 774 sima
233 744 362 789 atque
384 734 654 775 ornatissima
682 733 926 773 laudatione
957 733 1177 772 miserunt..
1238 730 1398 771 Videor
1431 730 1579 771 mihib.

96 789 255 844 Jecisse
287 792 566 833 fundamenta
587 789 846 831 defensionis
869 804 975 830 meae
996 805 1004 830 :
1037 803 1133 843 quae
1157 788 1398 828 firmissima
1422 797 1535 838 sunt,

103 848 136 888 si
170 848 365 890 nituntur
389 849 556 903 judicio
589 862 776 888 suorum.
815 862 954 902 neque
984 846 1097 886 enim
1132 845 1253 886 vobis
1285 845 1386 886 satis
1417 859 1536 885 com-

101 905 304 947 mendam
332 906 459 960 hujus
492 915 594 946 aetas
626 919 715 945 esse
748 915 905 960 posset,
929 904 962 944 si
994 918 1079 944 non
1102 903 1231 944 modo
1255 902 1434 957 parenti,
1462 901 1533 942 tali

101 961 208 1012 viro,
231 977 378 1004 verum
403 963 532 1003 etiam
555 961 791 1017 municipio
815 972 904 1002 tam
930 960 1081 1001 illustri
1113 975 1162 1000 ac
1197 970 1283 1000 tam
1307 960 1426 1015 gravi
1449 959 1534 999 dis-

102 1018 294 1073 pliceret.
358 1019 583 1075 Equidem,
608 1022 685 1059 5ut
717 1019 770 1059 ad
803 1033 869 1059 me
907 1028 1106 1068 revertar,
1144 1017 1197 1057 ab
1236 1017 1302 1057 his
1340 1010 1578 1057 fontibusss

101 1077 291 1131 profluxi
312 1077 365 1118 ad
390 1077 610 1117 hominum
638 1076 809 1126 lamam,
831 1085 874 1117 et
896 1090 1013 1116 meus
1037 1075 1108 1116 hic
1132 1074 1311 1115 forensis
1333 1074 1454 1115 labor
1474 1074 1571 1114 vi-o'

100 1142 242 1188 taeque
265 1135 373 1175 ratio
397 1134 633 1175 dimanavit
656 1134 706 1173 ad
741 1133 1107 1174 existimationem
1138 1131 1360 1173 hominum
1395 1130 1535 1187 paullo

99 1189 226 1231 latius
249 1191 627 1232 commendatione
651 1206 699 1231 ac
715 1190 886 1244 judicio
909 1204 1118 1231 meorum.

156 1247 417 1304 Nam,quod
448 1248 669 1303 objectum
693 1258 758 1288 est
789 1248 841 1288 de
872 1247 1092 1303 pudicitia,
1115 1246 1316 1301 quodque
1345 1245 1537 1287 omnium

96 1315 394 1346 accusatorum
429 1306 547 1346 6non
581 1305 850 1356 criminibus,
885 1305 956 1345 sed
992 1305 1169 1345 vocibus
1213 1303 1538 1358 maledictisque

95 1361 357 1403 celebratum
387 1373 464 1413 est,
490 1363 529 1403 id
563 1377 794 1417 numquam
828 1372 914 1402 tam
945 1363 1098 1402 acerbe
1126 1360 1232 1401 feret
1263 1359 1329 1401 M.
1356 1359 1537 1412 Coelius,

95 1427 145 1458 ut
165 1432 261 1460 eum
281 1421 493 1476 poeniteat
511 1434 595 1460 non
610 1419 846 1460 deformem
868 1433 959 1460 esse
979 1428 1142 1460 natum.
1163 1427 1260 1458 sunt
1279 1417 1439 1458 etenim
1457 1417 1540 1460 ista

95 1475 323 1518 maledicta
347 1477 597 1533 pervulgata
618 1477 659 1517 in
685 1491 847 1527 omnes,
869 1491 1052 1532 quorum
1076 1476 1117 1516 in
1141 1474 1429 1515 adolescentia
1451 1474 1539 1516 for-

93 1547 167 1573 ma
182 1543 226 1574 et
244 1535 406 1590 speeies
430 1533 512 1575 fuit
532 1533 732 1575 liberalis.
794 1534 876 1574 Sed
899 1533 1014 1574 aliud
1045 1541 1110 1574 est
1130 1531 1398 1581 maledicere,
1421 1531 1535 1574 aliud

94 1605 308 1632 accusare.
331 1591 547 1633 accusatio
571 1591 730 1632 crimen
751 1590 977 1641 desiderat,
1000 1604 1088 1631 rem
1111 1598 1159 1631 ut
1180 1589 1371 1640 definiat,
1394 1588 1535 1630 homi-

92 1661 192 1689 nem
225 1657 273 1689 ut
302 1658 437 1699 notet,
459 1658 713 1704 argumento
746 1648 915 1704 probet,
944 1656 1052 1689 teste
1083 1646 1324 1689 confirmet.
1355 1645 1532 1688 maledi-

90 1705 178 1746 ctio
201 1714 344 1746 autem
365 1705 473 1747 nihil
495 1705 625 1747 habet
647 1706 872 1761 propositi,
891 1715 1047 1761 praeter
1068 1703 1398 1746 contumeliam:
1431 1718 1528 1759 quae

91 1762 126 1802 si
167 1762 430 1818 petulantius
461 1763 666 1818 jactatur,
700 1762 971 1814 convicium3
1014 1763 1047 1803 si
1079 1761 1275 1812 facetius,
1308 1761 1528 1802 urbanitas

86 1820 348 1861 nominatur.
410 1821 554 1867 Quam
584 1819 757 1875 quidem
785 1829 948 1875 partem
971 1819 1272 1870 accusationis,
1293 1817 1566 1859 admiratus?

89 1891 181 1917 sum
204 1887 247 1917 et
267 1877 444 1920 moleste
466 1877 559 1928 tuli,
576 1877 850 1934 potissimum
871 1891 962 1918 esse
984 1876 1186 1918 Atratino
1208 1877 1367 1924 datam,
1391 1889 1529 1930 neque

85 1934 200 1974 enim
233 1934 427 1986 decebat,
449 1949 587 1990 neque
619 1943 722 1975 aetas
758 1934 829 1975 illa
862 1934 1121 1991 postulabat,
1157 1947 1308 1988 neque,
1333 1932 1375 1973 id
1406 1933 1526 1987 quod

87 1991 425 2032 animadvertere
446 1992 667 2048 poteratis,
686 1991 825 2048 pudor
848 1992 1091 2048 patiebatur
1109 1990 1263 2047 optimi
1283 1989 1530 2031 adolescen-

88 2048 158 2098 tis,
181 2048 225 2088 in
251 2047 323 2089 tali
350 2048 467 2090 illum
502 2049 696 2090 oratione
726 2049 898 2090 versari.
959 2048 1123 2089 Vellem
1147 2047 1301 2102 aliquis
1326 2061 1380 2087 ex
1405 2047 1528 2089 vobis

86 2105 402 2147 robustioribus
424 2106 538 2147 hunc
557 2105 837 2147 maledicendi
859 2106 1000 2147 locum
1020 2105 1300 2160 suscepisset:
1332 2103 1527 2159 aliquan-

84 2171 130 2204 to
164 2162 353 2214 liberius,
385 2172 429 2204 et
457 2163 626 2214 fortius,
657 2171 701 2204 et
733 2163 869 2219 magis
906 2177 1024 2203 more
1059 2173 1207 2203 nostro
1241 2160 1523 2202 refutaremus

82 2219 210 2261 istam
240 2220 522 2262 maledicendi
553 2221 786 2261 licentiam.
845 2219 1023 2271 Tecum,
1041 2219 1255 2270 Atratine,
1279 2221 1437 2274 7agam
1463 2218 1524 2258 le-

78 2277 191 2328 nius,
236 2278 351 2333 quod
390 2287 434 2319 et
474 2278 613 2334 pudor
653 2286 748 2318 tuus
790 2277 1036 2318 moderatur
1077 2275 1262 2317 orationi
1302 2290 1438 2328 meae;
1479 2284 1524 2316 et

80 2348 224 2376 meum
244 2349 348 2391 erga
377 2344 418 2377 te
451 2345 758 2391 parentemque
792 2343 913 2375 tuum
944 2333 1202 2375 beneficium
1225 2333 1334 2374 tueri
1368 2333 1521 2375 debeo.

81 2390 193 2433 Illud
215 2400 359 2433 tamen
382 2401 424 2434 te
454 2407 544 2434 esse
563 2393 833 2433 admonitum
857 2391 979 2433 volo:
1012 2391 1198 2448 primum
1218 2389 1355 2445 qualis
1377 2404 1435 2441 es,
1456 2400 1519 2430 ta·
1534 2392 1558 2425 8

78 2447 162 2490 lem
196 2458 238 2490 te
275 2464 366 2490 esse
398 2450 643 2500 existimes3
676 2459 736 2499 ut,
770 2457 979 2504 quantum
1017 2464 1042 2489 a
1075 2462 1215 2489 rerum
1251 2442 1630 2512 turpitudineg·3⁹·

79 2506 194 2558 abes,
216 2514 384 2548 tantum
417 2518 459 2548 te
491 2522 516 2548 a
541 2508 766 2548 verborum
799 2506 995 2547 libertate
1016 2505 1241 2561 sejungas:
1277 2504 1447 2556 deinde,
1470 2513 1519 2545 ut
1554 2505 1561 2513 '

119 2621 138 2649 5
160 2624 198 2650 ut
218 2621 264 2650 ad
287 2630 338 2650 me
355 2620 519 2660 revertar]
558 2621 580 2650 i.
603 2631 631 2650 e.
645 2630 780 2650 conver·
823 2620 912 2651 aliud
926 2625 976 2650 est
990 2624 1087 2659 quam
1105 2618 1230 2649 elamor
1245 2617 1441 2649 multorum.

79 2663 151 2690 tam
173 2663 356 2693 orationem
379 2663 420 2694 ad
448 2673 512 2699 me,
529 2662 567 2693 de
591 2673 706 2702 meque
733 2663 779 2692 di-
864 2667 882 2696 7
907 2672 1010 2701 agam
1035 2661 1150 2700 levius]
1181 2661 1286 2691 Miror
1311 2660 1429 2689 vitium
1457 2659 1520 2689 hoe

80 2711 164 2732 0³¹1]-
822 2714 891 2735 non
914 2703 1176 2735 animadversum
1199 2712 1284 2732 esse:
1310 2703 1414 2731 lenius
1437 2701 1520 2731 dixit

122 2745 142 2774 6
164 2753 228 2775 non
241 2746 442 2782 criminibus,
458 2746 515 2776 sed
533 2747 661 2777 vocibus
679 2747 780 2776 male-
823 2747 961 2784 Cieero3
984 2751 1019 2777 et
1041 2747 1087 2776 sie
1105 2745 1229 2775 habent
1250 2743 1321 2774 edd.
1344 2743 1442 2774 Rom.
1463 2743 1520 2774 ΒΓ.

79 2786 248 2826 dictisque]
276 2787 410 2818 Vocibus
433 2788 536 2818 lenius
559 2799 655 2827 quam
671 2798 729 2828 pro
746 2798 778 2818 re
827 2791 917 2819 1⁴80.
933 2788 1021 2819 Med.
1035 2788 1132 2818 Junt.
1149 2787 1206 2817 Sec.
1220 2786 1348 2817 Vitium
1373 2785 1467 2815 fluxit
1480 2795 1520 2815 ex

79 2827 144 2858 diei
173 2829 320 2859 videtur:
352 2836 401 2860 est
429 2835 540 2861 autem
568 2831 692 2860 dietum
720 2840 778 2869 pro
822 2831 873 2860 ed.
890 2831 943 2861 W.

78 2871 231 2908 convicio,
247 2871 335 2910 quod
357 2876 389 2901 et
417 2872 523 2911 ipsum
548 2873 676 2912 proprie
696 2872 779 2902 nihil

784 2921 808 2955 3
835 2927 862 2954 Y
887 2920 910 2954 :3
