1817 3169
548 111 614 151 IN
645 110 692 149 L.
725 110 1005 149 PISONEM.
1399 115 1502 155 1147

59 231 197 268 omne,
219 229 306 258 non
338 215 478 257 dicam
510 214 776 264 amicissimi,
798 228 884 254 non
918 214 978 254 ita
1003 213 1057 254 de
1089 228 1165 254 sua
1196 214 1320 256 laude
1342 215 1500 267 meriti,

58 290 145 316 non
179 275 237 315 ita
275 274 328 315 de
360 272 591 329 republica,
625 286 712 312 non
751 271 1002 319 consularis,
1033 285 1119 310 non
1156 273 1377 323 senatoris,
1412 287 1500 313 non

57 331 177 381 civis,
200 345 284 371 non
308 331 454 372 liberi:
488 345 528 370 ιιι
553 329 740 370 hominis
763 336 894 384 caput
916 327 984 368 ille
1008 337 1093 368 tam
1117 328 1299 368 crudelis
1323 342 1500 384 propter

60 402 226 429 versum
260 387 437 428 fuisset?
469 386 533 427 Tu
568 386 687 441 quid,
714 396 759 426 tu
795 385 907 440 apud
938 399 1060 440 quOS,
1084 394 1129 425 tu
1162 385 1215 425 de
1246 400 1332 439 quo
1366 387 1496 436 dicas,
1509 390 1578 438 31

55 444 288 501 intelligis?
329 448 371 476 30
392 444 690 499 complecteris
725 442 1011 497 amplissimos
1056 442 1166 482 viios
1199 442 1249 482 ad
1294 453 1412 482 tuum
1456 454 1499 484 et

58 501 236 543 Gabinii
260 500 419 542 scelus:
454 515 591 556 neque
622 501 664 541 id
694 500 877 540 occulte.
901 513 997 539 nam
1033 498 1174 554 paullo
1206 507 1305 539 ante
1333 499 1501 551 dixisti,

55 573 125 600 me
145 573 244 600 cum
272 558 322 598 iis
345 558 595 614 confligere,
618 572 724 614 quos
747 556 1037 612 despicerem:
1070 570 1154 596 non
1178 556 1392 612 attingere
1413 570 1501 607 eos,

57 616 131 671 qui
156 615 249 672 plus
278 627 465 679 possent,
488 616 644 671 quibus
676 615 807 654 iratus
837 627 928 654 esse
958 613 1173 654 deberem.
1195 628 1378 668 quorum
1407 614 1504 668 qui-

58 673 156 714 dem
194 674 308 728 (quis
350 687 464 713 enim
508 688 594 713 non
634 671 853 726 intelligit,
886 685 995 725 quos
1032 671 1197 720 dicas?)
1240 685 1503 726 quamquam

56 744 143 771 non
175 740 240 771 est
271 745 355 770 una
388 745 517 771 causa
538 730 746 779 omnium,
770 739 910 768 tamen
946 738 1010 768 est
1043 728 1236 768 omnium
1272 729 1376 768 Πιιὶιι
1403 743 1501 783 pro-

58 787 174 828 bata.
238 786 315 828 Me
355 786 436 828 Cn.
469 787 718 842 PompeiuS,
752 785 895 825 multis
928 785 1238 827 obsistentibus
1272 785 1364 839 ejus
1400 800 1563 848 erga76

57 859 127 885 me
148 844 290 885 studio
317 854 446 899 atque
477 857 626 892 amor‚1
647 857 814 897 semper
845 842 1012 893 dilexit,
1035 856 1201 898 semper
1224 857 1298 882 suu
1319 842 1502 897 coniun-

57 912 202 943 ctione
214 900 600 958 dlffnlsffimumju
588 875 763 949 dicavit,
778 914 946 955 semper
964 915 1050 940 non
1073 900 1202 940 modo
1227 888 1500 950 incolumem,

58 959 131 1000 sed
154 959 284 1000 etiam
307 958 619 1014 amplissimum
652 968 780 1012 itque
803 957 1122 998 ornatissimum
1150 956 1283 997 voluit
1300 971 1404 998 esse.
1430 970 1544 1000 ve-P-
1559 960 1613 994 96.

59 1024 158 1057 strae
189 1015 373 1065 fraudes,
398 1026 584 1056 vestrum
617 1015 766 1065 scelus,
790 1024 943 1055 vestrae
975 1014 1295 1055 criminationes
1328 1012 1546 1055 insidia-²³·

58 1087 153 1114 rum
185 1085 391 1123 mearum,
426 1073 536 1113 illius
572 1071 875 1127 periculorum,
913 1071 1074 1112 nefarie
1110 1071 1238 1121 fictae,
1272 1071 1399 1112 simul
1432 1086 1505 1112 eo-

59 1144 168 1180 rum,
202 1129 274 1185 qui
310 1130 613 1170 familiaritatis
648 1128 836 1180 licentia,
875 1143 1048 1169 suorum
1085 1128 1504 1184 improbissimorum

59 1201 303 1228 sermonum
326 1187 592 1228 domicilium
626 1187 668 1226 in
700 1187 874 1226 auribus
906 1186 1014 1241 ejus,
1037 1186 1221 1241 impulsu
1245 1196 1400 1238 vestro,
1417 1186 1507 1228 col-

56 1243 320 1293 locaverunt,
345 1254 498 1284 vestrae
529 1243 788 1299 cupiditates
821 1244 1156 1299 provinciarum,
1184 1243 1434 1295 effecerunt,
1457 1254 1506 1285 ut

60 1315 144 1357 ego
180 1301 443 1352 excluderer,
473 1315 722 1355 omnesque,
753 1301 827 1356 qui
859 1315 942 1351 me,
964 1301 1035 1355 qui
1070 1300 1180 1341 illius
1212 1300 1408 1356 gloriam,
1430 1301 1504 1356 qui

61 1358 372 1414 rempublicam
404 1358 560 1399 salvam
594 1372 684 1398 esse
717 1358 965 1413 cupiebant,
996 1372 1190 1399 sermone
1222 1367 1351 1413 atque
1385 1360 1504 1399 aditu

61 1415 406 1472 prohiberentur.
469 1415 639 1462 Quibus
672 1416 798 1456 rebus
830 1424 893 1455 est
930 1414 1184 1471 perfectum,
1207 1425 1256 1455 ut
1288 1415 1347 1456 illi
1379 1415 1566 1472 plane77

63 1487 140 1513 suo
163 1483 273 1514 stare
288 1472 456 1527 judicio
471 1487 556 1513 non
577 1472 736 1522 liceret,
752 1487 850 1513 cum
869 1472 975 1513 certi
995 1472 1190 1513 homines
1209 1487 1295 1513 non
1313 1474 1505 1514 studium

60 1530 154 1585 ejus
173 1545 198 1570 a
218 1544 289 1570 me
309 1529 577 1580 alienassent,
598 1530 668 1570 sed
693 1529 902 1571 auxilium
926 1530 1225 1570 retardassent.
1271 1530 1428 1571 Nonne
1451 1532 1506 1572 ad

61 1595 104 1628 te
140 1586 187 1627 L.
214 1586 434 1638 Lentulus,
465 1587 537 1641 qui
572 1597 662 1627 tum
697 1596 786 1628 erat
818 1596 991 1643 praetor,
1023 1602 1106 1627 non
1142 1588 1198 1634 Q.
1228 1587 1386 1643 Sanga,
1417 1603 1505 1629 non

63 1644 112 1685 L.
135 1642 377 1698 Torquatus
401 1654 534 1700 pater,
556 1659 643 1685 non
670 1644 735 1684 M.
762 1644 964 1685 Lucullus
997 1645 1143 1686 venit?
1174 1645 1246 1700 qui
1281 1660 1428 1686 omnes
1452 1646 1506 1686 ad

61 1715 174 1752 eum,
205 1701 414 1756 multique
447 1701 647 1742 mortales
682 1712 850 1742 oratum
885 1702 926 1741 in
961 1700 1178 1743 Albanum
1210 1702 1506 1743 obsecratum-

62 1773 145 1813 que
168 1769 385 1810 venerant‚
414 1773 468 1799 ne
498 1773 613 1799 meas
646 1757 839 1800 fortunas
870 1760 1095 1810 desereret,
1124 1774 1221 1800 cum
1253 1760 1504 1815 reipublicae

63 1816 198 1856 salute
218 1817 487 1870 conjunctas.
509 1831 617 1871 quos
640 1816 709 1857 ille
731 1817 782 1857 ad
809 1826 862 1867 te,
885 1826 928 1857 et
958 1817 1012 1857 ad
1042 1826 1164 1857 tuum
1197 1816 1406 1873 collegam
1438 1832 1503 1858 re-

61 1873 197 1923 misit,
210 1882 258 1914 ut
278 1888 449 1914 causam
473 1873 687 1928 publicam
708 1874 994 1929 susciperetis,
1018 1884 1066 1914 ut
1083 1875 1135 1914 ad
1158 1884 1353 1914 senatum
1374 1873 1504 1915 refer-

63 1930 190 1971 retis.
223 1944 266 1970 se
283 1941 432 1970 contra
452 1941 663 1971 almatum
687 1931 906 1972 nibunum
931 1930 1067 1987 plebis
1099 1931 1190 1971 sine
1220 1931 1400 1972 consilio
1423 1947 1503 1987 pu-

63 1986 177 2028 blico
201 1987 416 2028 decertare
439 1987 572 2029 nolle:
606 1988 853 2029 consulibus
884 2003 939 2029 ex
974 2001 1147 2028 senatus
1171 1988 1369 2029 consulto
1391 2003 1502 2029 lem-

62 2044 281 2100 publicam
314 2043 657 2095 defendentibus,
691 2059 734 2085 se
765 2060 882 2085 aima
908 2056 1165 2086 5ιιιιιῐιι.ιίιιιι
1226 2045 1409 2101 Ecquid,
1437 2046 1563 2111 ιιι-73

60 2101 182 2152 felix,
213 2101 460 2152 recordaris,
482 2102 583 2156 quid
616 2103 910 2158 responderis?
942 2103 985 2142 in
1018 2117 1103 2157 quo
1135 2102 1194 2143 illi
1226 2117 1374 2143 omnes
1406 2118 1502 2158 qui-

62 2159 175 2209 dem,
198 2159 270 2199 sed
291 2158 533 2214 Totquatus
565 2168 721 2214 praeter
751 2170 929 2209 ceteros,
953 2159 1122 2200 furebat
1143 2160 1400 2201 contumaci·
1393 2175 1417 2201 t
1438 2176 1504 2202 ie-

26 2256 29 2258 ,
63 2216 208 2272 sponsi
232 2216 308 2266 tui,
330 2226 370 2257 te
390 2231 474 2256 non
497 2230 587 2256 esse
609 2226 697 2256 tam
716 2216 887 2267 fortem,
909 2219 946 2246 3¹
963 2231 1091 2271 quam
1111 2217 1201 2273 ipse
1218 2216 1501 2273 [Torquatus]

65 2287 108 2313 m
133 2273 356 2314 consulatu
390 2273 554 2323 fuisset,
585 2284 659 2314 aut
689 2288 796 2329 ego:
830 2248 938 2314 niliil
967 2288 1074 2329 opus
1105 2288 1195 2315 esse
1228 2289 1372 2327 ar,n]1s
1395 2275 1504 2317 nihil

64 2331 363 2372 contentione:
388 2345 456 2371 me
478 2345 601 2386 posse
619 2331 771 2371 iterum
787 2331 1094 2386 rempublicam
1109 2346 1173 2372 ser
1180 2347 1288 2383 vare,
1303 2332 1336 2372 si
1351 2333 1503 2374 cessis-

5 2434 8 2438 Ι
64 2401 177 2429 sem:
212 2387 424 2428 infinitam
443 2388 605 2428 caedem
629 2388 734 2438 fore,
758 2389 790 2428 si
811 2389 1084 2430 restitissem:
1109 2389 1263 2430 deinde
1283 2389 1336 2430 ad
1358 2399 1501 2431 extre-

65 2458 200 2494 mum,
223 2459 357 2499 neque
379 2459 437 2495 se,
460 2460 597 2500 neque
628 2460 848 2502 generum,
872 2460 1010 2500 neque
1032 2446 1241 2502 collegam
1264 2462 1403 2498 suum,
1425 2447 1502 2488 tri-

66 2501 184 2564 buno
207 2495 341 2556 plebis
363 2501 625 2543 defuturum.
686 2502 774 2544 Hic
796 2513 841 2543 tu
860 2502 996 2543 hostis
1017 2518 1066 2543 ac
1088 2503 1296 2558 proditor,
1317 2504 1410 2544 aliis
1432 2518 1502 2546 me

68 2556 368 2609 inimiciorem,
390 2574 518 2614 quam
542 2560 620 2600 tibi
643 2560 797 2601 debere
818 2574 908 2600 esse
929 2559 1064 2602 dicis.
1054 2572 1065 2591 ι’
1098 2559 1193 2615 Ego
1213 2560 1264 2601 C.
1283 2560 1499 2602 Caesarem
1513 2565 1582 2612 32

67 2627 155 2655 non
176 2615 323 2656 eadem
346 2617 398 2657 de
419 2617 638 2672 republica
659 2617 852 2668 sensisse,
875 2632 971 2672 quae
993 2631 1078 2668 me,
1100 2619 1214 2659 scio:
1247 2618 1319 2658 sed
1344 2627 1500 2671 tamen,
1513 2636 1565 2675 79

110 2729 152 2758 30
166 2729 381 2766 complectente
394 2731 494 2769 ampl.
509 2731 595 2760 viros
609 2730 655 2760 ad
668 2734 764 2760 {tcum
806 2730 909 2760 socios
923 2729 1211 2769 scelerisjudicari.

69 2772 102 2798 σε
132 2769 174 2800 G.
198 2770 314 2810 scelus]
339 2770 402 2801 Pro
427 2773 642 2810 complecteris
669 2773 765 2802 malit
848 2776 886 2802 31
904 2783 1003 2812 quam
1021 2774 1088 2811 ipse
1116 2773 1150 2803 T
1145 2778 1404 2812 'orquatus—-aut
1430 2773 1504 2815 ego]

69 2810 177 2841 Graev.
204 2822 222 2842 e
247 2813 311 2842 Ms.
338 2813 409 2843 Erf.
431 2818 465 2844 et
487 2813 575 2844 Pith.
600 2817 752 2854 compleo!
755 2815 766 2843 z·
810 2813 994 2853 Torquatus
1009 2814 1180 2845 manifeste
1193 2825 1250 2855 per
1262 2815 1402 2854 glossam
1417 2816 1508 2847 addi-

69 2852 129 2884 υόε.
155 2863 271 2894 parum
296 2855 444 2887 interest.
487 2856 625 2888 Sensus·
649 2866 704 2887 eos
720 2866 766 2886 us
807 2862 880 2887 tum
896 2861 956 2887 est.
987 2856 1103 2896 ltaque
1118 2856 1235 2888 saltem
1251 2858 1344 2889 uncis
1356 2857 1486 2890 inclusi.
