1785 3185
225 98 326 146 1430
820 107 1071 150 ORATIO

221 211 460 253 dicaverint
489 212 546 254 ob
577 212 860 256 rectissimum
894 215 1073 267 facinus,
1106 216 1185 270 (ita
1218 217 1331 258 enim
1366 217 1532 260 videtur
1562 217 1653 261 An-

142 267 209 314 18
225 269 379 319 tonio,)
406 270 486 310 sibi
522 285 705 325 parcere,
729 272 841 313 idem
874 273 1088 314 sentienti.
1149 274 1266 320 Quid
1290 275 1390 316 huic
1412 275 1556 327 facias,
1578 278 1651 332 qui

159 339 208 377 37
224 325 318 366 haec
349 326 500 368 litteris
530 330 832 384 memoriaeque
854 330 1080 380 mandarit,
1103 330 1162 371 ita
1181 332 1259 371 sibi
1284 333 1533 373 convenisse
1554 348 1654 375 cum

224 382 463 434 Dolabella,
486 393 534 425 ut
566 385 634 425 ille
665 385 943 437 Trebonium,
966 396 1023 437 et,
1046 388 1079 427 si
1114 397 1270 442 posset,
1291 389 1419 429 etiam
1454 390 1652 441 Brutum,

224 438 436 491 Cassium,
459 442 737 483 discruciatos
768 453 950 495 necaret,
981 444 1213 499 eademque
1248 445 1460 487 inhiberet
1491 446 1653 502 suppli-

221 497 290 537 cia
310 498 466 540 nobis?
497 500 812 540 conservandus
841 500 947 541 civis
980 515 1077 541 cum
1113 511 1198 542 tam
1233 502 1303 558 pio
1330 502 1535 558 justoque
1568 502 1653 544 foe-

222 553 336 594 dere.
396 554 437 595 Is
459 556 588 596 etiam
613 557 803 611 queritur
825 557 1092 597 conditiones
1115 573 1210 599 suas
1232 559 1487 614 repudiatas,
1509 574 1654 615 aequas

221 611 394 664 quidem
417 622 459 652 et
483 614 764 655 verecundas:
798 624 844 654 ut
874 614 1051 655 haberet
1073 614 1257 656 Galliam
1293 616 1500 666 ultimam,
1521 618 1653 672 aptis-

222 668 372 708 simam
396 670 447 710 ad
471 669 626 711 bellum
651 671 940 711 renovandum
964 672 1342 727 instruendumque
1366 673 1651 728 provinciam:

221 733 270 764 ut
292 724 469 766 Alaudae
492 727 533 766 in
559 727 685 767 tertia
704 727 1150 783 ‹lecuriajudicarent‚
1173 729 1215 770 id
1240 739 1318 780 est,
1341 740 1386 770 ut
1410 729 1653 785 perfugium

222 781 428 823 scelerum
461 793 571 824 esset
600 787 633 814 8¹
653 799 750 824 cum
785 785 1040 840 turpissimis
1073 786 1320 841 reipublicae
1354 787 1574 828 sordibus:
1606 795 1655 828 ut

222 849 319 878 acta
341 854 416 880 sua
438 849 527 880 rata
547 851 701 891 essent,
725 841 792 897 cuj
803 856 847 882 us
870 841 1031 883 nullum
1054 852 1243 884 remanet
1264 843 1507 884 consulatus
1524 844 1654 884 vesti-

223 895 358 950 gium.
420 896 613 938 Cavebat
644 899 772 939 etiam
808 899 856 939 L.
878 899 1085 950 Antonio,
1107 900 1181 955 qui
1213 900 1351 941 fuerat
1384 900 1652 956 aequissimus

225 953 316 1007 agri
353 954 505 1008 privati
539 963 582 996 et
614 955 772 1010 publici
808 955 1149 1012 decempedator,
1184 957 1354 998 Nucula
1383 967 1426 998 et
1460 957 1653 999 Lentone

160 1003 214 1048 38
227 1009 405 1065 collega.
470 1009 740 1056 Quamobrem
763 1026 830 1053 vos
849 1013 988 1068 polius
1008 1014 1331 1066 animadvertite,
1352 1022 1487 1055 utrum
1504 1014 1556 1055 sit
1579 1013 1657 1055 ele-

180 1064 404 1121 b·gancius,
425 1075 463 1108 et
489 1068 677 1122 partibus
700 1069 852 1121 atil-ius,
877 1070 1067 1112 Trebonii
1088 1078 1252 1112 mortem
1266 1071 1464 1127 persequi,
1486 1087 1541 1112 an
1565 1069 1655 1112 Cae-

224 1123 353 1165 saris.-
383 1131 420 1165 et
452 1132 588 1167 utrum
614 1127 666 1167 sit
692 1126 855 1183 a’quiuS,
876 1143 1108 1169 concurrere
1140 1143 1221 1179 uos,
1246 1143 1322 1183 quo
1341 1127 1518 1184 facilius
1549 1129 1653 1169 revi-

223 1181 349 1221 vis-cat
387 1181 730 1237 Pompeianorum
763 1199 896 1235 causa,
934 1186 1049 1226 toties
1074 1185 1291 1242 jugulata,
1329 1201 1384 1226 an
1419 1185 1653 1237 consentire,

223 1251 274 1277 ne
295 1237 472 1279 ludibrio
492 1240 612 1282 simus
632 1240 819 1282 inimici&
881 1242 924 1283 Si
952 1252 1062 1283 esset
1088 1242 1302 1298 jugulata,
1325 1257 1554 1297 numquam
1578 1257 1654 1283 ex-

224 1305 439 1350 surgeret:
472 1299 587 1352 quod
610 1298 690 1339 tibi
720 1299 888 1354 tuisque
918 1300 1164 1355 contingat!
1221 1298 1556 1354 Uc1·um,inquit,
1578 1299 1656 1340 ele-

220 1352 399 1407 garetius.
459 1354 594 1409 Atqui
628 1355 711 1397 hoc
743 1356 854 1396 bello
888 1357 940 1397 de
971 1357 1183 1413 elegantia
1204 1357 1424 1412 quaeritur.
1455 1364 1493 1397 et
1518 1355 1656 1411 parti-

160 1412 212 1448 39
226 1409 296 1449 bus
316 1409 470 1452 utilius.
532 1412 694 1463 Partes,
718 1412 890 1464 furiose,
912 1414 1112 1455 dicuntur
1142 1415 1184 1455 in
1217 1414 1326 1464 foro,
1348 1415 1391 1454 in
1413 1414 1544 1454 curia.
1569 1413 1657 1454 bel-

222 1465 311 1506 lum
343 1477 494 1509 contra
524 1470 703 1525 patriam
732 1470 942 1511 nefarium
976 1471 1224 1526 suscepisti:
1256 1485 1481 1526 oppugnas
1517 1470 1658 1511 Muti-

220 1535 321 1564 nam
341 1541 349 1565 :
381 1526 663 1568 circumsedes
686 1527 902 1568 consulem
929 1528 1198 1584 designatum
1222 1545 1231 1570 :
1263 1527 1420 1569 bellum
1441 1536 1592 1569 contra
1613 1537 1656 1569 te

220 1580 306 1621 ‹luo
329 1582 522 1623 consules
544 1594 712 1638 gerunt,
733 1599 916 1640 cumque
937 1586 1001 1626 his
1032 1601 1108 1642 pro
1135 1595 1316 1642 praetore
1348 1585 1518 1627 Caesar:
1549 1599 1655 1626 cun-

221 1646 292 1678 cta
313 1649 463 1680 contra
485 1650 525 1681 te
549 1641 674 1682 Italia
695 1653 857 1682 armata
876 1653 954 1683 cst.
979 1644 1078 1683 istas
1103 1657 1146 1684 tu
1176 1652 1314 1698 partes
1347 1643 1503 1698 potius,
1525 1656 1655 1696 quam

222 1708 248 1735 a
279 1696 438 1751 populo
476 1697 673 1739 Romano
706 1698 989 1740 defectionem
1024 1703 1179 1742 vocas?
1229 1703 1269 1730 82
1283 1699 1430 1740 Potius
1464 1698 1658 1740 Trebonii

222 1759 403 1804 mortem,
426 1769 480 1795 αη
504 1754 674 1797 Ccesaris
694 1756 1014 1811 persequamur?
1071 1757 1275 1798 Trebonii
1309 1757 1409 1797 satis
1441 1756 1655 1812 persecuti

223 1823 384 1861 sumus,
417 1810 540 1853 hoste
569 1812 767 1867 judicato
804 1813 1056 1866 Dolabella:
1091 1814 1273 1855 Caesaris
1305 1828 1419 1854 mors
1452 1813 1656 1854 facillime

222 1865 466 1909 defenditur
487 1869 704 1911 oblivione
726 1878 769 1911 et
790 1871 972 1912 silentio.
1032 1872 1115 1912 Sed
1140 1872 1293 1921 videte,
1315 1870 1416 1926 quid
1438 1870 1656 1912 moliatur.

222 1938 320 1964 cum
346 1936 524 1967 mortem
558 1926 741 1968 Caesaris
772 1928 1056 1970 ulciscendam
1089 1937 1225 1985 putat,
1248 1938 1429 1969 mortem
1453 1927 1658 1984 proponit

143 1965 211 2018 19
225 1995 308 2021 non
343 1982 392 2021 iis
425 1983 576 2035 solum,
599 1985 671 2039 qui
708 1984 823 2025 illam
854 2000 941 2027 rem
975 1997 1210 2041 gesserunt,
1234 1985 1304 2025 sed
1328 1985 1377 2026 iis
1399 1986 1544 2035 etiam,
1566 1987 1605 2015 83
1620 1984 1656 2025 si

160 2038 295 2092 40qui
330 2053 414 2079 non
446 2041 623 2082 moleste
656 2041 858 2083 tulerunt.
922 2042 1080 2087 Quibus
1109 2042 1191 2083 utri
1218 2041 1397 2083 noscrz‘cm
1426 2041 1657 2093 ceciderint,

223 2094 540 2152 lurroficturum
558 2106 627 2139 est.
649 2099 758 2154 quod
774 2099 1041 2154 spectaculum
1072 2099 1202 2140 adhuc
1232 2099 1318 2154 ‘ipsa
1335 2097 1518 2155 fortuna
1548 2099 1657 2140 vita-

221 2151 297 2202 vit,
320 2169 368 2194 ne
387 2154 539 2196 videret
570 2156 688 2196 unius
715 2157 892 2211 corporis
921 2156 1021 2197 duas
1053 2156 1170 2207 acies,
1189 2155 1339 2197 lanista
1365 2154 1570 2206 Cicerone,
1592 2154 1657 2195 di-

222 2209 441 2252 micantes:
472 2212 543 2266 qui
564 2228 685 2269 usque
705 2228 748 2254 eo
754 2212 870 2269 felir
891 2221 960 2264 est,
981 2220 1027 2254 ut
1057 2213 1195 2254 iisdem
1224 2213 1468 2254 ornamentis
1496 2212 1656 2266 decepe-

90 2281 122 2313 ρ.
140 2273 211 2303 2²56.
224 2266 279 2306 rit
300 2282 380 2317 vos,
399 2269 543 2323 quibus
561 2269 767 2326 deceptum
785 2270 981 2312 Caesarem
1001 2270 1202 2327 gloriatus
1222 2278 1291 2311 est.
1328 2271 1474 2326 Pergit
1495 2270 1537 2310 in
1561 2284 1657 2312 mea

179 2325 208 2346 ἃ·
222 2324 464 2377 maledicta,
494 2327 613 2382 quasi
645 2342 745 2368 vero
774 2328 812 2368 ei
847 2328 1130 2383 pulcherrime
1168 2328 1310 2384 priora
1341 2327 1654 2384 processerint:

263 2452 297 2479 81
325 2460 398 2480 eum
427 2453 620 2491 turpissimis
641 2463 669 2483 r.
692 2452 792 2491 sord]
829 2454 913 2483 Cum

958 2463 1033 2484 nam
1048 2453 1145 2483 verba
1160 2453 1293 2483 Antonii
1310 2453 1361 2483 hic
1385 2453 1486 2491 repeti
1510 2452 1630 2483 dehent
1642 2465 1652 2484 z

219 2501 348 2522 summa
364 2493 545 2530 ignominia
559 2495 754 2534 reipublicae.
797 2496 850 2525 Sic
866 2496 914 2525 in-

957 2500 989 2525 et
1006 2496 1038 2525 in
1055 2495 1189 2534 vulgata
1208 2505 1272 2525 non
1297 2502 1345 2525 est
1368 2495 1532 2525 sententia
1547 2497 1653 2525 Anto-

220 2534 341 2573 telligit
358 2535 542 2568 Manutius.
583 2538 644 2567 Sed
659 2538 704 2567 sie
722 2537 834 2569 Cicero
851 2547 916 2567 non

220 2575 303 2605 solet
319 2576 379 2607 hoc
392 2579 582 2617 exprimere.
594 2580 707 2617 quidsi
723 2580 829 2609 sordes
840 2587 918 2610 sunt

220 2617 368 2649 homines
391 2620 479 2657 foedi,
497 2626 535 2651 ut
558 2622 643 2652 labes
666 2623 744 2661 reip.
770 2627 803 2651 et
829 2622 917 2652 sinii-

220 2660 286 2691 lia?

263 2706 302 2733 82
329 2702 444 2733 Potius
474 2703 530 2734 Tr.
555 2715 599 2736 m.
625 2716 725 2745 «betam
755 2706 789 2735 (Γ.
809 2715 917 2744 ,verse-

218 2755 363 2783 quamur
376 2746 407 2785 .7]
434 2747 485 2776 Sic
507 2747 578 2777 edd.
594 2754 625 2778 ct
643 2758 704 2779 scr.
751 2748 916 2778 ferrarius

217 2788 412 2826 conjiciebat
425 2799 459 2828 p.
480 2788 537 2819 Tr.
555 2795 689 2820 mortem
711 2800 756 2820 an
784 2790 918 2821 Cccsaris

210 2832 372 2871 persequi,
394 2832 615 2872 probabatque
637 2833 796 2863 Graevius,
817 2837 917 2871 recte.

960 2537 1017 2573 nii,
1035 2547 1130 2576 quam
1149 2537 1278 2567 refellit.
1315 2537 1428 2576 Itaque
1444 2538 1490 2566 sie
1505 2537 1602 2568 edidi.

1002 2582 1041 2610 83
1064 2581 1090 2609 si
1112 2580 1166 2618 qui
1189 2590 1251 2609 non
1267 2581 1340 2609 mol.
1358 2580 1397 2618 Α]
1416 2580 1515 2609 Abest
1530 2589 1548 2609 a
1562 2579 1653 2610 libris

960 2621 1127 2651 nonnullis
1157 2631 1217 2651 scr.
1245 2622 1284 2652 si.
1308 2622 1394 2660 quod
1416 2631 1489 2650 cum
1516 2621 1655 2658 Faerno,

959 2664 1053 2695 Man.
1068 2664 1187 2694 delevit
1209 2664 1366 2693 Graevius.
1409 2663 1589 2702 Vulgatum
1606 2669 1658 2694 est

959 2705 1153 2744 elegantius.
1168 2715 1244 2735 nam
1258 2712 1291 2735 et
1306 2705 1370 2735 alia
1384 2710 1461 2735 sunt
1477 2705 1573 2743 hujus
1590 2705 1656 2735 for-

960 2757 1023 2777 mae
1038 2747 1187 2788 exempla
1202 2748 1289 2787 apud
1304 2748 1446 2787 optimos
1468 2748 1655 2787 scriptores,

960 2794 994 2820 et
1009 2790 1094 2831 apud
1110 2790 1215 2831 ipsum
1231 2795 1380 2821 nostrum
1396 2789 1600 2822 Ciceronem.
