1769 3174
567 139 684 178 PRO
716 139 758 177 P.
788 137 1017 179 sEx'rIo.
1433 138 1513 184 902

66 256 213 288 eorum
246 242 416 296 scelere,
437 243 511 299 qui
542 257 641 284 cum
665 241 865 283 omnibus
897 240 1044 281 salutis
1076 252 1184 280 meae
1215 236 1512 279 defensoribus

65 298 223 344 bellum
263 315 354 342 esse
396 301 477 342 sibi
519 300 754 356 gerendum
789 297 1111 354 judicaverunt.
1150 295 1271 345 'Sed‚
1308 296 1550 349 quoniam5

64 358 244 414 singulis
266 357 517 399 criminibus
540 356 669 398 ceteri
693 355 1019 411 responderunt,
1041 352 1181 394 dicam
1205 366 1287 407 ego
1313 353 1365 391 de
1395 353 1514 392 omni
1531 352 1550 370 '⁴

66 425 180 458 statu
213 414 263 455 P.
287 415 441 465 Sextii,
463 414 515 455 de
547 427 701 470 genere
734 414 850 464 vitae,
873 412 925 452 de
959 420 1125 459 natura,
1152 409 1204 450 de
1235 408 1440 458 moribus,
1463 409 1517 449 de

7 519 10 522 ⁴
63 471 305 514 incredibili
338 485 482 512 amore
514 471 557 512 in
591 471 742 520 bonos,
765 469 818 510 de
849 468 991 510 studio
1023 465 1328 508 conservandae
1366 465 1515 507 salutis

66 529 306 571 communis
329 538 457 583 atque
487 527 590 569 otii:
623 527 982 580 contendamque,
1005 524 1038 565 si
1072 523 1202 564 modo
1237 522 1278 563 id
1310 522 1514 575 consequi

66 595 232 643 potero,
257 594 304 626 ut
327 585 403 625 6in
435 585 516 626 hac
547 584 728 626 confusa
751 594 880 639 atque
902 582 1101 624 universa
1121 579 1384 629 defensione,
1407 578 1517 619 nihil

65 659 91 684 a
120 657 201 695 me,
223 642 338 697 quod
372 643 424 683 ad
458 650 640 684 vestram
662 641 973 696 quaestionetn3
1004 637 1126 687 nihil,
1151 636 1267 693 quod
1295 636 1348 677 ad
1371 649 1514 686 reum;

65 699 188 751 nihil,
219 700 334 755 quod
368 700 420 740 ad
454 698 764 754 rempublicam
795 697 1022 754 pertineat,
1055 693 1387 751 praetermissum
1423 705 1514 732 esse

7 800 10 808 ,
66 756 276 798 videatur.
338 755 408 808 Et,
430 757 635 812 quoniam
658 756 702 796 in
725 753 987 811 gravissimis
1017 752 1282 807 temporibus
1309 749 1516 799 civitatis,

4 850 5 854 ,
66 822 195 868 atque
225 813 267 854 in
289 813 422 854 ruinis
454 827 613 854 eversae
644 821 774 867 atque
804 811 977 852 afflictae
1011 808 1260 865 reipublicae
1294 807 1342 847 P.
1373 806 1607 859 SextiipJ,

13 870 15 875 ’
67 871 309 913 tribunatus
331 878 396 911 e-st
417 886 442 912 a
468 869 643 911 fortuna
672 869 765 925 ipsa
797 869 1056 910 collocatus:
1089 880 1176 907 non
1206 864 1433 921 aggrediar
1459 863 1513 904 ad
1525 870 1555 893 ²·

1 927 15 970 ζ’
68 927 140 970 illa
160 927 351 968 maxima
377 937 505 984 atque
529 926 792 983 amplissima
821 926 953 982 prius,
975 938 1104 980 quam
1133 923 1333 972 docuero,
1356 921 1512 975 quibus

4 991 21 1039 J
67 984 204 1026 initiis
227 999 276 1026 ac
298 983 588 1027 fundamentis
614 985 678 1025 hae
704 992 835 1025 tantae
858 982 1035 1024 summis
1059 981 1104 1022 in
1125 981 1251 1024 rebus
1273 978 1417 1020 laudes
1438 992 1514 1018 ex-

70 1042 216 1085 citatae
238 1041 338 1082 sint.

127 1097 311 1139 Parente
335 1097 385 1139 P.
407 1099 580 1139 Sextius
603 1106 728 1139 natus
749 1105 827 1149 est,
841 1096 1026 1152 judices,
1044 1094 1235 1144 homine,
1254 1101 1302 1134 ut
1324 1091 1563 1149 plerique3

70 1155 341 1206 meministis,
363 1164 408 1196 et
439 1156 646 1212 sapiente,
669 1165 712 1196 et
747 1164 909 1205 sanem,
931 1163 975 1194 et
1005 1166 1176 1193 severo:
1209 1151 1298 1206 qui,
1320 1164 1418 1192 cum
1440 1150 1553 1200 tri-6

67 1213 208 1255 bunus
231 1212 366 1269 plebis
390 1213 552 1268 primus
574 1213 685 1254 inter
706 1211 902 1254 homines
933 1209 1223 1252 nobilissimos
1249 1207 1518 1263 temporibus

71 1269 246 1327 optimis
270 1269 409 1311 factus
430 1279 556 1321 esset,
576 1270 750 1325 reliquis
783 1268 1019 1310 honoribus
1051 1281 1137 1307 non
1168 1274 1257 1306 tam
1279 1265 1342 1305 uti
1365 1264 1520 1317 voluit,

17 1370 20 1375 ,
70 1341 201 1383 quam
223 1326 380 1384 dignus
403 1327 552 1368 videri.
613 1326 678 1368 Eo
701 1335 874 1368 auctore
896 1325 1023 1366 duxit
1046 1321 1335 1365 honestissimi
1358 1330 1401 1362 et
1423 1335 1520 1377 spe-

10 1406 12 1413 ·
72 1383 298 1426 etatissimi
336 1384 430 1434 viri,
464 1384 516 1426 C.
547 1383 696 1432 Albini
730 1383 886 1424 filiani:
912 1396 981 1426 ,ex
1018 1397 1102 1436 qua
1134 1381 1206 1421 hic
1237 1387 1302 1420 est
1335 1393 1453 1434 puer,
1475 1386 1521 1419 et

70 1441 318 1497 nuptajam
340 1441 442 1482 filia.
504 1440 688 1482 Duobus
720 1440 786 1482 his
818 1439 1083 1496 gravissimae
1115 1436 1385 1492 antiquitatis
1416 1436 1520 1478 viris

75 1498 138 1540 sic
158 1499 362 1554 probatus
384 1497 481 1549 fuit,
502 1507 551 1539 ut
580 1499 750 1553 utrique
777 1511 924 1538 eorum
957 1506 1001 1537 et
1033 1509 1155 1537 carus
1177 1494 1366 1534 maxime
1387 1502 1431 1533 et
1445 1492 1522 1548 ju-

74 1555 239 1597 cundus
261 1564 386 1597 esset.
445 1554 622 1597 Ademit
642 1555 803 1596 Albino
827 1554 960 1595 soceri
993 1566 1149 1594 nomen
1170 1565 1285 1592 mors
1308 1550 1424 1602 filiae,
1447 1549 1522 1592 sed

8 1647 12 1650 .
71 1613 299 1654 caritatem
320 1611 431 1654 illius
453 1611 779 1654 necessitudinis
803 1620 845 1653 et
870 1610 1210 1652 benevolentiam
1236 1622 1320 1649 non
1345 1607 1520 1648 ademit.

74 1669 204 1712 hodie
237 1670 298 1711 sic
330 1669 445 1711 hunc
475 1670 633 1726 diligit,
655 1679 703 1710 ut
725 1684 800 1710 vos
831 1667 1033 1709 facillime
1063 1666 1242 1723 potestis
1273 1680 1328 1706 ex
1351 1664 1432 1705 hac
1454 1663 1522 1706 vel

76 1727 325 1769 assiduitate
365 1727 474 1782 erS,
519 1727 585 1768 vel
625 1726 913 1768 sollicitudine
953 1735 996 1767 et
1041 1723 1239 1764 molestia
1271 1726 1289 1756 7
1306 1722 1520 1777 judicare.

77 1782 220 1826 Duxit
250 1798 443 1835 uxorem,
474 1793 595 1840 patre
624 1784 739 1835 vivo,
762 1783 932 1839 optimi,
956 1785 973 1813 8
989 1790 1033 1823 at
1059 1778 1416 1822 calamitosissimi
1439 1779 1558 1834 viri7

78 1841 225 1892 filiam,
246 1845 266 1876 9
282 1840 332 1882 C.
353 1841 721 1897 Scipionis..clara
750 1841 792 1882 in
823 1840 906 1881 hoc
939 1839 989 1881 P.
1015 1839 1153 1880 Sextii
1177 1839 1312 1894 pietas
1336 1835 1522 1888 exstitit,

77 1906 122 1939 et
142 1898 341 1940 omnibus
369 1907 505 1954 grata,
528 1899 643 1954 quod
674 1907 717 1939 et
741 1896 983 1939 Massiliam
1016 1897 1161 1937 statim
1192 1892 1411 1951 profectus
1442 1902 1523 1946 est,

80 1963 130 1997 ut
151 1969 345 1996 socerum
367 1956 509 1997 videre
530 1955 828 2011 consolarique
858 1963 1018 2010 posset,
1042 1953 1245 1994 fluctibus
1273 1950 1523 2008 reipublicae

80 2012 322 2069 expulsum,
344 2012 388 2053 in
411 2013 558 2054 alienis
582 2015 702 2054 terris
719 2013 953 2068 jacentem,
972 2025 1100 2067 quem
1122 2011 1166 2051 in
1189 2009 1401 2065 majorum
1425 2023 1524 2050 suo-

80 2083 175 2110 rum
197 2070 391 2126 vestigiis
413 2079 523 2111 stare
545 2071 798 2126 oportebat:
830 2080 874 2110 et
903 2069 957 2110 ad
988 2066 1097 2109 eum'
1116 2068 1249 2109 filiam
1271 2066 1363 2120 ejus
1390 2066 1525 2107 addu-

81 2126 162 2178 xit,
185 2135 232 2173 ut
254 2126 325 2167 illo
347 2126 563 2183 insperato
585 2128 791 2183 adspectu
815 2126 1144 2181 complexuque,
1168 2124 1203 2164 si
1226 2138 1313 2164 non
1336 2137 1526 2174 omnem,

82 2183 164 2224 atal
187 2183 331 2239 iquam
364 2193 527 2240 partem
559 2185 757 2226 moeroris
789 2184 853 2224 sui
884 2183 1138 2239 deponeret:
1170 2189 1213 2222 et
1235 2180 1436 2222 maximis
1459 2179 1526 2221 ofss

82 2240 195 2281 ficiis
228 2249 272 2282 et
304 2241 415 2282 illius
449 2256 700 2293 aerumnam,
722 2241 864 2296 quoad
897 2240 1022 2291 vixit,
1051 2248 1095 2280 et
1122 2238 1221 2280 filiae
1250 2238 1529 2279 solitudinem

84 2298 353 2340 sustentavit.
414 2298 596 2340 Possum
617 2298 753 2339 multa
772 2298 913 2339 dicere
942 2298 994 2338 de
1016 2296 1284 2347 liberalitate,
1306 2295 1359 2336 de
1380 2295 1529 2336 dome-

84 2354 200 2396 sticis
235 2355 405 2407 officiis,
437 2356 489 2396 de
519 2357 742 2397 tribunatu
784 2355 973 2405 militari,
1005 2354 1058 2395 de
1096 2352 1349 2409 provinciali
1394 2352 1437 2393 in
1476 2349 1546 2393 eo*

62 2429 64 2432 ·
85 2413 338 2467 magistratu
360 2414 645 2456 abstinentia:
670 2414 742 2454 sed
765 2413 870 2453 mihi
893 2421 992 2453 ante
1014 2412 1159 2453 oculos
1179 2411 1430 2451 obversatur
1448 2411 1529 2449 rei-

87 2468 270 2566 publice&
302 2470 505 2526 dignitas,
526 2486 624 2526 quae
654 2485 724 2512 me
754 2470 807 2511 ad
835 2483 924 2510 sese
945 2469 1072 2525 rapit,
1095 2468 1190 2510 haec
1212 2468 1379 2508 minora
1401 2466 1530 2508 relin-

87 2539 215 2582 quere
268 2537 446 2569 ortatur.
1042 2539 1064 2562 ⁰

129 2639 149 2670 6
170 2640 205 2670 in
217 2641 278 2671 Ῐιαο
289 2639 422 2681 co'nfiesa
445 2645 541 2680 atque
558 2642 712 2672 universa
733 2640 781 2680 d.]
828 2649 942 2679 quens.
986 2639 1031 2670 Et
1052 2639 1131 2669 satis
1156 2642 1299 2674 constat,
1322 2636 1408 2668 hanc
1429 2637 1532 2667 orati-

92 2678 133 2712 ln
142 2691 206 2720 qua
214 2692 327 2713 omnes
340 2687 449 2723 partes
463 2683 658 2713 defensionis
674 2684 787 2714 mixtae
829 2692 927 2713 onem
940 2683 975 2712 in
987 2682 1068 2713 Mss.
1081 2686 1114 2711 et
1126 2680 1198 2712 edd.
1210 2691 1257 2721 pr.
1269 2679 1360 2710 valde
1375 2679 1530 2710 mutilam.

91 2726 124 2758 et
139 2725 322 2763 conjunctae
335 2730 424 2755 sunt.
442 2735 470 2754 v.
487 2725 577 2755 Clav.
830 2734 908 2755 esse.

130 2767 149 2798 7
173 2764 342 2806 judicare]
377 2767 505 2797 Excidit
531 2766 583 2796 hic
611 2767 786 2798 manifeste
873 2770 890 2797 8
914 2769 945 2796 et
956 2764 1243 2803 calamitosissimi]
1268 2763 1370 2794 Recte
1383 2763 1532 2794 Graevius

92 2815 306 2846 consequens:
322 2813 360 2838 ut
372 2813 528 2848 appareat
540 2812 682 2838 veterem
698 2819 787 2839 amo—
831 2819 906 2838 cum
925 2807 1115 2838 Robortello
1130 2807 1264 2845 corrigit
1280 2811 1326 2835 at.
1493 2825 1495 2827 ·

94 2857 162 2895 tem
184 2858 333 2880 manere:
357 2860 435 2880 nam
454 2851 487 2880 in
509 2851 682 2890 principio,
699 2851 790 2881 hodie
873 2854 893 2884 9
921 2849 953 2880 C.
973 2848 1143 2889 Scipionis]
1165 2849 1229 2879 Alii
1246 2848 1289 2878 L.
1308 2847 1477 2889 Scipionis,
1491 2850 1534 2879 ut

96 2899 140 2920 sne
162 2892 248 2923 hunc
271 2893 392 2931 diligit,
407 2892 569 2925 desiderat
589 2892 656 2924 tale
677 2901 791 2925 eonse-
833 2891 976 2932 Hervag.
991 2895 1025 2922 et
1040 2891 1123 2923 aliae.
1139 2901 1169 2922 v.
1187 2890 1280 2923 Clav.
1428 2907 1433 2912 ν
1457 2905 1461 2909 ·
1507 2896 1512 2901 ’
