1785 3185
425 113 770 154 PHILIPPICA
799 111 1091 150 SECUNDA.
1383 110 1492 150 1285-

53 224 224 277 propter
255 217 473 272 libidines]
507 216 709 258 defuisti?
769 216 976 257 Gustaras
1009 213 1179 254 civilem
1212 216 1536 271 sanguinem,7l

54 276 117 316 vel
155 274 296 330 potius
328 277 632 315 exsorbueras:
673 273 811 313 fueras
844 272 887 312 in
923 271 1013 312 acie
1047 270 1292 312 Pharsalica
1324 274 1480 313 antesi-
1494 288 1524 318 p.
1542 277 1610 309 17⁴-

53 346 238 388 gnanus:
274 332 322 372 L.
345 330 602 381 Domitium,
624 329 939 370 nobilissimum
962 337 1006 368 et
1027 326 1306 367 clarissimum
1329 330 1523 380 virum,²·

52 388 291 430 occideras:
314 387 571 442 multos,qui
594 388 646 428 de
671 386 825 442 proelio
848 384 1103 440 effugerant,
1123 398 1231 437 quos
1255 384 1416 436 Caesar,
1436 396 1485 426 ut

53 444 293 494 nonnullos,
316 443 494 485 fortasse
527 454 748 494 servasset,
769 440 1060 484 crudelissime
1084 449 1330 495 persecutus
1355 443 1487 483 truci-

54 502 188 542 datas.
250 502 419 548 Quibus
448 502 571 542 rebus
594 503 633 533 32
649 500 778 541 tantis
802 499 956 540 talibus
981 497 1128 554 gestis,
1151 496 1254 551 quid
1281 496 1364 537 fuit
1386 499 1509 539 cau-'

54 573 126 608 sae,
147 572 222 599 cur
246 559 288 599 in
306 557 497 600 Africam
523 558 736 599 Caesarem
759 571 845 597 non
869 567 1104 610 sequerere,
1127 568 1224 594 cum
1249 556 1487 610 praesertim

55 614 153 655 belli
181 629 275 670 pars
301 624 421 656 tanta
450 617 653 665 restaret?
714 614 865 668 Itaque
888 626 1013 667 quem
1039 611 1179 652 locum
1207 611 1319 667 apud
1346 611 1487 667 ipsum

58 671 271 713 Caesarem
295 673 497 728 1›ostejus
516 687 568 713 ex
589 670 734 712 Africa
756 671 937 711 reditum
956 668 1207 710 obtinuisti?
1230 683 1315 723 quo
1339 683 1490 710 nume-

57 743 104 769 ro
137 728 283 771 fuisti?
345 730 480 784 Cujus
511 739 556 770 tu
589 727 856 784 imperatoris
880 734 1068 781 quaestor
1091 724 1244 775 fueras,
1267 725 1490 766 dictatoris

58 786 263 842 magister
288 786 496 840 equitum,
531 784 626 826 belli
664 785 876 840 princeps,
895 781 1158 823 crudelitatis
1188 791 1351 833 auctor,
1379 797 1491 838 prae-

59 842 125 882 dae
151 843 306 893 socius,
334 845 659 892 33testament0‚
685 851 729 882 ut.
762 841 852 896 ipse
881 840 1067 890 dicebas,
1096 838 1222 889 filius,
1250 839 1489 895 appellatus

58 913 102 939 es
124 899 176 939 de
203 899 397 956 pecunia,
419 913 546 954 quam
570 913 645 954 pro
667 899 811 948 domo,
832 912 907 952 pro
936 896 1084 946 hortis,
1109 910 1186 951 pro
1210 898 1398 937 sectione
1416 897 1490 937 de-

58 955 203 997 bebas,
267 956 412 997 Primo
433 956 687 1011 respondisti
712 954 836 1010 plane
855 954 1077 995 ferociter:
1109 962 1166 1003 et,
1189 967 1242 994 ne
1260 954 1405 994 onmia
1427 954 1550 998 vi-72

58 1011 158 1058 deal·
186 1023 334 1054 contra
355 1023 410 1064 te,
434 1013 742 1068 propemodum
776 1026 900 1066 aequa
933 1020 975 1050 et
1001 1011 1122 1066 justa
1150 1010 1336 1051 dicebas.
1397 1010 1490 1052 34A

59 1082 128 1112 me
151 1069 202 1110 C.
234 1069 379 1111 Caesar
401 1070 654 1125 pecuniam?
686 1083 761 1110 cur
784 1068 940 1124 potiuS‚
970 1081 1098 1122 quam
1128 1081 1210 1123 ego
1229 1067 1284 1108 ab
1306 1067 1406 1110 illo?
1437 1083 1492 1109 an

60 1125 130 1166 ille
154 1127 243 1167 sine
265 1140 332 1167 me
355 1127 486 1168 vicit?
517 1137 561 1167 at
586 1141 636 1167 ne
663 1125 804 1181 potuit
830 1125 1018 1180 quidem.
1060 1123 1154 1179 Ego
1179 1124 1230 1165 ad
1257 1123 1375 1165 illum
1404 1125 1493 1166 bel-

59 1181 89 1223 li
116 1183 450 1224 civilis-causam
481 1183 628 1225 attuli:
661 1197 743 1238 ego
769 1183 882 1238 leges
915 1181 1172 1237 perniciosas
1201 1182 1376 1237 rogavi:
1409 1196 1492 1238 ego

60 1254 178 1281 arma
206 1249 356 1282 contra
383 1240 578 1282 consules
609 1241 971 1296 imperatoresque
995 1237 1140 1295 populi
1166 1237 1368 1289 Romani,
1390 1254 1493 1279 con-

61 1305 127 1337 tra
162 1306 370 1348 senatum,
394 1297 684 1354 populumque
721 1297 975 1347 Romanum,
998 1304 1148 1337 contra
1183 1295 1284 1336 deos
1318 1297 1494 1351 patriOS,

62 1368 252 1409 arasque,
275 1364 317 1396 et
339 1354 472 1407 focos,
495 1364 645 1395 eontra
666 1354 845 1410 patriam
866 1353 954 1394 tuli.
1019 1352 1135 1394 Num
1160 1352 1238 1392 sibi
1262 1353 1338 1394 soli
1368 1354 1494 1395 vicit?

65 1411 261 1457 Quorum
283 1411 448 1453 facinus
477 1422 542 1453 est
570 1425 812 1462 commune,
834 1413 874 1441 35
888 1425 963 1452 cui·
985 1425 1068 1451 non
1093 1409 1148 1450 sit
1179 1424 1325 1451 eorum
1350 1411 1497 1466 praeda

64 1469 332 1511 communis?
401 1469 481 1511 Jus
514 1469 784 1524 postulabas:
829 1468 900 1508 sed
931 1468 1031 1522 quid
1068 1468 1256 1508 adrem?
1290 1467 1392 1523 vplus
1428 1468 1496 1508 ille

67 1536 248 1580 poterat.
311 1525 477 1582 Itaque,
508 1527 699 1567 excussis
731 1525 815 1567 tuis
846 1526 1040 1574 vocibus,
1071 1534 1114 1564 et
1144 1524 1196 1564 ad
1230 1533 1285 1574 te,
1316 1525 1412 1565 35et
1443 1525 1556 1565 adv>

65 1584 230 1638 praedes
254 1593 347 1624 tuos
380 1584 536 1624 milites
568 1583 708 1625 misit:
741 1597 840 1625 eum
862 1591 1051 1639 repente,
1081 1596 1106 1623 a
1139 1591 1180 1621 te
1203 1582 1408 1639 praeclara
1430 1582 1501 1623 illa

64 1738 166 1770 edidit
193 1750 232 1770 ex
259 1741 395 1781 antiquo
425 1741 522 1778 libro,
551 1746 589 1771 ut
620 1741 678 1778 ait,
704 1740 763 1772 Cui

804 1740 913 1779 debet,
942 1751 1014 1781 quae
1039 1744 1151 1771 tamen
1175 1740 1250 1771 huic
1274 1741 1319 1771 rei
1343 1741 1396 1771 vix
1421 1747 1500 1782 apt·

65 1782 156 1819 bello,
172 1782 259 1820 quod
273 1789 308 1813 et
331 1783 399 1820 alii,
419 1784 452 1813 in
476 1784 525 1814 his
540 1785 699 1820 Graevius,
715 1793 763 1814 se-

804 1788 866 1814 est.

67 1823 138 1853 cuti
153 1830 242 1855 sunt.
280 1825 342 1855 Sed
356 1826 460 1865 primo
481 1825 540 1856 Cui
554 1827 588 1856 iu
605 1826 763 1866 principio

69 1866 145 1895 novi
160 1865 222 1896 loci
238 1866 349 1897 durius
363 1874 425 1904 est,
441 1878 636 1907 quamquam
653 1873 687 1898 et
701 1868 764 1899 alia

69 1907 220 1947 exempla
245 1908 327 1939 talia
352 1909 539 1940 observavi:
569 1910 684 1940 deiude
710 1915 761 1940 ta-

72 1958 149 1980 men
175 1954 250 1990 post
274 1951 393 1981 iterum
422 1952 617 1990 interrogat,
644 1962 702 1982 cur
731 1952 762 1982 id

73 1990 195 2021 bellum
211 1991 403 2031 reliquerit?
429 1998 461 2024 et
478 1994 592 2024 ibi-nil
614 1994 653 2023 de
673 1994 763 2024 timi-

72 2032 176 2064 ditate
190 2038 222 2064 et
239 2034 424 2065 libidinibus
439 2035 528 2066 dicit.
570 2036 655 2066 Mihi
669 2037 767 2067 verba

61 2079 197 2115 propter
219 2076 324 2107 timia.
340 2080 371 2106 ec
389 2087 425 2118 p.
452 2078 596 2107 libidines
617 2083 768 2118 suspecta

71 2126 200 2157 semper
221 2118 368 2155 fuerunt,
384 2127 417 2149 et
441 2129 460 2149 a
482 2120 669 2158 glossatoris
689 2124 768 2151 uota

71 2159 106 2189 in
127 2164 257 2190 textum
279 2161 402 2191 venisse
429 2162 506 2192 visa.
551 2162 666 2200 Itaque
690 2163 766 2192 seri-

71 2202 213 2240 pserim:
252 2202 318 2233 Car
345 2204 373 2232 ei
401 2204 478 2233 bello
507 2208 577 2234 tum
607 2199 765 2245 defuisti?

72 2241 160 2274 Nam
175 2248 207 2274 et
225 2244 258 2275 in
277 2245 392 2275 ceteris
408 2246 512 2275 verbis
526 2246 654 2276 variant
677 2246 764 2283 libri,

71 2290 106 2315 et
128 2286 258 2324 quidam
283 2288 475 2318 tarditatem
499 2298 558 2328 pro
580 2289 686 2319 tineid.
710 2288 767 2318 lia-

73 2327 165 2363 bent,
180 2328 260 2359 item
281 2333 312 2359 et
336 2339 393 2369 pro
416 2330 520 2360 altero
542 2334 626 2367 tum,
640 2335 678 2360 ut
701 2330 765 2361 Ms.

74 2369 182 2400 Guelf.
197 2370 268 2401 edd.
282 2381 330 2411 pr.
345 2371 415 2401 Nec
426 2382 476 2408 ea,
487 2381 559 2411 quae
573 2378 767 2410 sequuntur,

76 2412 287 2443 timiditatem
317 2413 350 2443 in
384 2414 470 2444 vitiis
500 2414 634 2445 Antonii
671 2414 769 2445 fuisse

78 2459 233 2492 arguunt.
264 2459 336 2485 tum
361 2455 455 2490 illud,
478 2456 564 2495 quod
592 2466 768 2494 servamus,

74 2496 218 2535 pertinet
240 2496 280 2526 ad
301 2501 431 2537 tempus
453 2498 498 2534 id,
521 2498 608 2537 quod
629 2499 770 2529 Alexan-

74 2536 206 2567 drinum
221 2538 343 2569 bellum
357 2544 407 2569 est
422 2545 583 2574 secutum.
627 2541 713 2571 Nam
729 2541 768 2571 de

75 2588 119 2652 eo6
144 2585 287 2620 coeperat
314 2581 428 2612 Cicero
456 2582 544 2621 loqui
574 2582 670 2613 initio
696 2593 767 2623 cap.

117 2665 158 2693 32
180 2664 282 2694 tantis
301 2665 433 2705 talibus]
460 2665 512 2696 An
536 2676 583 2696 eae
607 2677 669 2704 res,
692 2676 770 2706 quas

73 2707 356 2744 commemoravit,
371 2714 449 2738 sunt
469 2710 539 2747 ejus
558 2710 657 2743 modi,
672 2715 711 2739 ut
729 2710 767 2739 iis

76 2749 251 2778 conveniat
268 2750 405 2779 tantis?
448 2750 535 2780 Nam
563 2751 602 2781 de
631 2752 768 2781 Caesaris

77 2788 172 2825 rebus
199 2798 266 2820 non
296 2792 465 2822 commode
493 2793 616 2833 capias.>
657 2795 691 2824 Si
720 2801 770 2823 est

74 2839 96 2860 a
119 2830 286 2871 Cicerone,
308 2843 367 2873 per
387 2834 525 2866 ironiam
549 2835 675 2866 dietum
702 2845 770 2867 esse

848 1828 887 1856 33
903 1826 1099 1863 testamenti,
1111 1829 1148 1855 ut
1162 1825 1286 1856 dicebat
1300 1824 1498 1866 ipse‚filius]

807 1868 870 1898 Ms.
887 1868 963 1898 vat.
987 1872 1187 1904 testamento,
1207 1868 1294 1907 quod
1316 1873 1402 1897 recte
1424 1877 1500 1898 cum

804 1910 929 1941 Faerno
945 1914 978 1939 <tt
1000 1910 1071 1939 aliis
1093 1911 1214 1949 recepit
1237 1910 1394 1940 Graevius.
1412 1911 1503 1940 heres

806 1953 990 1982 testamenti
1019 1952 1150 1988 dieitur,
1181 1962 1248 1982 non
1272 1953 1372 1992 filius
1404 1956 1497 1982 testa-

806 1994 915 2024 menti.
963 1993 1089 2024 Deinde
1120 1995 1228 2024 Caesar
1260 2004 1326 2024 non
1360 1993 1501 2029 dicebat,

809 2036 991 2067 Antonium
1023 2045 1056 2066 se
1085 2036 1254 2075 adoptasse
1286 2042 1501 2073 testamento,

808 2078 863 2108 sed
879 2078 1042 2109 Antonius
1053 2078 1215 2115 jactabat,
1232 2078 1263 2108 id
1279 2079 1440 2109 Caesarem
1455 2079 1501 2108 fe-

810 2121 900 2151 cisse.
946 2120 1060 2158 ltaque
1084 2125 1170 2150 recte
1192 2130 1231 2150 ex
1253 2119 1366 2150 eodem
1382 2121 1446 2150 Ms.
1463 2121 1501 2150 ii-

811 2162 884 2192 dem
916 2161 1043 2192 edidere
1075 2163 1208 2192 dicebas.
1254 2163 1403 2201 Denique
1435 2163 1502 2202 ipse

804 2203 968 2244 praeposui
991 2205 1088 2234 verbo
1110 2205 1248 2242 dicebas,
1271 2215 1334 2244 quo
1356 2205 1429 2236 loco
1450 2210 1503 2237 est

808 2247 907 2277 etiam
924 2247 957 2276 in
972 2246 1082 2277 Guelf.

851 2292 892 2318 34
914 2288 946 2318 A
972 2298 1022 2318 me
1049 2288 1274 2328 Casar—z'llo]
1306 2288 1387 2320 Haee
1416 2289 1502 2321 forte

810 2330 926 2360 melius
941 2341 1008 2360 uua
1021 2330 1271 2361 continuatione
1290 2330 1478 2370 legerentur
1490 2344 1500 2362 z

810 2374 843 2403 A
869 2382 919 2402 ‘me
939 2372 1060 2403 .Coesar
1083 2373 1259 2412 pecuniam
1292 2383 1352 2404 cur
1378 2375 1501 2413 potius,

811 2424 908 2455 qnam
925 2424 982 2452 ego
996 2415 1037 2444 ab
1051 2416 1106 2445 illo
1117 2415 1132 2444 ?

834 2460 874 2487 35
888 2466 947 2486 cur
960 2465 1021 2486 non
1036 2458 1077 2487 sit
1091 2465 1201 2486 eorum
1211 2466 1267 2496 pr.
1282 2456 1379 2496 com.]
1398 2457 1502 2488 Credo

813 2508 924 2530 eorum
939 2499 1058 2530 rectius
1073 2499 1275 2530 abfuturum.
1308 2500 1420 2530 Potest
1436 2510 1504 2530 esse

810 2551 830 2571 a
844 2541 1034 2582 glossatore.

853 2584 893 2614 36
915 2587 945 2612 et
967 2583 1013 2613 ad
1027 2582 1153 2622 pra’des
1174 2583 1257 2622 taos]
1288 2583 1375 2613 Hine
1399 2587 1506 2622 patet,

811 2625 911 2655 etiam
940 2625 974 2654 in
997 2625 1195 2655 emtionibus
1217 2625 1366 2664 publicis,
1391 2625 1499 2664 praedi·

814 2668 872 2697 bus
900 2668 1034 2698 cautun'i
1065 2675 1132 2696 esse
1157 2667 1271 2696 aerario
1300 2668 1340 2696 ab
1369 2667 1420 2704 iis,
1449 2667 1504 2705 qui

811 2713 970 2749 praesente
985 2709 1122 2749 pecunia
1135 2717 1201 2737 non
1213 2709 1379 2738 emissent.
1415 2708 1506 2739 Mili-

811 2757 860 2781 tes
883 2750 924 2781 ad
945 2761 999 2781 eos
1022 2750 1124 2786 missi,
1144 2751 1198 2788 qui
1221 2751 1390 2788 exigerent
1409 2761 1508 2792 pecus.

813 2794 912 2824 niam.
955 2794 1042 2824 Ante
1058 2793 1194 2822 exclusis
1208 2802 1238 2823 v.
1257 2792 1366 2834 Huyd.
