1785 3185
295 89 395 124 1280
884 90 1131 130 ORATIO

1763 177 1766 191 l

293 189 523 231 terfectos:
576 189 792 233 interfecit
827 191 1058 236 Antonius.
1090 194 1338 236 desideratis
1375 190 1629 233 clarissimos
1661 191 1722 232 ci·
1763 213 1767 216 ·

293 260 390 287 ves:
433 261 506 288 eos
538 262 708 303 quoque
737 249 894 306 eripuit
918 252 1038 292 vobis
1068 251 1299 292 Antonius.
1331 250 1560 291 auctoritas
1594 249 1723 302 hujus
1766 251 1767 257 ’

293 303 455 344 ordinis
477 303 637 345 afflicta
669 315 756 347 est:
789 307 946 348 afflixit
975 309 1204 349 Antonius.
1228 308 1374 348 omnia
1405 306 1602 361 denique,
1625 320 1721 359 qua:
1767 322 1770 327 ·

294 370 445 415 postea
476 361 673 412 vidimus,
695 363 817 417 (quid
847 375 990 405 autem
1022 365 1121 405 mali
1152 380 1238 406 non
1272 365 1499 412 vidiinusi)
1542 363 1575 402 si
1608 371 1722 402 rccte

294 417 659 471 ratiocinabimur‚
682 420 754 459 uni
773 430 950 475 accepta
969 421 1197 462 referemus
1219 421 1427 462 Antonio.
1472 420 1530 461 Ut
1555 418 1726 459 Helena.
1767 427 1772 434 ”

294 472 507 529 Trojanis,
531 475 590 516 sic
615 476 693 515 iste
724 475 823 516 huic
855 477 1101 532 reipublicae
1135 492 1262 518 causa
1295 477 1404 526 belli,
1427 491 1555 517 causa
1589 475 1720 531 pestis

294 540 423 585 atque
444 532 567 572 exitii
600 531 695 572 fuit.
758 531 953 588 Reliquae
987 544 1124 589 partes
1162 534 1401 574 tribunatus
1434 533 1645 588 principio
1669 531 1725 571 si-

295 588 430 629 miles.
462 588 608 628 omnia
630 588 824 643 perfecit,
846 605 941 644 quae
970 601 1154 640 senatus,
1178 591 1292 631 salva
1313 589 1531 644 republica
1562 604 1614 629 ne
1634 587 1725 628 fieri
1772 586 1778 598 ¹

300 653 486 699 possent,
519 645 767 700 perfecerat.
805 647 928 701 cujus
959 657 1102 688 tamen
1137 647 1271 688 scelus
1303 647 1343 687 in
1377 646 1531 687 scelere
1563 659 1727 701 cogno-

252 690 418 742 3scite.
479 702 751 742 Restituebat
774 703 931 744 inultos
964 704 1250 746 calamitosos.
1282 703 1323 743 in
1352 701 1418 742 his
1442 702 1581 758 patrui
1611 700 1730 742 nulla

236 761 285 794 56
299 759 475 799 mentio.
507 759 539 798 si
569 773 762 800 severus:
795 774 870 800 cur
899 775 984 801 non
1019 761 1060 801 in
1094 763 1268 802 omncs?
1300 761 1334 800 si
1364 759 1618 809 misericors,
1651 771 1727 799 cur

297 830 382 856 non
406 815 446 856 in
473 817 597 857 suos?
630 815 711 855 Sed
733 817 887 857 omitto
910 827 1088 859 ceteros.
1122 817 1332 859 Licinium
1361 815 1652 866 Denticulam,
1672 815 1725 855 de

294 872 385 913 alea
408 872 755 922 condemnatum,
778 873 1027 915 collusorem
1065 890 1201 925 suum,
1225 875 1436 915 restituit:
1483 873 1603 927 quasi
1625 886 1723 912 vero

294 928 437 970 ludere
459 944 554 970 cum
590 929 876 970 condemnato
907 946 991 971 non
1015 931 1184 973 liceret:
1218 932 1287 973 sed
1316 940 1376 979 ut,
1398 930 1544 985 9quod
1570 929 1612 969 in
1634 928 1725 969 alea

293 986 549 1042 perdiderat,
572 985 782 1027 beneficio
813 987 918 1042 legis
950 988 1213 1029 dissolveret.
1274 990 1417 1035 Quam
1448 985 1628 1027 attulisti
1661 1000 1726 1026 ra-

294 1043 454 1083 tionem
479 1042 639 1098 populo
664 1043 878 1095 Romano,
897 1059 972 1086 eur
995 1060 1090 1086 eum
1111 1045 1276 1086 restitui
1299 1046 1543 1100 oporteret?
1573 1043 1726 1083 absen-

293 1109 378 1140 tem
411 1100 537 1140 credo
561 1100 602 1139 in
637 1114 729 1140 reos
762 1100 963 1143 relatum:
997 1117 1083 1143 rem
1116 1103 1278 1143 indicta
1307 1116 1433 1143 causa
1459 1100 1728 1155 judicatam:
1782 1120 1785 1132 ι

297 1159 334 1186 ¹0
362 1156 522 1196 nullum
544 1156 673 1198 fuisse
703 1157 754 1198 de
791 1157 881 1198 alea
912 1159 1268 1215 legejudicium:
1321 1158 1360 1198 vi
1395 1171 1660 1213 oppressum,
1681 1165 1726 1196 et
1783 1170 1785 1179 ·

294 1213 445 1254 armis:
499 1224 730 1269 postremo,
752 1216 866 1269 quod
895 1216 946 1256 de
990 1226 1140 1270 patruo
1175 1226 1248 1256 tuo
1271 1215 1508 1264 dicebatur,
1543 1213 1725 1269 pecunia

287 1269 503 1326 judicium
526 1285 615 1312 esse
645 1281 909 1327 corruptum.
972 1273 1093 1314 Nihil
1115 1273 1283 1314 horum.
1342 1271 1403 1312 At
1427 1272 1488 1312 vir
1512 1272 1662 1320 bonus,
1683 1277 1731 1311 et
1784 1281 1785 1317 3

295 1327 516 1383 republica
551 1328 722 1384 dignuS.
788 1329 906 1370 Nihil
942 1330 983 1372 id
1014 1331 1184 1386 quidem
1216 1331 1268 1371 ad
1299 1344 1413 1370 rem:
1454 1342 1537 1383 ego
1569 1337 1728 1376 tamen,

297 1384 500 1438 quoniam
515 1386 847 1427 condemnatum
870 1401 974 1438 esse,
991 1402 1065 1442 pro
1085 1387 1219 1428 nihilo
1237 1397 1315 1436 est,
1338 1386 1371 1426 si
1386 1386 1445 1426 ita
1460 1394 1586 1435 esset,
1606 1384 1731 1440 igno-

253 1455 474 1488 bscerem.
525 1444 554 1472 ¹¹
576 1442 795 1483 hominem
827 1458 928 1484 vero
960 1445 1153 1485 omnium
1185 1443 1509 1499 nequissimum,
1537 1441 1610 1496 qui
1642 1454 1730 1481 non

300 1497 517 1539 dubitaret
540 1499 604 1540 vel
629 1500 668 1539 in
691 1500 784 1540 foro
807 1500 898 1541 alea
920 1501 1077 1552 ludere,
1098 1501 1205 1557 lege,
1224 1516 1320 1556 quae
1342 1509 1406 1540 est
1427 1500 1479 1540 de
1499 1498 1603 1548 alea,
1625 1511 1729 1538 con-

298 1554 562 1607 demnatum,
594 1558 666 1612 qui
705 1557 748 1597 in
787 1557 1001 1613 integrum
1036 1559 1236 1607 restituit,
1274 1559 1307 1599 is
1342 1571 1426 1597 non
1465 1554 1729 1612 apertissime

236 1614 283 1654 57
300 1612 488 1652 studium
520 1628 641 1654 suum
676 1614 765 1668 ipse
801 1615 1051 1670 profitetur?
1096 1615 1144 1656 In
1179 1615 1325 1656 eodem
1360 1628 1459 1654 vero
1493 1613 1730 1661 tribunatu,

298 1684 395 1710 cum
422 1669 568 1711 Caesar
599 1670 640 1711 in
667 1671 922 1726 Hispaniam
948 1673 1239 1727 proficiscens,
1270 1672 1371 1712 huic
1393 1668 1730 1711 conculcandam

299 1725 468 1767 Italiam
494 1727 763 1768 tradidisset:
793 1744 890 1783 quae
921 1728 1003 1770 fuit
1025 1729 1116 1784 ejus
1141 1729 1380 1786 peragratio
1406 1728 1635 1768 itinerum?
1666 1724 1729 1765 lu-

295 1784 447 1824 stratio
471 1784 830 1840 municipiorum?
862 1786 962 1827 Scio
982 1801 1050 1827 me
1072 1787 1112 1827 in
1138 1788 1261 1827 rebus
1283 1783 1626 1826 celebratissimis
1648 1796 1733 1823 ser-

297 1855 425 1881 mone
457 1842 648 1882 omnium
683 1843 853 1893 versari,
876 1857 1024 1898 eaque,
1052 1859 1147 1898 quae
1181 1845 1293 1893 dieo,
1315 1843 1591 1895 dicturusque
1621 1853 1730 1903 suni,

297 1897 470 1938 notiora
499 1899 699 1940 omnibus
729 1913 835 1951 esse,
857 1900 929 1954 qui
954 1901 997 1940 in
1032 1900 1156 1941 Italia
1180 1910 1269 1941 tum
1302 1900 1434 1948 fuere,
1455 1912 1583 1953 quam
1606 1895 1730 1946 mihi,

298 1954 370 2009 qui
395 1969 481 1995 non
507 1954 586 1996 fui.
645 1956 821 1997 Notabo
846 1966 987 1998 tamen
1021 1957 1210 2013 singulas
1233 1972 1321 1998 res:
1353 1955 1430 1996 etsi
1462 1954 1578 1995 nullo
1601 1953 1731 1995 modo

302 2012 460 2067 poterit
482 2012 619 2052 oratio
638 2028 730 2054 mea
753 2013 997 2055 satisfacere
1019 2024 1170 2055 vestra}
1193 2013 1399 2055 scientiae.
1424 2011 1597 2052 Etenim
1616 2009 1732 2066 quod
1769 2026 1779 2036 ‘

306 2082 505 2122 umquam
530 2069 573 2110 in
597 2070 717 2111 terris
749 2080 913 2111 tantum
936 2071 1149 2127 flagitium
1172 2071 1390 2112 exstitisse
1422 2069 1615 2110 auditum
1641 2070 1732 2109 est?

219 2123 343 2170 2412
368 2125 551 2179 [tantam
582 2128 890 2182 turpitudinem
908 2128 940 2180 ?]
973 2137 1138 2169 tantum
1170 2128 1380 2168 dedecus?
1409 2125 1659 2166 Vehebatur
1689 2125 1733 2165 in

240 2194 289 2228 53
302 2182 450 2223 essedo
482 2184 678 2224 tribunus
701 2183 865 2240 plebis:
904 2184 1074 2226 lictores
1105 2184 1281 2227 laureati
1303 2183 1638 2226 antecedebant:
1671 2182 1734 2223 in-

340 2341 361 2372 9
385 2340 469 2379 quod
479 2340 533 2370 ille
545 2340 579 2371 in
595 2342 669 2371 alea
680 2341 885 2381 perdiderat]
911 2342 992 2373 Sen-
1034 2343 1154 2372 timum
1167 2342 1323 2382 judicium
1339 2342 1373 2372 in
1386 2341 1598 2373 Denticulam
1621 2342 1732 2379 fuisse,

300 2381 405 2411 tentia
417 2382 560 2421 pertinet
575 2383 615 2413 ad
627 2383 823 2419 Antonium,
837 2385 890 2422 qui
903 2394 993 2424 repa-
1038 2391 1076 2414 nt
1092 2385 1163 2423 lege
1179 2385 1353 2415 damnatus
1367 2384 1428 2415 dici
1447 2389 1564 2423 posset.

300 2432 371 2453 rare
378 2424 546 2463 jacturam
563 2425 672 2455 vellet.
717 2425 779 2455 Sed
791 2426 820 2455 ei
835 2432 996 2466 repugnat
1085 2429 1116 2456 11
1144 2427 1304 2456 hominem
1318 2426 1406 2465 vero]
1437 2426 1518 2456 Vero
1534 2427 1626 2457 abest
1639 2425 1730 2457 libris

300 2464 368 2502 ille,
385 2466 470 2504 quod
484 2466 524 2496 ad
540 2466 751 2497 Denticulam
776 2468 885 2498 referri
902 2468 996 2498 debe·
1039 2467 1186 2508 pluribus
1211 2469 1367 2507 antiquis,
1394 2469 1495 2499 etiam
1522 2469 1631 2499 Guelf.
1668 2468 1731 2499 Sed
1751 2501 1754 2504 ,

302 2511 365 2537 ret.
390 2507 422 2537 id
437 2517 495 2537 nos
516 2507 694 2538 deleximus
720 2510 918 2540 auctoritate
932 2510 998 2541 Ms.
1041 2519 1106 2540 non
1124 2510 1227 2546 video,
1242 2510 1405 2549 quomodo
1429 2511 1481 2540 hie
1495 2511 1604 2541 abesse
1621 2511 1730 2551 possit.

303 2547 349 2580 H.
366 2549 471 2580 Guelf.
489 2554 522 2580 et
538 2549 611 2580 edd.
627 2561 674 2590 pr.
1040 2552 1155 2582 Oratio
1171 2553 1254 2582 foret
1269 2552 1364 2582 nimis
1380 2553 1520 2592 abrupta
1535 2558 1569 2582 et
1585 2552 1705 2584 hiulca.

347 2594 384 2621 10
406 2593 535 2622 nullum
545 2593 581 2632 f.
597 2593 636 2622 de
647 2594 720 2623 alea
737 2591 993 2633 legejudicium]
1086 2596 1122 2624 153
1146 2598 1276 2624 tantam
1297 2594 1550 2634 turpitudinem]
1577 2594 1650 2624 Hoc
1664 2604 1731 2625 non

302 2631 435 2664 Haesere
450 2634 483 2663 in
500 2634 560 2664 hoc
580 2635 638 2664 viri
654 2635 752 2665 docti.
799 2634 942 2665 Pithoeus
962 2636 996 2665 in
1039 2637 1106 2666 coit
1131 2646 1205 2666 curn
1231 2637 1488 2676 praecedentibus
1510 2642 1545 2667 et
1567 2638 1733 2675 sequenti-

300 2673 365 2706 Ms.
380 2675 519 2714 quodam
537 2677 656 2716 reperit
670 2677 709 2706 de
722 2678 802 2706 aleoe
818 2678 996 2716 lege,quod
1040 2678 1110 2708 bus.
1133 2688 1207 2707 nan]
1226 2678 1406 2718 flag-itiam
1435 2683 1469 2709 et
1493 2679 1628 2709 dedemu-
1654 2685 1733 2709 sunt

301 2716 451 2756 placebat
481 2718 621 2748 Graevio.
666 2718 774 2748 Locus
801 2727 898 2748 sanus
925 2726 991 2749 est:
1037 2720 1245 2750 nominativi.
1291 2721 1374 2750 Puto
1400 2729 1468 2751 esse
1490 2721 1531 2751 ab
1553 2719 1731 2760 interpota-

299 2758 391 2795 dicit,
406 2760 548 2796 nullum,
572 2761 751 2791 secundum
781 2759 899 2798 legem,
922 2771 995 2800 quae
1036 2766 1120 2798 tore,
1144 2762 1198 2801 qni
1216 2762 1496 2794 constructionem
1518 2772 1587 2795 non
1608 2761 1731 2794 intelli-

299 2806 349 2831 est
364 2801 402 2833 de
425 2801 508 2841 alea,
524 2807 560 2832 ut
577 2807 652 2843 post
674 2802 754 2834 dicit
771 2802 898 2841 Cicero,
913 2802 995 2843 legi--
1037 2809 1140 2845 geret.
1185 2803 1285 2836 Uncis
1299 2800 1428 2836 inclusi.
