1812 3147
584 89 702 135 PRO
732 94 777 134 L,
807 95 1047 134 FLACCO.
1471 99 1544 140 751

117 214 206 242 non
227 193 341 241 enim
372 199 499 241 credo
522 199 754 255 significari
778 200 861 240 isto
892 198 987 240 loco
1018 198 1151 250 illum,
1181 201 1221 232 68
1235 198 1307 253 qui
1332 213 1374 240 se
1404 200 1546 257 erigit,

118 257 409 299 Heiaclidem.
459 257 499 291 69
518 256 672 298 Utrum
701 257 816 297 enim
850 257 893 297 in
928 231 1172 297 clarissimis
1206 265 1270 296 est
1299 237 1493 298 civibusO
1497 259 1545 308 is,

116 329 245 370 quem
275 313 566 368 70judicatum
593 313 664 355 hic
688 314 814 355 duxit
847 313 1148 377 Heimippus?
1170 313 1242 368 qui
1267 312 1332 353 ha.
1334 328 1376 354 ic
1407 313 1544 369 ipsam

118 371 391 440 legationem,
413 385 540 425 quam
566 371 711 422 habet,
734 385 820 411 non
851 369 1018 425 accepit
1043 385 1067 410 a
1089 369 1173 410 suis
1204 369 1387 420 civibus,
1418 373 1543 413 Tlsed

117 442 250 483 usque
265 426 418 468 Tmolo
442 427 618 483 petivit?
649 429 717 469 cui
743 427 882 468 nullus
905 427 1072 468 honos
1064 442 1104 467 in
1129 442 1204 468 sua
1225 427 1400 467 civitate
1422 427 1544 468 habi-

119 494 186 526 tus
207 494 272 526 est
297 499 513 539 umquam.
545 499 608 526 res
633 495 776 527 autem
799 500 862 534 ea,
885 499 981 539 quae
1014 484 1272 525 tenuissimis
1300 486 1544 525 committe-

117 542 256 592 batur,
287 541 441 582 72huic
473 542 543 583 uni
579 542 622 582 in
657 543 744 583 vita
773 541 1002 583 commissa
1030 541 1119 582 sola
1146 550 1224 582 est.
1285 541 1458 593 Custos,
1493 542 1543 583 T.

116 598 291 640 Aufidio
315 608 512 654 plNaetole,
530 599 745 640 frumento
765 599 940 655 publico
959 607 1022 638 est
1044 598 1222 654 positus.
1246 613 1322 654 pio
1341 614 1426 654 quo
1446 614 1546 640 cum

116 671 142 696 a
171 655 275 696 7³1³.
308 655 468 697 Vaiino
502 667 684 712 praetore
715 670 941 713 pecuniam
972 656 1228 719 accepisset:
1261 656 1417 696 celavit
1447 671 1544 697 suos

116 714 245 764 cives,
277 713 528 768 74ult1·oque
560 729 611 754 iis
651 723 838 754 sumtum
874 712 1034 753 intulit.
1095 713 1224 759 Quod
1264 724 1544 768 posteaquam

115 769 282 820 Temni,
305 769 455 811 litteris
477 786 502 812 a
528 770 577 811 P.
603 771 764 812 Varino
787 771 942 821 missis,
964 770 1188 826 cognitum
1219 779 1347 825 atque
1378 771 1543 826 patefa-

116 837 234 869 ctum
263 837 348 879 est;
379 842 562 892 cumque
592 829 740 869 eadem
771 828 824 869 de
855 842 898 868 ie
931 827 1012 868 Cn.
1019 805 1266 880 ⁰,Lentu1us
1291 827 1363 883 qui
1391 836 1673 873 censoria-156.

115 884 212 936 fuit,
242 883 535 926 Temnitarum
568 894 787 941 patronus,
820 885 980 925 litteras
1013 885 1220 927 misisset:
1265 885 1581 927 Heraclidem&

116 941 244 982 istum
266 941 417 982 Temni
441 957 566 983 nemo
592 953 742 1007 postea
764 942 885 983 vidit.
945 942 1104 997 Atque,
1129 951 1174 983 ut
1198 942 1289 997 ejus
1316 943 1504 998 impudei
1507 959 1541 984 1-
1553 945 1602 978 46

115 999 218 1040 tiam
250 999 489 1055 perspicere
520 1001 706 1055 possitis,
729 1015 901 1040 causam
933 999 1084 1055 ipsam,
1106 1015 1203 1055 quae
1235 999 1438 1041 levissimi
1465 1001 1541 1041 iio-

114 1056 241 1097 minis
276 1056 466 1097 animum
506 1058 549 1097 in
588 1057 787 1098 Flaccum
829 1057 1040 1107 incitavit,
1075 1072 1236 1112 quaeso,
1276 1059 1541 1112 cognoscite.

114 1113 311 1155 Fundum
336 1113 563 1170 Cymaeum
587 1115 740 1156 Romae
762 1123 975 1155 mercatus
1000 1122 1064 1154 est
1085 1115 1137 1155 de
1159 1114 1321 1169 pupillo
1344 1114 1540 1156 Meculo-
1554 1113 1626 1160 20

113 1170 202 1213 nio.
263 1171 375 1213 Cum
399 1172 537 1213 verbis
555 1187 598 1213 se
616 1171 874 1228 locupletem
895 1171 1074 1222 facer3et
1106 1171 1283 1212 haberet
1304 1172 1410 1213 nihil
1433 1188 1542 1228 prze-

115 1237 179 1269 ἴθι·
210 1229 324 1271 illam
356 1229 682 1298 impudentiam,
714 1236 843 1284 quam
876 1229 1053 1270 videtis:
1086 1229 1377 1293 7⁵pecuntiam
1391 1231 1544 1271 sumsit

112 1295 305 1327 mutuam
329 1302 354 1327 a
375 1286 477 1327 Sex.
501 1286 635 1338 Stola,
653 1287 802 1342 judice
824 1286 907 1327 hoc
930 1296 1092 1336 nostro,
1116 1301 1240 1341 prim<
1229 1301 1317 1327 <mo
1342 1287 1447 1338 viro,
1469 1288 1543 1342 qui

114 1353 158 1384 et
179 1359 265 1384 rem
288 1344 500 1399 agnoscit,
519 1359 654 1399 neque
674 1344 892 1385 hominem
913 1343 1104 1399 ignorzat
1138 1343 1211 1398 qui
1232 1352 1376 1385 tamen
1405 1346 1545 1386 ῖὸθιθ-

115 1400 225 1443 didit
249 1401 297 1442 P.
323 1400 461 1442 Fulvii
489 1375 666 1453 'Veratii,
689 1401 909 1442 lectissimi
936 1400 1136 1453 hominis,
1160 1400 1258 1441 fide.

154 1534 194 1565 68
217 1533 316 1573 quise
337 1532 450 1573 erig-it]
476 1533 498 1564 i.
515 1544 544 1564 e.
568 1532 721 1563 subsellio
734 1541 806 1563 sur-

114 1576 175 1615 git,
198 1576 288 1606 velut
310 1576 474 1606 admirans
497 1576 548 1606 vel
574 1576 721 1606 dicturus
747 1577 805 1606 ali-

111 1618 188 1658 quid
200 1625 326 1649 contra.

152 1660 192 1694 69
221 1660 342 1691 Utrum
368 1660 468 1700 enim]
494 1660 547 1690 Sic
574 1669 687 1690 omnes
717 1661 805 1698 libri,

110 1702 280 1742 pronum,
304 1708 339 1733 ut
362 1703 434 1733 aliis
455 1702 648 1742 quibusdam
663 1703 753 1734 locis.
778 1713 806 1734 v.

112 1745 244 1776 Clavem
260 1746 293 1775 in
307 1744 340 1776 h.
355 1755 385 1776 v.

151 1790 192 1821 70
206 1786 398 1827 judicatum
413 1787 464 1817 hic
477 1785 571 1817 duxit
583 1785 800 1828 Hermippus]

110 1832 140 1860 ἰ
154 1829 240 1860 infra
253 1839 280 1859 c.
296 1833 347 1860 20.
360 1834 444 1860 extr.
460 1836 494 1858 et
508 1829 598 1860 Clav.
615 1829 648 1859 in
664 1830 790 1860 ducere.

153 1875 190 1906 71
215 1872 272 1902 sed
290 1881 389 1912 usque
412 1871 523 1902 Tmolo
533 1871 665 1911 petivit]
691 1872 771 1902 Inde
786 1883 806 1903 a

110 1913 230 1944 Tmolo
251 1915 340 1944 venit
360 1915 540 1950 Temnum,
569 1918 604 1944 et
625 1923 658 1944 se
681 1914 805 1945 obtulit

110 1956 234 1986 civitati
269 1956 308 1986 ad
345 1955 558 1997 legationem,
595 1966 670 1986 eum
706 1966 804 1987 nemo

109 2003 206 2035 esset,
220 1999 277 2037 qui
294 1998 390 2029 vellet
413 1999 472 2035 ire,
487 2009 516 2028 v.
533 2009 561 2028 c.
579 2001 609 2029 8.
629 2003 667 2029 ut
682 1998 805 2037 aliquid

110 2039 304 2071 lucraretur.

145 2085 192 2117 72
228 2084 303 2113 huic·
330 2083 617 2114 uni—commissa
644 2085 713 2114 sola
741 2082 800 2121 esc]

110 2118 187 2155 Non
214 2125 421 2155 commodum
449 2134 581 2155 sensum
607 2126 669 2156 hoc
693 2125 803 2155 habet.

111 2175 187 2197 nam
208 2167 370 2206 quomodo
391 2177 451 2197 <um
471 2169 540 2197 sola
561 2168 735 2198 commissa
756 2177 789 2196 65
776 2171 806 2197 st

111 2219 160 2240 res
182 2210 270 2246 talis,
293 2219 368 2239 cum
392 2215 470 2240 ante
492 2210 581 2240 dieat
604 2209 806 2240 tenuissimis

111 2252 275 2282 committi
290 2252 401 2282 solitas
423 2261 490 2282 esse
506 2262 554 2282 res
572 2253 668 2283 tales.
713 2251 809 2282 Vide-

44 2316 50 2318 -
107 2297 164 2324 tur
177 2294 362 2333 legendum,
379 2296 453 2325 huic
462 2295 743 2325 una—commissa
751 2296 809 2324 solz·

111 2341 156 2366 est
169 2348 178 2366 .·
199 2345 303 2366 unum
319 2346 422 2376 genus
437 2336 469 2366 id
483 2346 606 2373 rerum,
622 2336 708 2377 quod
722 2341 806 2367 esset

110 2383 222 2416 tenue,
237 2383 271 2409 et
288 2378 488 2409 tenuissimis
516 2378 594 2409 alias
619 2379 807 2409 committe-

110 2420 219 2457 batur,
237 2421 265 2451 ei
286 2421 333 2451 ita
347 2422 557 2451 commissum
571 2425 633 2458 est,
650 2425 687 2451 ut
702 2422 806 2451 socio:

110 2462 144 2492 in
168 2463 300 2502 negotio
324 2463 464 2502 gerendo
485 2472 552 2493 non
574 2463 718 2494 haberet.
764 2463 807 2494 In

110 2505 180 2535 vila
194 2510 257 2541 est,
270 2505 375 2543 quoad
391 2506 480 2535 vixit.

153 2549 192 2580 73
217 2547 260 2577 Ρ.
287 2547 423 2587 larino]
450 2558 480 2578 v,
503 2547 542 2578 de
564 2547 726 2588 scriptura
748 2557 807 2579 no-

111 2588 208 2619 minis
225 2589 367 2619 Clavem.

152 2634 194 2664 74
215 2633 362 2671 ultraque
385 2633 423 2660 iix
445 2635 591 2662 sumtum
612 2630 740 2670 imulit]
767 2631 804 2662 P.

112 2671 283 2703 Manutius
308 2675 564 2713 uiui-pretatur:
592 2678 690 2713 atque
705 2674 806 2703 etiam

113 2714 245 2754 insuper
270 2720 396 2745 sumtus
427 2716 530 2745 factos
559 2716 594 2746 in
623 2715 806 2746 rationibus

114 2757 261 2795 scripsit:
297 2767 372 2787 nam
403 2758 465 2787 hoc
492 2761 543 2787 est
576 2758 701 2788 intulit.
745 2756 809 2787 Sed

111 2807 269 2835 quosnam
305 2800 456 2830 sumtus?
502 2799 537 2829 in
579 2809 676 2839 quam
714 2799 805 2829 rem?

107 2848 230 2880 ‚nempe
247 2851 294 2871 res
318 2841 358 2873 ad
378 2841 458 2872 illud
482 2841 687 2873 frumentum
709 2841 809 2881 perti-

1310 1408 1348 1438 77
1363 1400 1414 1442 Ei
1446 1417 1544 1443 cum

848 1535 918 1569 net,
941 1531 1028 1571 quod
1043 1535 1176 1572 praetor,
1194 1532 1432 1572 pecuniadita,
1457 1542 1547 1562 aece-

848 1579 959 1615 perat:
990 1575 1056 1615 ipse
1080 1574 1268 1605 Heraclides
1294 1585 1350 1614 per
1371 1576 1437 1604 vim
1457 1575 1546 1604 abla-

849 1622 923 1647 tum
952 1617 1136 1657 scripserat.
1182 1616 1394 1656 Intelligendi
1418 1621 1546 1646 sumtus

849 1660 882 1690 in
910 1659 1077 1689 frumento
1104 1658 1284 1696 awhendo,
1313 1668 1376 1698 quo
1405 1659 1546 1689 Varinus

849 1701 1015 1732 voluisset.

891 1748 908 1778 7
915 1747 931 1774 5
948 1744 1124 1784 pecuniam
1139 1744 1254 1774 sumsit
1264 1747 1415 1774 mutuam
1427 1753 1447 1772 a
1466 1743 1545 1773 Sex-

851 1790 881 1816 to
898 1785 1004 1825 Stola]
1033 1785 1177 1816 Faernus
1192 1786 1227 1815 in
1240 1785 1322 1816 libro
1336 1787 1471 1824 antiquo
1487 1795 1546 1825 pro

849 1833 1001 1858 mutuam
1027 1827 1148 1868 reperit
1168 1833 1252 1864 tum,
1277 1828 1363 1866 quod
1384 1834 1434 1857 est
1457 1832 1490 1857 et
1511 1829 1546 1857 in

848 1871 911 1901 Ms.
942 1870 1050 1900 Guelf.
1095 1869 1144 1899 Eo
1171 1869 1290 1900 alludit
1317 1870 1366 1900 ed.
1392 1870 1446 1900 W.
1473 1879 1546 1909 quae

847 1913 947 1943 habet
963 1917 1086 1950 tumen,
1104 1916 1137 1942 et
1160 1912 1199 1942 R.
1222 1912 1279 1943 ΒΓ.
1299 1914 1387 1942 1480.
1404 1921 1477 1951 quie
1489 1913 1547 1943 ha.

846 1955 928 1985 bent
946 1960 1110 1985 mutuum.
1139 1953 1220 1984 mihi
1242 1953 1370 1993 quidem
1393 1954 1453 1984 hoc
1479 1964 1548 1985 me·

848 1997 910 2028 lius
933 1997 1072 2027 videtur.
1095 2005 1172 2026 nam
1201 1996 1379 2035 pecuniam
1405 2006 1545 2034 sumere,

847 2041 916 2070 sine
932 2044 1097 2076 mutuam,
1115 2038 1299 2077 elegantius
1312 2044 1374 2074 est,
1390 2044 1424 2068 et
1439 2040 1485 2068 sic
1497 2045 1548 2069 est

847 2082 961 2112 statim
975 2089 1057 2121 post.
1103 2080 1172 2110 Nec
1185 2081 1282 2111 inane
1298 2085 1347 2111 est
1358 2079 1438 2111 illud
1454 2086 1525 2112 tum
1538 2095 1546 2111 :

847 2124 902 2154 sed
924 2123 1066 2153 refertur
1087 2122 1127 2152 ad
1143 2123 1323 2161 sequentia,
1347 2122 1402 2152 ubi
1428 2123 1549 2153 dieitur

848 2167 969 2196 iterum
995 2165 1146 2195 sumsisse
1175 2166 1347 2204 pecuniam
1370 2165 1411 2195 ab
1435 2166 1548 2202 Fufiis,

849 2214 887 2239 ut
905 2208 1044 2238 solveret
1060 2207 1212 2237 creditori
1227 2208 1354 2247 primo:
1379 2207 1465 2245 quod
1482 2217 1550 2238 nou

853 2251 1015 2286 viderunt,
1030 2250 1083 2289 qui
1099 2254 1170 2280 tum
1184 2250 1332 2290 rejecere.
1376 2249 1439 2279 Pro
1457 2249 1550 2281 Scola-

852 2293 924 2323 edd.
943 2303 993 2333 pr.
1007 2292 1114 2322 Scala.

893 2336 934 2369 76
956 2335 1092 2365 credidit
1107 2333 1150 2364 P.
1165 2332 1204 2364 F.
1221 2332 1360 2370 Veraezssi,
1374 2334 1394 2363 l.
1410 2333 1548 2375 lufidei]

850 2377 998 2407 Primum
1020 2377 1172 2407 Muretus
1196 2376 1230 2405 in
1247 2375 1311 2406 Ms.
1335 2381 1444 2406 vetere
1460 2386 1550 2416 repe-

852 2420 895 2450 rit
919 2419 1069 2455 Neratii,
1093 2418 1180 2458 quod
1203 2423 1254 2448 est
1276 2418 1388 2448 notius
1416 2428 1548 2449 nomen.

850 2461 913 2491 Sed
934 2466 1047 2492 tamen
1068 2465 1102 2491 et
1122 2459 1261 2496 Veratii,
1278 2470 1475 2499 quamnquam
1501 2470 1551 2490 ra-

850 2505 929 2540 rius,
944 2506 1134 2533 occurrunt.
1163 2503 1329 2544 Tumfide
1345 2502 1378 2532 in
1395 2503 1458 2533 Μ5.
1473 2502 1550 2532 Vnt.

852 2547 974 2586 reperit
988 2545 1147 2583 Faernus,
1165 2544 1252 2584 quod
1265 2555 1341 2575 cum
1358 2545 1385 2574 G
1390 2545 1486 2575 raevio
1503 2554 1552 2574 re-

851 2588 1008 2628 cepimus·
1054 2588 1140 2618 Nam
1161 2588 1206 2618 sic
1219 2592 1253 2618 et
1269 2591 1343 2632 post
1357 2591 1418 2622 est,
1435 2592 1469 2616 et
1485 2595 1553 2616 nou

852 2630 932 2660 bene
947 2630 1068 2660 dicitur
1081 2630 1210 2660 medere
1225 2627 1376 2669 alicujus
1381 2629 1467 2663 fidei..

913 2671 1003 2706 ’ῖΕἰ
1015 2681 1089 2702 cum
1100 2672 1248 2711 solu-ret]
1267 2672 1329 2702 int.
1348 2669 1551 2705 Herm-lidos,

849 2724 925 2744 cum
953 2714 1056 2744 Stolae
1081 2713 1231 2744 redderet
1252 2715 1444 2753 pecuniam.
1476 2722 1553 2742 nam

851 2757 897 2786 sic
912 2758 1033 2786 solvere
1055 2756 1157 2786 alicui
1171 2765 1269 2794 supra
1290 2760 1339 2785 est
1356 2765 1385 2784 c.
1405 2757 1452 2784 13.
1467 2760 1551 2784 extr.

850 2806 884 2828 et
900 2798 986 2829 alibi.
1031 2798 1113 2828 130on
1127 2797 1230 2840 Fufiis
1243 2808 1283 2827 ex
1298 2803 1378 2826 nota
1405 2796 1553 2837 observa-

852 2841 942 2870 tione
956 2840 1096 2871 *debebit
1118 2849 1186 2870 esse
1214 2839 1264 2870 vel
1291 2838 1400 2869 Furiis
1421 2838 1470 2869 vc!
1489 2838 1553 2868 Fa-

760 2888 889 2924 31³2
