1785 3185
527 77 875 116 PHILIPPICA
918 78 1120 116 PRIMA.
1437 84 1538 123 1257*

106 184 201 227 fuit.
264 183 365 229 Quo
388 191 556 223 senatus
578 181 647 222 die
669 180 835 222 laetior?
866 195 951 235 quo
975 181 1156 236 populus
1181 181 1430 225 Romanus?
1460 184 1600 239 qui32

108 239 279 296 quidem
304 238 417 279 nulla
437 238 702 279 inconcione
725 251 927 291 umquam
950 237 1212 291 frequentior
1235 239 1330 280 fuit.
1350 251 1442 282 tum
1464 242 1539 282 de-

107 298 236 351 nique
258 295 423 336 liberati
449 309 520 350 per
550 294 660 334 viros
685 293 941 334 fortissimos
968 294 1242 345 videbamur3
1273 297 1387 350 quia,
1411 307 1458 339 ut
1478 298 1538 339 illi

107 354 342 402 voluerant,
365 350 657 392 701ibertatem
689 365 772 406 pax
796 350 1065 405 sequebatur.
1125 353 1161 384 7¹
1181 350 1404 404 Proximo,
1435 354 1540 395 alte-

106 425 168 461 ro,
191 408 332 459 tertio,
351 407 520 462 reliquis
542 407 782 448 consecutis
810 407 975 457 diebus,
992 422 1076 447 non
1100 407 1413 450 intermittebas
1436 425 1541 465 qua-

106 467 140 506 si
181 467 341 507 donum
380 464 552 520 aliquod
591 464 784 519 quotidie
816 462 966 505 afferre
998 463 1260 519 reipublicae.
1302 467 1540 508 maximum

103 532 246 564 autem
271 522 387 572 illud,
410 522 523 577 quod
546 520 770 562 dictaturae
795 535 950 561 nomen
979 520 1201 561 sustulisti.
1266 520 1375 562 Haec
1399 522 1541 564 inusta

103 592 168 621 est
188 595 213 620 a
235 589 290 630 te,
313 595 337 620 a
374 589 429 629 te,
451 579 640 633 inquam,
658 588 828 618 mortuo
853 577 1013 618 Caesari
1046 588 1148 618 nota
1169 577 1221 618 ad
1256 578 1539 633 ignominiam

105 637 422 692 sempiternam.
485 635 544 676 Ut
572 635 685 675 enim
720 645 893 690 propter
929 635 1053 675 unius
1092 634 1158 675 M.
1195 633 1350 675 Manlii
1388 636 1538 687 scelus,

103 693 277 735 decreto
300 693 440 749 gentis
464 691 659 741 Manliae,
681 694 719 724 72
734 692 946 732 neminem
971 692 1198 746 patricium
1227 690 1294 732 M.
1323 691 1539 734 Manlium

103 750 248 792 vocari
271 750 394 791 licet:
428 749 488 790 sic
511 758 571 798 tu,
595 758 768 804 propter
801 749 922 789 unius
944 748 1164 789 dictat0r1s
1196 748 1357 799 odium,
1382 764 1535 790 nomen

104 807 328 848 dictatoris
352 805 542 846 funditus
565 804 787 845 sustulisti.
849 805 965 846 Num
989 805 1181 860 hujusce,
1204 820 1301 845 cum
1326 821 1402 862 pro
1427 806 1535 847 salu·
1548 812 1598 846 33

104 873 148 905 te
169 863 417 920 reipublicae
437 871 556 903 tanta
576 861 791 917 gessisseS,
816 861 999 902 fortunae
1023 873 1078 913 te,
1103 876 1203 903 num
1225 863 1537 918 amplitudinis,

103 936 207 962 num
227 919 448 969 claritatis,
465 933 567 960 num
591 917 738 973 gloriae
763 919 1031 974 poenitebat?
1090 919 1215 960 Unde
1239 919 1371 975 igitur
1394 921 1537 962 subito

102 987 223 1018 tanta
244 978 326 1017 ista
353 976 562 1018 mutatio?
593 989 680 1015 non
704 990 875 1031 possum
898 976 1067 1026 adduci,
1092 986 1139 1017 ut
1172 977 1375 1032 suspicer,
1401 987 1441 1018 te
1465 992 1538 1034 pe-

103 1035 230 1075 cunia
251 1042 442 1088 captum.
504 1033 639 1082 Licet,
662 1032 777 1087 quod
807 1034 962 1087 cuique
984 1033 1102 1084 libet,
1122 1033 1333 1088 loquatur.
1366 1035 1538 1076 credere

101 1106 187 1132 non
209 1100 273 1131 est
294 1104 479 1131 necesse.
509 1094 548 1125 73
565 1088 678 1129 nihil*
691 1090 805 1130 enim
825 1104 1026 1145 umquam
1049 1090 1090 1130 iu
1114 1100 1154 1131 te
1177 1090 1410 1142 sordidum,
1430 1091 1538 1133 nihil

102 1147 263 1188 humile
284 1147 486 1202 cognovi.
548 1149 589 1180 7⁴
605 1146 877 1201 Quamquam
901 1146 1038 1187 solent
1060 1147 1285 1188 domestici
1304 1147 1537 1204 depravare

102 1218 450 1258 nonnumquam:
482 1202 554 1244 sed
589 1203 688 1244 novi
718 1203 964 1244 firmitatem
997 1213 1129 1245 tuam.
1188 1203 1332 1258 Atque
1356 1206 1534 1257 utinam,

102 1272 151 1302 ut
181 1261 366 1316 culpam,
400 1261 460 1301 sic
492 1261 621 1301 etiam
657 1260 944 1316 suspicionem
981 1262 1112 1302 vitare
1143 1261 1377 1317 potuisses!
1423 1262 1533 1304 Illud
1552 1253 1620 1303 14³

103 1318 240 1374 magis
263 1332 420 1368 vereor,
443 1331 494 1357 ne
514 1317 716 1372 ignorans
748 1332 892 1358 verum
916 1317 994 1358 iter
1016 1318 1179 1374 gloriae,
1199 1317 1433 1373 gloriosum
1456 1335 1536 1376 pu-

104 1384 181 1425 tes,
205 1375 297 1431 plus
321 1384 362 1414 te
392 1388 523 1414 unum
546 1388 683 1429 posse,
717 1389 846 1430 quam
875 1389 1046 1417 omnes:
1079 1385 1123 1415 et
1153 1375 1285 1415 metui
1308 1390 1332 1415 a
1367 1377 1535 1417 civibus

108 1432 206 1481 tuis,
238 1446 366 1486 quam
399 1430 521 1485 diligi
561 1430 696 1471 malis.
757 1431 922 1478 Quodsi
953 1433 1013 1472 ita
1043 1444 1181 1488 putas,
1206 1442 1339 1472 totam
1363 1433 1536 1489 ignoras

104 1489 216 1530 viam
239 1488 401 1544 gloriae.
443 1487 603 1528 Carum
625 1501 715 1528 esse
737 1488 890 1540 civem,
913 1489 1020 1530 bene
1042 1489 1094 1530 de
1128 1488 1347 1545 republica
1369 1491 1536 1543 mereri,

837 1603 910 1634 inde
935 1605 1028 1634 tertio
1049 1604 1088 1634 de
1110 1603 1173 1639 die,
1189 1604 1243 1643 qui
1267 1603 1407 1634 alterum
1424 1604 1529 1644 sequi·

836 1653 905 1682 tur,
929 1653 1041 1685 estque
1064 1647 1305 1676 Germanorum
1329 1647 1455 1677 ratione
1472 1656 1534 1676 nu-

837 1688 985 1718 merandi
1021 1688 1194 1724 secundus,
1232 1687 1428 1718 Latinorum
1467 1694 1534 1718 ter-

836 1730 913 1760 tius.
957 1730 1112 1760 Ceterum
1127 1729 1245 1766 fateor,
1262 1730 1296 1759 in
1319 1729 1380 1760 hac
1405 1731 1533 1761 ratione

837 1772 954 1802 melius
977 1781 1045 1802 esse
1064 1772 1224 1810 prm-imis
1240 1782 1270 1801 α.
1295 1776 1321 1801 t.
1340 1772 1409 1802 Nec
1432 1772 1534 1802 silebo

836 1815 870 1844 in
892 1814 956 1844 Ms.
972 1813 1080 1844 Guelf.
1101 1823 1168 1843 esse
1189 1814 1348 1853 proxz'mO,
1373 1815 1477 1844 tertio.
1500 1819 1536 1845 at

837 1858 940 1886 altero
955 1861 1004 1886 est
1017 1866 1036 1886 a
1050 1865 1092 1885 m.
1106 1865 1132 1886 s.
1146 1856 1415 1895 suprascriptum.

879 1900 920 1917 no
941 1898 1104 1928 neminem
1120 1898 1305 1937 patricium
1329 1897 1380 1927 M.
1410 1898 1536 1929 „Manli-

836 1949 893 1970 um
915 1940 988 1979 &c.]
1019 1939 1187 1970 Ferrarius
1209 1939 1338 1970 delebat
1352 1939 1533 1979 stIanlium,

100 1618 253 1652 trumque
267 1618 316 1644 est
333 1623 351 1643 a
374 1612 562 1653 glossatore.
587 1622 652 1643 non
668 1617 718 1643 est
740 1614 793 1645 Ci-

99 1656 310 1686 ceronianum
337 1660 412 1686 tuus
424 1657 584 1695 parvulus
607 1657 795 1685 carissimus

87 1696 126 1736 s.
150 1698 259 1736 itaque
282 1702 456 1736 utrumque
480 1698 683 1737 praetermisi.
732 1697 794 1728 Ab·

98 1745 148 1769 est
163 1740 263 1769 etiam
286 1739 358 1770 edd.
383 1749 432 1779 pr.
447 1749 520 1778 quae
534 1745 568 1769 et
585 1749 712 1779 parvus
738 1740 795 1770 ha-

102 1781 194 1817 bent,
212 1791 276 1811 non
287 1783 449 1821 parvulus
463 1788 501 1811 ut
516 1782 578 1812 Ms.
598 1781 707 1822 Huyd.

143 1826 184 1856 70
207 1824 388 1854 libertatem
411 1833 483 1863 pan:
506 1824 606 1863 sequ]
638 1823 702 1853 Ms.
731 1824 793 1854 Gu.

101 1866 370 1905 consequebatur5
421 1865 501 1896 item
532 1864 604 1896 edd.
637 1876 687 1905 pr.
727 1876 794 1897 non

104 1907 200 1937 male.

145 1951 180 1982 71
208 1947 378 1986 Proximo,
398 1950 512 1986 altero,
537 1948 643 1987 tertio]
682 1948 793 1980 Ferra-

883 1915 919 1932 Au

105 1990 170 2020 rius
193 1992 346 2031 conjungi
369 1990 497 2021 volebat
513 1992 664 2030 proximo
679 1993 795 2029 altero,

101 2031 186 2071 qnod
214 2037 249 2063 et
276 2034 448 2072 promimus
482 2034 627 2072 superior
652 2033 794 2070 dicatur,

97 2075 269 2114 proximus
291 2075 427 2106 vicinus.
471 2075 533 2105 Sed
556 2074 589 2104 id
611 2084 679 2104 non
708 2076 795 2105 suffi-

101 2118 158 2146 eit.
192 2126 268 2146 nam
286 2117 470 2155 proi-imus,
497 2116 545 2146 vel
566 2118 718 2156 proxime
740 2117 796 2148 ad-

102 2158 192 2188 ditur
225 2164 358 2188 tantum
391 2159 428 2188 iis
463 2158 579 2195 verbis,
611 2168 683 2198 quae
721 2159 795 2189 lati-

102 2209 140 2230 us
167 2205 296 2240 patent,
321 2210 380 2230 nec
409 2205 536 2230 certum
557 2210 594 2230 ae
623 2200 794 2231 definitum

102 2248 232 2282 tempus
267 2252 305 2272 ac
340 2242 448 2272 locum
494 2241 692 2280 significant.
750 2241 796 2274 Ut

101 2285 178 2323 quia
207 2294 315 2314 annus
343 2285 490 2323 superior
517 2288 567 2314 est
602 2284 796 2316 antecedens

102 2326 249 2365 quisque,
273 2332 306 2356 et
328 2327 507 2365 supem'ores
525 2328 667 2356 consules
683 2336 796 2356 omnes

103 2368 158 2406 qui
184 2375 260 2398 ante
282 2368 429 2405 fuerunt,
451 2374 623 2408 propterea
645 2375 796 2398 accurate

101 2409 222 2440 dicitur
231 2410 380 2449 proxime
392 2411 539 2449 superior
553 2419 672 2446 armus,
683 2411 795 2450 proxi-

103 2459 155 2481 me
166 2453 345 2490 superiores
366 2451 523 2482 Consules.
543 2462 571 2482 v.
590 2452 697 2482 Claxis
713 2452 746 2482 in
762 2452 795 2482 h.

102 2502 133 2524 v.
178 2493 241 2523 Sed
262 2494 296 2523 in
319 2494 462 2524 numeris
476 2493 619 2524 definitis
640 2494 672 2524 id
686 2494 795 2524 locum

103 2544 171 2565 uon
205 2534 315 2565 habet.
359 2535 508 2565 Vicissim
545 2536 702 2572 Graevius,
741 2536 797 2575 qui

106 2576 243 2607 Ferrarii
278 2578 438 2607 rationem
467 2578 628 2617 repudiat,
656 2578 796 2614 fallitur,

104 2619 160 2657 qui
170 2619 359 2658 proximum
374 2618 460 2649 diem
475 2620 562 2659 capit
578 2630 635 2659 pro
651 2620 796 2659 proxime

105 2660 276 2700 superiori,
292 2670 387 2699 quem
398 2661 548 2700 primum
564 2661 640 2698 dici,
655 2663 797 2692 alterum

106 2711 165 2741 pro
178 2702 319 2732 secundo
334 2703 392 2733 &c.
426 2701 513 2732 Nam
530 2702 599 2733 haee
616 2704 699 2734 ratio
713 2703 798 2742 sapit

105 2743 380 2774 Germanismum.
427 2743 497 2782 Ego
511 2746 662 2783 proximo
677 2745 800 2785 accipio

104 2784 172 2814 late
186 2789 220 2814 et
232 2785 271 2815 de
286 2795 414 2824 genere,
424 2787 526 2816 altero
541 2786 580 2816 de
589 2787 802 2826 postridiauO,

107 2826 803 2867 secundumlatinamnumerandis-ationem,

840 1987 980 2020 Ursinus
993 1991 1177 2029 corrigebat
1192 2001 1226 2021 n.
1238 1991 1419 2030 patricium
1434 1992 1535 2023 Μακ-

840 2031 935 2067 Ιὶαηι,
965 2032 1121 2062 Alorcum
1145 2042 1210 2064 voc.
1237 2034 1259 2062 l.
1303 2032 1365 2063 Sed
1389 2043 1457 2064 non
1484 2041 1535 2066 est

840 2081 980 2110 necesse,
998 2079 1035 2104 ut
1060 2083 1118 2104 nec
1134 2083 1185 2113 ap.
1208 2074 1352 2111 Livium,
1376 2076 1432 2105 ubi
1447 2076 1533 2108 idem

837 2119 886 2143 est
906 2116 966 2152 Vl,
989 2118 1040 2146 20.
1063 2126 1093 2146 v.
1120 2116 1290 2148 Drakenb.
1315 2115 1399 2147 Mihi
1423 2124 1535 2150 autem

832 2158 1015 2194 patricium
1039 2166 1105 2188 non
1131 2157 1249 2197 placet.
1273 2167 1350 2188 nam
1375 2168 1454 2198 gens
1476 2160 1534 2193 illa

840 2199 978 2236 Manlia,
996 2209 1067 2238 quae
1088 2200 1166 2230 fecit
1188 2200 1368 2237 decretum,
1383 2205 1457 2233 tota
1477 2213 1534 2242 pa-

838 2241 933 2271 tricia
948 2242 1023 2278 fuit,
1041 2252 1099 2272 nec
1120 2248 1193 2272 tum
1209 2242 1324 2282 plebeii
1340 2242 1470 2282 Manlii,
1494 2251 1535 2276 ut

839 2283 966 2322 opinor,
983 2293 1041 2313 nec
1057 2283 1179 2314 addidit
1195 2284 1307 2314 Livius
1322 2284 1344 2315 1.
1356 2295 1384 2315 c.

880 2327 920 2357 73
943 2326 1026 2355 nihil
1048 2326 1324 2365 enim—cognovi]
1354 2327 1426 2357 Hoc
1441 2328 1534 2359 abest

839 2365 903 2396 Ms.
943 2367 1050 2398 Guelf.
1080 2368 1135 2398 sed
1162 2378 1270 2398 errore
1304 2368 1442 2407 librarii,
1478 2371 1534 2409 qui

840 2414 914 2448 post
936 2410 1020 2440 nihil
1033 2411 1119 2440 enim
1141 2410 1273 2440 deflexit
1294 2411 1406 2441 oculos
1421 2412 1463 2443 ad
1483 2422 1534 2443 se.

840 2453 974 2490 quentia
986 2456 1030 2481 est
1047 2457 1115 2482 tam
1130 2456 1294 2482 sanctum.

881 2495 922 2526 ‘74
943 2494 1157 2534 ‚Quamquam
1178 2495 1280 2524 solent
1302 2494 1464 2526 domestici
1479 2496 1533 2525 de-

832 2543 981 2573 pravare
1004 2536 1250 2576 nonnunquam]
1278 2536 1359 2566 Haec
1384 2542 1434 2567 est
1455 2547 1534 2569 vera

841 2576 872 2605 h.
896 2577 918 2608 1.
938 2577 1049 2613 lectio,
1064 2588 1136 2616 quae
1159 2579 1192 2607 in
1215 2578 1279 2608 ΜΕ.
1303 2578 1380 2609 Vat.
1405 2584 1535 2618 reperta

839 2624 901 2655 est,
915 2625 948 2649 et
962 2620 996 2649 in
1009 2620 1081 2650 edd.
1095 2620 1246 2650 omnibus
1259 2625 1335 2649 ante
1348 2620 1534 2651 Victorium

838 2666 901 2697 est,
931 2661 987 2700 qui
1017 2662 1183 2701 vulgatam
1219 2661 1313 2691 hodie
1343 2661 1533 2699 lectionem,

839 2711 1039 2742 quamquam
1074 2705 1159 2734 nihil
1194 2708 1239 2732 esc
1267 2708 1338 2733 tam
1369 2708 1535 2741 sanctum,

841 2745 926 2783 quod
949 2755 1012 2776 non
1036 2747 1158 2777 soleant
1177 2745 1209 2775 d.
1233 2744 1265 2775 d.
1290 2754 1536 2786 nonnunquam,

843 2785 985 2818 induxit.
