1785 3185
251 98 351 134 1258
838 96 874 133 O
885 94 923 133 R
937 96 969 133 A
980 97 1089 135 '1¹10

249 197 426 248 laudari,
457 197 556 250 coli,
587 197 724 255 diligi,
758 197 990 255 gloriosum
1022 207 1100 241 est.
1132 199 1264 241 metui
1293 215 1408 252 vero,
1431 209 1475 241 et
1503 200 1548 242 in
1577 202 1678 245 odio

184 265 236 300 34
250 269 355 306 esse,
376 255 648 307 invidiosum,
670 256 934 309 detestabile,
959 257 1234 308 imbecillum,
1257 257 1480 298 caducum.
1541 259 1674 306 Quod

248 312 442 353 videmus
470 313 599 354 etiam
634 312 728 353 75in
765 313 934 363 fabulis,
968 313 1070 368 ipsis
1093 313 1187 365 illis,
1215 314 1286 369 qui
1321 318 1347 337 “
1373 312 1560 366 Oderint,
1580 316 1678 358 dum,

247 373 275 392 “
290 369 510 420 metuant‚”
532 369 734 420 dixerint,
756 370 1043 425 perniciosum
1076 370 1219 411 fuisse.
1281 371 1471 421 Utinam,
1490 370 1673 424 Antoni,

201 426 232 458 b.
247 441 373 467 avum
399 434 518 467 tuum
543 426 805 467 meminisses
827 427 834 466 !
867 426 918 466 de
940 441 1025 481 quo
1049 435 1189 468 tamen
1207 427 1340 468 multa
1353 428 1509 469 audisti
1527 442 1581 469 ex
1604 444 1674 472 me

246 482 494 539 saepissime.
521 483 707 524 Putasne
730 482 845 523 illurn
861 483 1224 524 immortalitatem
1247 484 1287 517 76
1303 485 1452 525 mereri
1477 484 1675 537 voluisse,

243 549 293 580 ut
335 549 507 596 propter
548 554 762 581 armorum
803 539 1095 580 habendorum
1130 540 1344 580 licentiam
1386 546 1674 585 metueretur?

244 599 284 630 77
300 596 378 637 Illa
399 606 489 637 erat
512 597 613 647 vita,
636 595 706 636 illa
727 596 912 636 secunda
935 596 1119 646 fortuna,
1150 596 1344 637 libertate
1363 612 1452 638 esse
1474 601 1513 631 78
1528 614 1673 654 parem

243 667 342 694 cum
364 653 531 704 ceteris,
567 653 802 708 principem
833 652 1057 707 dignitate.
1119 652 1285 707 Itaque,
1318 663 1365 693 ut
1387 655 1584 696 omittam
1607 670 1672 697 res

243 710 309 750 avi
332 710 393 750 tui
426 724 662 765 prosperas,
685 709 1005 749 acerbissimum
1037 709 1127 763 ejus
1161 710 1274 750 diem
1307 724 1550 765 supremum
1581 726 1672 753 ma-

242 766 332 817 lim,
354 781 482 821 quam
505 770 544 801 79
566 766 612 807 L.
637 765 789 806 Cinnae
822 766 1104 817 dominatum,
1129 782 1153 807 a
1180 781 1265 822 quo
1288 766 1356 806 ille
1379 767 1670 810 crudelissime

242 832 308 863 est
329 823 592 864 interfectus.

179 879 230 914 35
302 880 385 921 Sed
407 880 509 935 quid
537 879 729 920 oratione
761 886 800 918 te
825 879 1022 920 flectam?
1054 879 1087 919 si
1111 879 1224 919 enim
1246 879 1386 920 exitus
1411 879 1462 921 C.
1487 879 1670 923 Caesaris

241 937 409 978 efficere
431 940 470 967 80
484 936 566 977 hoc
588 950 673 976 non
695 943 851 991 potest,
876 945 921 976 ut
952 935 1074 977 malis
1096 950 1217 976 carus
1244 951 1347 988 esse,
1369 952 1495 992 quam
1518 937 1670 989 metui,

239 993 347 1034 nihil
369 993 620 1048 cujusquam
641 992 851 1048 proficiet,
875 1007 952 1033 nec
976 992 1134 1033 valebit
1155 994 1306 1034 oratio.
1327 1009 1452 1048 quem
1471 994 1544 1049 qui
1569 994 1669 1035 bea·

239 1060 331 1091 tum
354 1049 493 1090 fuisse
519 1058 687 1105 putant,
718 1052 753 1080 81
775 1049 915 1090 miseri
950 1050 1029 1105 ipsi
1067 1058 1178 1090 sunt.
1239 1050 1397 1091 Beatus
1430 1060 1494 1091 est
1524 1065 1666 1103 nemo,

237 1108 310 1162 qui
332 1121 381 1147 ea
401 1106 494 1161 lege
513 1107 634 1158 vivit,
654 1115 701 1146 ut
720 1119 807 1147 non
826 1107 954 1147 modo
978 1107 1165 1162 impune,
1189 1106 1259 1147 sed
1282 1107 1410 1148 etiam
1430 1121 1526 1148 cum
1551 1122 1667 1148 sum·

236 1178 306 1204 ma
322 1163 605 1204 interfectoris
629 1163 764 1218 gloria
786 1163 968 1204 interfici
987 1164 1132 1219 possit.
1159 1163 1301 1209 Quare
1324 1164 1447 1205 flecte
1472 1173 1526 1215 te,
1548 1179 1668 1219 quae-

237 1235 299 1270 so,
321 1230 363 1260 et
385 1220 566 1275 majores
590 1229 685 1260 tuos
704 1221 880 1276 respice,
903 1229 1030 1275 atque
1052 1220 1113 1260 ita
1135 1221 1326 1275 guberna
1343 1221 1665 1276 rempublicam,

236 1287 285 1317 ut
309 1288 455 1317 natum
477 1292 566 1318 esse
602 1286 644 1318 te
677 1277 790 1318 cives
824 1277 885 1317 tui
909 1277 1146 1332 gaudeant:
1171 1277 1260 1317 sine
1282 1292 1367 1332 quo
1398 1292 1476 1319 nec
1499 1279 1668 1330 beatus,

237 1348 316 1375 nec
338 1333 488 1384 clarus,
511 1337 550 1365 8⁶2
563 1348 653 1374 esse
674 1335 898 1389 quisquam
922 1343 1078 1389 potest.

160 1382 226 1431 15
297 1390 353 1431 Et
376 1391 520 1447 populi
551 1392 721 1446 quidem
755 1391 940 1432 Romani
965 1391 1133 1446 judicia
1163 1389 1297 1430 multa
1319 1391 1445 1431 ambo
1478 1391 1662 1444 habetis,

173 1454 224 1487 36
239 1452 277 1481 83
290 1448 445 1503 quibus
469 1463 542 1489 vos
567 1463 650 1489 non
674 1448 774 1488 satis
798 1448 956 1489 moveri
982 1446 1234 1504 permoleste
1256 1446 1360 1488 fero.
1405 1447 1521 1494 Quid
1545 1450 1661 1491 enim

235 1509 275 1537 84
288 1504 595 1561 gladiatoribus
617 1505 821 1546 clamores
845 1504 1215 1546 innumerabilium
1240 1504 1428 1546 civium?
1459 1504 1560 1560 quid
1583 1520 1661 1561 po-

271 1631 312 1662 75
335 1629 369 1659 in
383 1629 524 1670 fabulis,
550 1630 625 1669 ipsis
650 1627 914 1666 illis-dixerint]
1002 1631 1041 1662 79
1066 1627 1106 1658 L.
1141 1627 1262 1664 Cinnoe,
1285 1637 1306 1657 a
1329 1627 1403 1667 qno]
1437 1627 1500 1658 Alii
1524 1629 1661 1660 tradunt

230 1671 282 1701 Sic
298 1671 421 1701 habent
434 1672 592 1702 editiones
607 1681 654 1712 pr.
677 1672 718 1701 At
737 1671 799 1700 Ms.
814 1670 920 1700 Vatic.
957 1671 1051 1707 jussu
1084 1668 1181 1699 Marii
1206 1670 1246 1699 ab
1272 1669 1379 1700 Annio
1411 1669 1550 1708 quodam
1579 1671 1658 1702 trib.

229 1711 420 1751 insubida,-
451 1714 524 1744 inde
539 1713 610 1744 edd.
634 1718 670 1742 ut
689 1712 814 1747 Faerni,
832 1712 919 1741 Mur.
965 1712 1034 1742 mil.
1062 1712 1271 1741 interfectum
1301 1721 1378 1741 esse.
1423 1712 1485 1741 Sed
1515 1712 1660 1744 Velleius

234 1755 341 1784 Graev.
362 1755 449 1793 quod
470 1755 593 1786 dictum
608 1754 689 1785 illud
705 1755 800 1785 unius
818 1754 921 1789 Atrei,
966 1754 1082 1784 diserte
1110 1753 1215 1783 Marii
1248 1752 1416 1793 Cinnaque
1433 1752 1533 1792 jussu
1556 1755 1587 1785 id
1612 1755 1662 1785 fa-

229 1797 372 1834 adeoque
398 1797 494 1826 unius
518 1796 637 1828 fabulae
656 1797 764 1827 fuerit.
809 1796 871 1825 Sed
886 1797 920 1825 in
965 1802 1066 1826 ctum.
1113 1795 1227 1834 Itaque
1242 1800 1281 1825 ut
1295 1794 1350 1825 alii
1367 1796 1510 1826 Marium
1525 1801 1658 1828 tantum

215 1837 351 1877 ιΓαὶηιῖιέ
374 1848 440 1868 non
464 1849 592 1869 necesse
614 1844 663 1868 est
685 1840 732 1869 ita
754 1837 793 1868 ad
809 1838 917 1867 vivum
960 1837 1013 1867 hic
1050 1847 1357 1874 commemoravere,
1391 1838 1435 1867 sic
1471 1843 1505 1868 et
1543 1839 1659 1870 Cicero

230 1881 366 1910 resecari
381 1892 389 1916 ;
413 1886 446 1910 et
460 1882 568 1921 plures
583 1881 688 1911 Graeci
704 1886 738 1910 et
752 1879 862 1910 Latini
879 1880 916 1909 il-

227 1921 292 1952 lam
308 1922 346 1952 de
362 1923 461 1952 Atreo
474 1923 617 1954 fabulam
639 1923 672 1952 in
686 1932 782 1952 scena
795 1927 917 1952 tracta-

227 1973 311 1994 vere.
342 1963 457 1994 deinde
486 1965 560 1995 libri
591 1963 734 2004 plerique
771 1964 830 2002 ipsi
857 1965 916 1993 illi.

226 2005 348 2036 Omnes
370 2010 480 2036 autem
504 2007 579 2037 libri
592 2007 702 2046 scripti
719 2007 752 2036 in
776 2006 918 2036 dixerint

226 2048 452 2085 consentiunt,
466 2048 551 2087 quod
564 2052 598 2078 et
616 2048 715 2078 habet
730 2048 792 2078 ΜΞ.
809 2046 916 2078 Guelf.

227 2088 270 2119 H.
288 2090 326 2120 L.
353 2090 467 2129 Itaque
482 2095 622 2120 veterem
640 2090 813 2120 lectionem
828 2098 918 2119 secu-

225 2134 280 2161 tus
306 2141 390 2162 sum.
436 2132 541 2162 Hodie
569 2132 665 2171 vulgo
680 2143 689 2162 ε
721 2133 755 2162 in
771 2130 916 2171 fabulis,

224 2173 276 2202 illi
292 2174 365 2212 ipsi,
380 2175 608 2213 quis—dixerit.

268 2217 309 2248 76
331 2217 449 2245 ‘mereri
474 2216 622 2255 voluisse]

225 2255 322 2286 litera
340 2263 390 2287 (est
407 2258 442 2287 in
460 2257 569 2288 litura.
613 2258 664 2287 An
683 2257 746 2287 fuit
763 2267 886 2287 merere
900 2258 916 2286 ?

225 2298 288 2328 Sed
311 2303 485 2338 utrumque
508 2304 633 2330 rectum
656 2303 718 2336 est,
746 2304 779 2328 ct
802 2300 915 2329 Cicero

224 2339 296 2370 aliis
309 2350 435 2380 quoque
449 2341 526 2371 locis
542 2341 659 2371 mereri.
673 2341 706 2370 in
720 2340 780 2370 hac
794 2341 916 2369 foi-mm

224 2380 257 2412 la
270 2381 380 2413 habet.
425 2381 505 2412 Mox
526 2393 583 2422 pro
604 2383 822 2412 habendorum
843 2381 913 2412 edd.

222 2423 371 2462 quaedam
397 2429 477 2454 vett.
507 2425 629 2454 habent
658 2424 913 2454 metuendorum.

223 2465 304 2495 mihi
320 2470 497 2505 utrumque
520 2466 650 2495 videtur
664 2475 730 2495 esse
747 2476 767 2496 a
792 2465 913 2504 glossa.-

222 2511 306 2538 tore.
351 2508 465 2539 Cicero
479 2513 512 2538 et
525 2507 580 2538 alii
592 2517 719 2548 semper
733 2507 846 2537 dicunt
858 2517 913 2537 ar-

223 2559 351 2580 morum
366 2549 507 2580 licentia.

264 2595 304 2625 77
328 2591 397 2622 Illa
417 2596 489 2622 erat
512 2589 596 2629 vita]
637 2588 824 2630 Respondet
851 2590 912 2619 im-

220 2633 431 2669 mortalitati,
446 2639 480 2663 et
491 2633 569 2663 hinc
585 2631 846 2671 intelligendum.

262 2677 303 2708 78
320 2684 439 2713 parem
464 2685 539 2706 cnm
563 2674 688 2713 ceteris]
715 2674 767 2703 Sic
792 2678 825 2703 et
849 2673 911 2703 Gu.

219 2715 283 2746 Sed
304 2716 367 2746 Ms.
381 2716 458 2746 Vat.
480 2726 555 2747 cum
582 2725 647 2746 non
662 2715 773 2751 habet,
788 2714 914 2745 deleve-

219 2762 361 2796 runtque
384 2758 538 2796 Faernus,
554 2758 704 2788 Muretus
722 2762 756 2787 et
778 2757 845 2793 alii,
860 2761 908 2787 et-

217 2799 282 2829 iam
298 2799 455 2831 Graevius.
464 2810 584 2842 parem
595 2809 669 2831 cum
680 2799 794 2831 ceteris
805 2799 907 2831 latine

215 2839 279 2872 dici
293 2846 428 2883 negant.

649 2215 687 2245 In
711 2215 774 2245 Gu.
798 2214 916 2245 ultima

960 1880 1112 1910 Cinnam.

1002 1924 1041 1951 80
1077 1923 1132 1951 hoc
1159 1930 1222 1950 non
1244 1920 1360 1959 potest]
1398 1920 1470 1950 Hoc
1505 1920 1612 1951 abfuit
1639 1931 1661 1953 a

961 1962 1023 1993 Ms.
1048 1964 1126 1993 Vat.
1142 1962 1228 1992 unde
1254 1962 1395 1992 Faernus
1410 1968 1443 1991 et
1457 1961 1512 1992 alii
1524 1962 1652 1994 deleve-

964 2015 1008 2035 rc.
1055 2005 1091 2035 In
1109 2007 1172 2035 Ms.
1191 2004 1253 2033 Gu.
1269 2004 1397 2042 quidem
1413 2011 1473 2033 est.

1003 2050 1037 2077 81
1065 2047 1176 2077 miseri
1189 2046 1279 2085 suut]
1306 2047 1357 2075 Sic
1376 2046 1441 2076 fere
1461 2046 1541 2076 Mss.
1554 2046 1656 2078 etiam

960 2089 1022 2119 Gu.
1041 2090 1150 2129 itaque
1165 2098 1224 2128 pro
1240 2088 1372 2127 vulgato
1387 2089 1563 2118 miserrimi
1577 2099 1653 2119 cum

960 2131 1089 2160 Graevio
1111 2131 1250 2161 restitui.
1265 2136 1314 2160 est
1334 2130 1434 2160 etiam
1449 2130 1557 2170 aptius
1571 2130 1654 2161 alte·

960 2173 986 2202 ri
1003 2174 1144 2204 beatum.

1002 2218 1040 2245 82
1063 2225 1120 2245 nee
1131 2218 1248 2244 unctus
1262 2212 1445 2252 quisquam]
1472 2213 1544 2243 Hoc
1559 2224 1576 2244 e
1590 2213 1655 2245 Ms.

959 2257 1034 2286 Vat.
1058 2256 1197 2296 protulit
1214 2256 1368 2291 Faernus,
1386 2265 1443 2285 nec
1468 2260 1580 2285 tamen
1605 2265 1653 2286 re·

958 2299 1056 2338 cepit,
1070 2304 1107 2329 ut
1122 2298 1176 2328 :ilii
1191 2297 1294 2327 fecere
1309 2301 1439 2336 postea:
1466 2307 1652 2335 quanquam

958 2341 1109 2370 nonnulli
1125 2349 1290 2370 correxere
1305 2342 1433 2372 auctus,
1447 2343 1547 2368 tutus.
1564 2340 1655 2379 Quo.

958 2392 1084 2421 cunque
1100 2382 1195 2412 modo
1210 2381 1310 2419 legas,
1327 2380 1473 2419 ineptum
1489 2388 1548 2410 cst.
1583 2382 1653 2412 Ita-

957 2434 1017 2461 que
1047 2434 1120 2453 cun]
1147 2423 1275 2453 Graevio
1302 2426 1444 2452 veterem
1473 2421 1650 2454 lectionem

956 2466 1098 2501 restitui,
1113 2471 1147 2495 et
1162 2474 1218 2494 nec
1231 2467 1348 2494 unctus
1367 2469 1400 2493 et
1415 2465 1501 2493 omni
1511 2469 1653 2503 potesta-

956 2511 986 2537 te
1012 2507 1135 2545 delevi3
1159 2505 1244 2546 quod
1270 2510 1304 2535 et
1327 2505 1391 2535 Ms.
1415 2505 1523 2536 Guelf.
1545 2511 1579 2537 et
1599 2506 1644 2539 H.

956 2549 1057 2579 abest.

997 2594 1035 2621 83
1059 2590 1172 2629 quibus
1201 2599 1263 2619 non
1294 2589 1374 2618 satis
1403 2588 1537 2628 moveri]
1575 2589 1649 2627 Vos,

955 2632 1039 2670 quod
1074 2633 1108 2661 in
1141 2631 1214 2661 edd.
1243 2635 1323 2660 vett.
1357 2629 1499 2667 additur,
1527 2630 1648 2661 delevit

956 2674 1127 2703 Gruterus,
1170 2673 1271 2703 Recte
1308 2672 1453 2701 Graevius
1490 2673 1650 2704 restituit.

956 2715 995 2745 In
1019 2715 1121 2746 Codd.
1145 2713 1351 2753 quibusdam,
1373 2715 1474 2744 etiam
1496 2714 1560 2745 Gu,
1583 2724 1649 2745 non

952 2757 1133 2787 omittitur.
1151 2757 1273 2796 pariter
1288 2756 1383 2786 male.

994 2801 1033 2829 84
1052 2798 1305 2838 gladiatoribus]
1338 2799 1357 2828 i.
1381 2797 1465 2828 ludis
1487 2796 1648 2837 gladiato·

950 2840 1006 2873 riis
1032 2846 1071 2873 ut
1099 2850 1183 2883 saepe
1204 2839 1293 2872 alibi.
1316 2850 1347 2872 v.
1382 2839 1473 2874 Clav.
1497 2840 1532 2871 in
1554 2838 1590 2871 h.
1615 2848 1647 2872 v.
