1769 3174
253 114 329 148 980
848 115 1100 154 ORATIO

255 222 304 252 ut
326 214 525 255 omnibus
560 214 679 256 fastis
701 217 850 259 diebus
882 219 1022 275 legem
1053 220 1152 260 ferri
1183 219 1350 261 liceret:
1383 226 1431 260 ut
1461 218 1531 261 lex
1554 219 1696 272 AElia‚-

256 269 324 309 lex
360 269 482 312 Fufia
504 286 556 312 ne
588 273 768 316 valeret:
801 290 884 330 qua
907 292 990 317 una
1012 277 1250 332 rogatione,
1273 277 1468 330 quis'est‚
1491 277 1565 331 qui
1596 293 1682 318 non

192 326 482 382 34intelligat,
517 330 757 371 universam
793 333 1099 388 rempublicam
1137 348 1227 373 esse
1266 332 1479 374 deletam?
1524 332 1682 374 Iisdem

256 384 503 425 consulibus
526 386 880 442 inspectantibus,
901 404 1116 431 servorum
1137 389 1325 430 delectus
1347 389 1585 430 habebatur
1608 405 1684 445 pro

256 441 456 482 tribunali
482 442 670 493 Aurelio,
694 446 865 485 nomine
896 446 1190 500 collegiorum,
1212 460 1308 486 cum
1340 447 1514 487 vicatim
1545 446 1686 487 homi-

254 511 328 537 nes
353 500 737 550 conscriberentur,
760 502 1103 543 decuriarcntur:
1136 503 1188 543 ad
1220 503 1321 552 vim,
1353 504 1405 544 ad
1436 517 1600 552 mamm,
1631 503 1684 543 ad

254 554 433 605 caedem,
470 557 522 596 ad
563 557 847 611 direptionem
886 559 1177 599 incitarentur.
1241 558 1399 599 Iisdem
1437 558 1684 600 consulibus

256 625 373 651 arma
405 613 446 652 in
481 613 685 668 templum
712 614 902 654 Castoris
937 616 1074 669 palam
1105 617 1503 670 comportabantur,
1529 616 1707 671 gradus,

256 667 448 721 ejusdcm
473 670 618 724 templi
643 670 920 711 tollebantur:
956 672 1106 712 armati
1140 673 1333 712 homines
1357 672 1495 712 forum
1519 682 1562 712 et
1583 687 1687 713 con-

211 725 403 765 aciones
446 727 672 767 tenebant:
725 728 863 770 caedes
907 728 1271 784 lapidationesque
1314 729 1499 770 fiebant:
1547 729 1685 769 nullus

257 792 348 821 erat
381 792 565 833 senatus,
596 783 701 823 nihil
735 785 883 839 reliqui
920 786 1219 839 magistratus:
1253 801 1360 826 unus
1393 800 1562 826 omnem
1593 801 1686 826 om-

256 839 374 879 nium
401 850 654 894 potestatem
678 843 806 881 armis
826 852 868 881 ct
889 841 1122 882 latrociniis
1155 843 1413 897 possidebat,
1436 857 1522 883 non
1544 842 1686 897 aliqua

255 894 297 935 vi
333 910 421 946 sua,
451 901 489 927 53
503 897 575 937 sed
597 911 695 937 cum
727 898 811 938 duo
834 898 1026 938 consules
1061 913 1086 939 a
1117 900 1337 954 republica
1370 899 1686 954 provinciarum

256 951 421 993 foedere
454 955 717 1004 retraxisset,
751 955 997 1004 insultabat,
1029 955 1355 997 dominabatur:
1387 956 1478 996 aliis
1513 955 1687 1012 pollice—

256 1009 407 1050 batur:
441 1010 600 1051 terrore
623 1026 672 1052 ac
693 1020 810 1053 metu
831 1011 1003 1063 multos,
1027 1012 1166 1068 plures
1188 1014 1317 1054 etiam
1347 1027 1420 1068 spe
1442 1021 1485 1053 et
1505 1013 1689 1068 promis·

259 1066 315 1105 sis
340 1068 526 1108 tenebat.

196 1129 247 1163 35
317 1124 428 1170 Quae
460 1139 559 1165 cum
591 1132 732 1166 essent
760 1125 987 1182 ejusmodi,
1013 1125 1198 1180 judiceS‚
1229 1141 1327 1168 cum
1357 1133 1527 1167 senatus
1558 1126 1687 1167 duces

256 1180 409 1231 nullos,
432 1196 480 1221 ac
503 1196 580 1237 pro
602 1182 783 1223 ducibus
808 1183 1059 1238 proditores,
1084 1194 1157 1224 aut
1179 1184 1321 1239 potius
1344 1192 1513 1240 apertos
1543 1183 1687 1223 hostes

254 1237 456 1279 haberet:
489 1247 684 1293 equester
707 1240 811 1280 ordo
836 1254 929 1280 reus
962 1255 987 1280 a
1008 1240 1255 1281 consulibus
1285 1241 1513 1282 citaretur:
1547 1239 1686 1281 Italiae

254 1295 386 1335 totius
423 1295 656 1336 auctoritas
696 1297 1014 1352 repudiaretur:
1047 1297 1117 1338 alii
1155 1297 1411 1338 nominatim
1448 1297 1686 1352 relegaren-

255 1359 338 1401 tur,
359 1351 430 1392 alii
453 1361 569 1393 metu
592 1368 641 1393 ac
674 1353 863 1408 periculo
886 1362 1168 1396 terrerentur:
1202 1369 1318 1395 arma
1339 1363 1480 1395 essent
1511 1355 1553 1394 iu
1579 1363 1686 1394 tem-

253 1408 350 1463 plis,
372 1411 522 1450 armati
548 1410 591 1449 in
614 1409 733 1452 foro:
766 1424 900 1466 eaque
930 1426 1016 1452 non
1049 1411 1217 1452 silentio
1240 1411 1465 1452 consulum
1487 1411 1687 1452 dissimu-

253 1465 455 1517 larentur,
495 1467 564 1507 sed
605 1477 648 1508 et
681 1482 787 1508 voce
820 1477 862 1509 et
900 1469 1112 1509 sententia
1147 1469 1555 1524 comprobarentur:
1588 1482 1687 1508 cum

256 1536 405 1563 omnes
427 1524 578 1564 urbem
601 1525 789 1565 nondum
813 1525 1002 1566 excisam
1021 1535 1064 1566 et
1087 1539 1292 1576 eversam,
1315 1526 1387 1566 sed
1403 1526 1494 1581 jam
1515 1535 1687 1580 captain

258 1588 386 1635 atque
408 1595 653 1636 oppressam
677 1582 941 1623 videremus:
975 1592 1116 1623 tamen
1147 1582 1213 1623 his
1247 1582 1375 1623 tantis
1407 1582 1543 1632 malis,
1566 1591 1687 1622 tanto

178 1619 246 1673 16
262 1637 471 1680 bonorum
495 1639 652 1689 studio,
667 1638 851 1693 judices,
874 1639 1189 1680 restitissemus.
1250 1640 1334 1680 Sed
1357 1654 1424 1681 me
1446 1639 1514 1680 alii
1535 1648 1690 1688 metus,

195 1698 246 1730 36
260 1703 390 1748 atque
410 1695 504 1735 aliae
528 1710 641 1737 curae
665 1696 1014 1752 suspicionesque
1035 1705 1275 1737 moverunt.
1324 1695 1552 1752 Exponam
1574 1696 1689 1736 enim

258 1750 465 1792 hodierno
503 1752 586 1803 die,
622 1752 807 1806 judices,
845 1768 1014 1794 omnem
1060 1754 1268 1794 rationem
1307 1752 1409 1793 facti
1444 1763 1486 1793 et
1519 1752 1687 1794 consilii

255 1808 365 1850 mei:
400 1823 536 1864 neque
557 1809 658 1859 huic
681 1820 821 1851 vestro
839 1819 959 1852 tanto
979 1811 1120 1851 studio
1141 1810 1355 1859 audiendi,
1378 1813 1418 1841 54
1432 1824 1567 1864 neque
1588 1823 1686 1849 vero

255 1863 358 1906 huic
389 1875 520 1907 tantae
557 1866 838 1918 multitudini,
870 1876 1044 1924 quanta,
1076 1882 1171 1908 mea
1201 1867 1421 1918 memoria,
1451 1881 1687 1922 numquam

255 1921 341 1961 ullo
376 1922 418 1963 in
453 1923 623 1978 judicio
663 1923 760 1975 fuit,
793 1925 935 1966 deero.
997 1925 1124 1974 Nam,
1169 1925 1201 1965 si
1236 1938 1317 1980 ego
1352 1924 1394 1964 in
1434 1938 1562 1964 causa
1600 1932 1687 1963 tam

255 1978 383 2029 bona,
407 1990 528 2020 tanto
551 1981 693 2021 studio
717 1990 901 2032 senatus,
924 1996 1132 2023 consensu
1163 1990 1247 2022 tam
1280 1980 1518 2021 incredibili
1554 1981 1688 2020 bono-

254 2050 348 2076 rum
379 2037 588 2087 omnium,
621 2047 706 2077 tam
744 2049 907 2093 parato,
933 2048 1024 2080 tota
1055 2039 1239 2093 denique
1279 2037 1404 2078 Italia
1434 2037 1485 2077 ad
1515 2051 1687 2078 omnem
1719 2078 1730 2088 q

256 2095 580 2134 contentionem
611 2095 830 2150 expedita,
852 2096 959 2136 cessi
991 2096 1152 2136 tribuni
1186 2095 1335 2151 plebis,
1358 2093 1686 2150 despicatissimi

256 2148 460 2201 hominis,
483 2150 632 2202 furori,
654 2153 1091 2193 contemtissimorum
1113 2151 1335 2193 consulum
1364 2151 1581 2192 levitatem
1614 2166 1689 2190 au-

257 2206 510 2261 daciamque
542 2208 771 2263 pertimui:
805 2210 986 2250 nimium
1017 2224 1085 2250 me
1116 2210 1330 2259 timidum,
1352 2208 1507 2249 nullius
1538 2207 1686 2257 animi,

195 2262 415 2304 37nullius
439 2265 606 2305 consilii
639 2264 768 2306 fuisse
793 2267 1016 2307 confiteor.
1078 2267 1195 2313 Quid
1217 2266 1331 2307 enim
1362 2265 1498 2306 simile
1530 2264 1612 2304 fuit
1644 2264 1686 2304 in

263 2321 319 2365 Q.
346 2320 552 2363 Metello?
584 2321 706 2376 cujus
729 2338 900 2364 causam
929 2325 1007 2364 etsi
1033 2338 1179 2364 omnes
1212 2323 1314 2363 boni
1347 2323 1602 2378 probabant,
1624 2330 1687 2360 ta-

261 2391 358 2418 men
384 2392 520 2432 nequc
542 2389 711 2419 senatus
733 2380 919 2435 publice,
937 2395 1074 2435 neque
1096 2381 1203 2420 ullus
1222 2380 1326 2420 ordo
1345 2378 1527 2435 proprIe,
1549 2391 1687 2432 neque

150 2434 346 2486 p.11.suis
376 2435 558 2475 decretis
592 2435 717 2476 ltalia
750 2445 841 2477 tota
878 2445 1136 2493 susceperat.
1169 2437 1220 2478 ad
1255 2452 1375 2478 suam
1403 2436 1518 2476 enim
1550 2435 1687 2490 magis

213 2500 244 2525 a,
257 2492 472 2547 quandam
494 2492 563 2533 ille
584 2492 780 2548 gloriam,
802 2508 930 2549 quam
962 2495 1014 2534 ad
1038 2494 1307 2549 perspicuam
1338 2493 1513 2534 salutem
1546 2493 1686 2548 reipu-

292 2637 332 2666 53
355 2634 413 2665 sed
432 2644 507 2665 cum
529 2635 592 2664 duo
614 2635 770 2674 eonsules]
801 2635 874 2665 Duo
888 2645 946 2674 pro
989 2636 1164 2675 aberatque
1181 2646 1200 2666 a
1215 2635 1294 2666 Mss.
1310 2636 1392 2672 eius,
1408 2639 1440 2665 et
1457 2634 1548 2665 abest
1563 2633 1614 2664 ed.
1629 2632 1683 2680 Rs.

248 2677 329 2706 duos
353 2676 432 2711 diei,
459 2677 540 2706 bene
567 2681 634 2707 est:
659 2677 712 2707 sed
739 2687 756 2707 e
781 2677 946 2707 latinitate
989 2677 1065 2707 Non
1103 2688 1260 2718 repugno.
1305 2679 1365 2707 Sed
1397 2687 1469 2707 vero
1497 2681 1604 2716 potest
1631 2674 1684 2704 hic

247 2719 381 2748 debehat
400 2727 481 2754 esse,
498 2724 673 2758 utrumque
690 2720 861 2749 consulem.
884 2720 946 2749 Ve-
989 2720 1128 2758 augendi
1144 2721 1208 2750 vim
1233 2720 1362 2756 habere,
1379 2719 1485 2749 multo
1500 2719 1619 2753 utilius,
1636 2716 1686 2746 in·

247 2770 332 2793 reor,
356 2770 396 2789 ue
415 2761 477 2790 duo
491 2766 614 2792 tremere
637 2761 801 2801 irrepserit
817 2772 833 2791 e
848 2771 942 2800 supe-
987 2762 1072 2800 quit,
1096 2762 1191 2793 deero
1215 2761 1423 2793 multitudini
1447 2760 1495 2791 illi
1515 2766 1629 2791 tantae.
1652 2768 1682 2789 ν.

246 2802 399 2838 rioribus,
415 2802 468 2831 ubi
485 2803 548 2832 (lun
563 2805 704 2833 consules
718 2810 804 2833 recte
819 2808 924 2833 erant.
987 2804 1080 2835 Clav-

287 2846 329 2875 54
342 2855 442 2885 neque
457 2845 544 2885 vero]
561 2846 709 2876 Graevius
723 2844 843 2876 delevit
855 2855 941 2882 vern,
