1817 3169
220 123 320 161 1092
813 124 1063 163 ORATIO

218 233 361 275 aetate,
383 223 542 266 relictis
566 224 692 267 rebus
716 228 801 270 suis
824 229 1041 281 omnibus,
1073 229 1117 270 in
1150 227 1305 270 nostris
1340 227 1475 279 bellis,
1498 229 1656 269 nostris

219 296 319 323 eum
342 282 671 339 imperatoribus
694 299 785 326 esse
810 299 1046 329 versatum:
1079 286 1233 328 nullius
1253 285 1424 336 laboris,
1453 288 1486 319 ι9
1501 285 1657 326 nullius

221 340 498 391 obsessionis,
521 340 674 381 nullius
699 344 841 398 proelii
864 355 1085 400 expertem
1109 344 1252 384 fuisse.
1276 343 1369 384 haee
1392 352 1490 383 sunt
1512 342 1659 383 omnia

224 412 323 438 eum
360 397 484 452 plena
504 397 655 449 laudis,
680 411 768 440 tuin
804 403 975 457 propria
999 401 1212 443 Cornelii:
1245 416 1322 441 nee
1355 401 1396 440 in
1433 400 1498 440 his
1532 400 1658 440 rebus

188 455 387 505 7crimen
410 465 473 496 est
497 455 641 496 ullum.
686 457 770 497 Ubi
798 458 1007 514 igiturest
1029 459 1218 500 crimen?
1252 457 1379 503 Quod
1403 471 1500 497 eum
1526 455 1658 496 Pom·

226 511 348 567 peius
368 514 410 543 50
423 512 598 553 civitate
620 512 811 555 donavit.
848 518 881 545 2¹
901 514 1214 570 Hujuseeinodi
1238 515 1426 554 crimen?
1457 514 1659 557 minime:

223 568 306 609 nisi
333 568 481 620 honos,
515 570 753 624 ignominia
776 572 964 626 putanda
986 582 1064 612 est.
1125 571 1261 625 Cujus
1297 571 1455 625 igitur?
1487 584 1530 610 re
1560 583 1662 610 vera

223 625 405 666 nullius:
437 626 607 667 actione
629 629 902 678 accusatoris,
925 629 1016 683 ejus
1048 629 1188 678 unius,
1210 627 1282 682 qui
1306 626 1497 667 donavit.
1519 627 1591 680 qui
1625 625 1660 668 si

225 682 435 723 adductus
459 684 610 738 gratia,
634 685 774 724 minus
804 685 1005 726 idoneum
1037 685 1256 726 hominem
1292 683 1469 739 praeinio
1493 683 1661 724 affecis-

225 749 314 790 set3
346 742 384 770 522
399 741 470 794 qui
494 740 661 780 etiamsi
687 741 822 782 virum
854 743 1029 793 bonum,
1064 743 1133 783 sed
1166 756 1250 782 non
1286 741 1344 780 ita
1367 740 1593 790 nieritum3
1624 739 1659 780 si

226 796 411 850 denique
433 796 608 851 aliquid,
631 798 745 851 quod
769 814 852 839 non
876 810 1040 850 eontra,
1062 814 1111 840 ae
1135 799 1294 848 liceret,
1315 796 1663 859 factum-dicere·

227 862 312 903 tur,
347 853 418 893 sed
441 863 606 904 contra,
639 864 766 910 atque
789 866 1030 912 oporteret:
1065 867 1207 897 tamen
1239 866 1349 895 esset
1380 868 1519 914 otnnis
1550 867 1665 908 ejus-

193 910 345 953 8modi
370 911 642 965 reprehensio
666 927 689 951 a
715 913 1051 969 vobiS‚jn(lice5,
1075 912 1350 969 repudianda.
1411 911 1540 952 Mne
1563 924 1665 951 vero

230 967 333 1022 quid
363 967 548 1009 dieitur?
579 968 681 1023 quid
717 971 776 1010 ait
800 973 1050 1012 aecusator?
1082 970 1232 1011 fecisse
1272 969 1524 1024 Pompeium
1547 967 1663 1021 quod

229 1025 268 1064 ei
292 1023 431 1064 faeere
454 1039 538 1065 non
562 1024 756 1069 licuerit?
788 1028 901 1083 quod
925 1028 1096 1084 gravius
1119 1037 1196 1077 est,
1215 1041 1359 1081 quain,
1376 1026 1408 1065 si
1434 1025 1474 1066 id
1497 1024 1662 1065 factum

230 1081 285 1122 ab
317 1095 367 1122 eo
404 1081 580 1132 diceret,
616 1083 730 1137 quod
766 1099 849 1125 non
891 1086 1164 1140 oportuisset.
1227 1083 1303 1124 Est
1338 1083 1451 1123 enim
1487 1081 1666 1136 aliquid,

185 1138 344 1193 b.quod
380 1152 465 1178 non
497 1148 708 1194 oporteat,
730 1141 897 1182 etiamsi
930 1142 1044 1183 lieet.
1075 1142 1282 1197 quidquid
1308 1155 1405 1181 vero
1429 1154 1514 1180 non
1548 1138 1664 1190 licet,

230 1205 346 1236 certe
369 1209 454 1235 non
477 1205 664 1251 oportet.

181 1257 218 1302 4
288 1252 377 1293 Hie
398 1266 480 1308 ego
504 1267 616 1294 nune
639 1260 815 1295 cuncter
847 1255 908 1296 sic
936 1269 1076 1310 agere,
1103 1255 1289 1311 judiceS,
1309 1257 1348 1285 23
1364 1268 1447 1294 non
1480 1266 1571 1293 esse
1600 1250 1665 1292 fas

193 1309 442 1360 9dubitare,
466 1309 584 1366 quin,
607 1312 721 1364 quod
748 1312 828 1352 Cn.
854 1312 1110 1367 Pompeium
1134 1313 1284 1353 fecisse
1306 1320 1487 1359 constet,
1511 1309 1552 1349 id
1578 1323 1663 1372 non

229 1366 365 1407 solum
386 1367 592 1417 decuisse,
616 1369 687 1408 sed
710 1370 839 1409 etiam
862 1370 1059 1410 debuisse
1086 1370 1322 1411 fateamur?
1353 1370 1394 1398 2⁴
1409 1365 1525 1414 Quid
1549 1380 1664 1407 enim

231 1424 352 1463 abest
376 1423 475 1464 huic
498 1423 679 1475 homini,
702 1427 814 1480 quod
840 1427 872 1466 si
905 1428 1084 1476 adesset,
1111 1428 1209 1482 jure
1241 1426 1322 1467 hoe
1346 1425 1473 1465 tribui
1499 1433 1540 1463 et
1563 1437 1668 1464 eon-

232 1480 325 1520 cedi
361 1485 635 1536 putaremus?
668 1497 822 1524 usnsne
856 1487 1022 1525 rerum?
1055 1487 1126 1539 qui
1162 1483 1355 1540 pueritiae
1392 1492 1558 1535 tempus
1593 1494 1670 1520 ex-

233 1546 431 1586 tremum,
475 1538 734 1593 principium
778 1539 930 1580 habuit
975 1541 1178 1582 bellorum
1221 1551 1348 1595 atque
1391 1538 1669 1594 imperiorum

230 1594 550 1635 maximorum?
586 1595 708 1650 cujus
750 1597 936 1652 plerique
976 1599 1160 1653 {equales
1199 1598 1339 1637 minus
1379 1609 1492 1651 saepe
1529 1603 1670 1634 castra

230 1651 444 1701 viderunt,
467 1666 594 1706 quani
619 1652 688 1693 liic
713 1654 1022 1709 triumphavit?
1054 1657 1125 1710 qui
1154 1664 1218 1696 tot
1251 1654 1378 1694 babet
1412 1651 1669 1707 triumphos,

228 1717 337 1763 quot
368 1723 455 1748 01·ae
491 1719 589 1749 sunt
626 1719 849 1765 partesque
883 1715 1117 1754 terrarum?
1149 1721 1214 1752 tot
1248 1711 1446 1751 victorias
1483 1709 1669 1771 bellicas,

228 1775 338 1819 quot
361 1774 458 1804 sunt
483 1765 523 1805 in
548 1780 686 1806 reruin
720 1779 870 1807 natura
901 1783 1056 1823 genera
1082 1769 1313 1810 bellorum?
1345 1783 1396 1807 an
1421 1767 1671 1821 ingenium?

228 1835 329 1862 cum
352 1822 481 1862 etiam
508 1823 586 1878 ipsi
611 1838 733 1863 casus
755 1836 1018 1880 eventusque
1043 1841 1195 1876 reruni,
1220 1840 1302 1865 non
1328 1826 1470 1873 duces,
1503 1822 1574 1863 sed
1598 1835 1670 1862 eo-

228 1879 356 1919 mites
379 1878 470 1933 ejus
494 1880 771 1922 consiliorum
806 1881 992 1924 fuerint?
1026 1883 1067 1924 in
1090 1899 1176 1938 quo
1202 1897 1286 1923 uno
1310 1881 1370 1921 ita.
1398 1878 1671 1942 summafor-

229 1942 336 1975 tuna
378 1950 474 1976 euin
520 1951 687 1977 sumnia
731 1938 888 1979 virtute
930 1940 1125 1990 certavit,
1168 1950 1215 1981 ut
1256 1939 1449 1979 oninium
1485 1936 1670 1991 judicto,

230 1994 271 2023 25
284 1992 379 2048 plus
409 1992 592 2046 homini,
615 2009 743 2050 quam
766 1994 873 2047 (leae,
899 1997 1181 2039 tribueretur?
1213 2012 1265 2037 an
1297 1996 1448 2052 pudor,
1476 2010 1528 2035 an
1562 1994 1673 2034 inte-

275 2149 314 2181 19
342 2149 467 2179 nullius
494 2150 689 2190 obsessionis]
732 2150 784 2181 Sic
809 2161 869 2182 scr.
897 2157 932 2183 et
972 2158 1057 2183 tum.

231 2188 302 2219 edd.
332 2195 414 2220 vett.
448 2191 486 2221 ln
516 2192 566 2222 ed.
595 2194 816 2229 Gronodana,
846 2196 931 2225 Gru-
1016 2198 1055 2227 253
1080 2206 1112 2226 n.
1135 2207 1199 2227 esse
1211 2195 1276 2236 sas
1298 2195 1456 2234 dubitari]
1486 2195 1602 2225 Putavi
1625 2193 1672 2225 le-

230 2232 392 2262 terianain
417 2238 599 2273 repetente,
614 2236 746 2275 irrepsit
760 2237 840 2266 vitio
855 2247 931 2278 ope-
974 2238 1115 2276 gendum
1145 2248 1212 2269 esse
1239 2239 1400 2273 dubitare,
1424 2238 1499 2276 quia
1523 2237 1674 2275 sequitur

232 2283 340 2303 rarum
357 2274 535 2305 obsidionis.
963 2281 1153 2320 fuscamur.
1197 2281 1282 2320 Quia
1315 2281 1360 2310 sie
1397 2280 1498 2318 reperi
1535 2279 1568 2309 in
1605 2279 1672 2310 Ms.

274 2317 315 2346 90
339 2317 470 2347 civitate
496 2317 642 2357 donarit]
671 2318 709 2348 In
734 2320 797 2350 Ms.
823 2321 931 2352 Guelf.
974 2322 1082 2353 Gru-tf.
1099 2323 1214 2362 rer-epi.
1259 2323 1306 2352 Eo
1324 2323 1461 2352 refertur
1482 2322 1513 2351 in
1536 2331 1673 2359 sequen·

232 2357 434 2394 exciderunt,
459 2369 532 2397 quae
553 2365 630 2389 sunt
655 2366 727 2399 post
747 2362 808 2392 hoe
833 2364 932 2393 clona-
973 2365 1061 2394 tibus
1075 2366 1157 2405 jure
1170 2367 1226 2394 hoc
1247 2365 1359 2399 tribui,
1376 2374 1420 2395 sc.
1445 2370 1483 2394 ut
1498 2373 1564 2393 non
1579 2363 1673 2395 dubi-

231 2399 292 2434 vit,
322 2409 423 2438 usque
452 2400 491 2430 ad
529 2401 681 2439 alterum,
708 2405 762 2443 qni
788 2406 931 2436 donavit.
974 2411 1082 2436 ternus
1098 2407 1155 2437 &tn

231 2450 329 2471 eausa
343 2446 392 2471 ost
407 2442 439 2471 in
455 2449 599 2482 promtu.
1017 2451 1057 2478 24
1078 2449 1172 2488 Quid
1183 2449 1270 2478 abest
1286 2449 1360 2477 huie
1375 2447 1509 2486 homini]
1540 2447 1602 2477 Hic
1624 2446 1674 2477 lo·

274 2485 309 2514 ‘ll
332 2482 565 2523 Hujusm’mosli
581 2485 718 2525 crimen]
744 2488 796 2517 Sic
812 2488 844 2517 in
859 2488 930 2519 cdd.
974 2500 1030 2519 eus
1043 2490 1080 2520 de
1097 2490 1190 2520 laude
1206 2491 1349 2529 Pompeii
1366 2489 1552 2519 simillimus
1565 2493 1614 2519 est
1629 2488 1674 2527 ei,

230 2525 345 2563 priscis
358 2535 425 2555 esse
439 2526 485 2555 ait
501 2528 672 2557 Gruterus.
710 2528 814 2560 Falso.
845 2531 929 2560 Nam
974 2532 1028 2570 qui
1052 2536 1100 2561 est
1123 2533 1155 2561 in
1181 2533 1238 2562 Or.
1261 2543 1318 2572 pro
1344 2531 1424 2570 Leg.
1450 2531 1567 2561 Manil.
1593 2541 1672 2569 qno-

231 2566 282 2596 ed.
319 2566 360 2597 R.
386 2567 503 2597 habet:
543 2567 761 2608 hujuscemodi
794 2573 931 2602 tamen?
974 2584 1049 2603 cum
1066 2574 1301 2613 ‹eoinparandus
1323 2581 1371 2603 est
1394 2585 1411 2603 a
1431 2573 1583 2603 studiosis
1605 2573 1675 2603 elo-

231 2608 281 2638 εὖ.
299 2608 499 2649 ῐν.Ῐιτ()“ιε.κ·ει’
510 2611 644 2641 crimen.
680 2611 804 2643 Victor.
819 2613 932 2654 Imjus-
975 2616 1129 2654 quentia’,
1160 2621 1195 2646 nt
1223 2617 1425 2655 intelligant,
1453 2615 1565 2646 eadem
1594 2624 1676 2655 quo-

231 2659 306 2680 eene
319 2660 365 2680 cr.
382 2661 542 2691 quamque
564 2653 721 2692 proximae
743 2662 820 2686 sunt
837 2666 929 2686 seeu—
972 2657 1069 2687 modo
1085 2657 1199 2688 variari
1215 2659 1350 2698 possint.

229 2696 285 2722 tae.
329 2692 526 2724 Gruteriana
549 2694 646 2725 let-tio
661 2696 797 2735 optima.
823 2699 928 2738 requi·
1012 2702 1052 2731 ‘25
1070 2702 1146 2739 ptus
1170 2701 1303 2736 homini,
1319 2709 1417 2739 quam
1435 2698 1514 2738 ἄρα’]
1540 2699 1593 2730 Sie
1606 2699 1673 2730 ele-

229 2733 315 2764 ritur
338 2735 500 2773 genitivus
527 2737 585 2773 rei,
611 2747 677 2767 uon
699 2748 866 2778 personae;
891 2747 929 2770 ut
971 2747 1118 2779 gantere
1135 2741 1213 2772 Mss.
1228 2743 1330 2772 edidit
1344 2742 1516 2771 Gruterus.
1547 2741 1673 2773 Firmat

229 2778 399 2814 sequentia
412 2777 541 2808 docent.
971 2783 1035 2813 Ms.
1057 2783 1121 2814 Gn.
1144 2784 1198 2823 qui
1219 2783 1319 2815 habet
1335 2785 1413 2823 plus
1435 2785 1465 2814 h.
1481 2793 1581 2824 quam
1603 2783 1670 2814 deo.

273 2820 313 2848 ‘22
336 2819 391 2857 qui
412 2821 554 2860 etiamsi]
580 2820 731 2852 Arbitror
750 2824 805 2863 qui
820 2823 930 2854 delen-
972 2825 1055 2857 Edd.
1070 2830 1151 2857 vett.
1166 2836 1266 2867 quam
1280 2827 1379 2858 decet.

230 2857 323 2898 dum,
338 2864 462 2894 temere
482 2872 501 2894 e
526 2862 626 2904 priori
648 2865 796 2897 membro
811 2867 930 2907 repeti-
