1812 3147
281 104 357 139 852
863 95 1110 134 ORATIO

281 201 626 251 Sanctissimum,
649 199 1042 256 prudentissimum,
1074 198 1372 249 fortissimum,
1407 196 1713 241 amicissimum

280 259 544 315 reipublicae,
590 259 760 307 virtute,
800 256 994 308 consilio,
1035 259 1074 288 38
1095 256 1258 297 ratione
1297 256 1413 306 vitae,
1447 255 1630 296 mirabili
1663 256 1715 298 ad

281 316 466 367 laudem,
497 325 540 356 et
571 328 703 371 prope
734 313 950 369 singulari.
1009 315 1050 348 39
1064 313 1147 354 Sed
1177 313 1280 368 quid
1311 313 1362 354 ad
1395 322 1450 363 te,
1481 312 1554 366 qui
1584 326 1716 368 negas

285 387 376 414 esse
411 387 572 422 verum,
605 385 861 427 quemquam
896 374 937 401 4⁰
951 369 1022 410 ulli
1055 370 1113 410 rei
1150 370 1335 426 publicae
1368 380 1491 410 extra
1523 369 1718 410 ordinem

241 437 275 482 Q
289 430 478 486 praefici?
509 429 654 483 Atque
675 428 716 468 in
743 428 823 468 hoc
842 427 978 468 solum
1000 427 1331 468 inconstantiam
1351 427 1559 481 redarguo
1579 435 1720 478 tuam;

240 481 263 492 ⁹
285 490 323 519 41
339 487 411 542 qui
435 487 477 527 in
500 486 593 542 ipso
627 484 807 534 Catone,
829 498 953 538 quem
979 493 1021 523 tu
1045 498 1130 524 non
1154 499 1231 540 pro
1253 483 1363 524 illius
1387 483 1598 538 dignitate
1619 497 1718 539 pro-

284 543 482 592 duxeras,
505 543 576 583 sed
608 555 685 597 pro
717 551 790 581 tuo
819 539 972 581 scelere
1004 541 1281 581 subduxeras.
1343 540 1484 586 Quem
1517 540 1601 580 tuis
1624 540 1720 580 Ser-

283 601 380 656 giis,
413 600 574 650 Lolliis,
595 598 736 647 Titiis,
769 598 1004 650 ceterisque
1038 597 1167 638 caedis
1197 605 1239 637 et
1272 596 1566 637 incendiorum
1599 595 1720 636 duci-

282 658 377 709 bus,
399 657 618 711 objeceras
639 672 649 706 ;
686 668 812 709 quem
835 654 1079 695 carnificem
1102 654 1276 704 civium,
1298 667 1424 708 quem
1449 653 1716 693 indemnato-

282 729 377 755 rum
399 714 514 754 necis
546 711 799 768 principem,
821 725 947 765 quem
979 710 1241 752 crudelitatis
1264 720 1482 751 auctorem
1504 709 1635 750 fuisse
1655 710 1720 751 di-

283 785 428 813 xeras:
461 770 512 810 acl
535 769 665 820 hunc,
691 770 895 808 honorem
916 776 957 808 et
980 768 1205 823 imperium
1227 778 1351 808 extra
1367 767 1560 807 ordinem
1582 767 1720 808 nomi-

239 828 421 869 b.natim
444 826 666 882 rogatione
688 834 761 866 tua
783 824 972 866 detulisti
994 842 1003 866 ε
1029 835 1072 866 et
1093 834 1213 866 tanta
1234 824 1353 865 fuisti
1374 824 1720 880 intemperantia,

222 890 274 926 22
289 893 335 926 ut
356 885 465 926 filius
485 885 546 924 tui
566 882 732 924 sceleris
753 882 959 922 rationem
976 882 1190 923 occultare
1209 897 1293 923 non
1317 895 1476 937 posses.
1538 880 1720 922 Litteras

285 942 330 983 in
354 941 562 983 concione
588 939 791 990 recitasti,
821 953 924 993 quas
947 939 1027 979 tibi
1049 954 1074 980 a
1096 939 1147 980 C.
1172 939 1343 981 Caesare
1375 938 1523 978 missas
1544 937 1720 979 diceres.

289 1012 454 1040 CAESAR
482 1001 707 1039 P'ULcnRo
726 1009 734 1033 :
779 1010 876 1037 cuin
899 996 1027 1036 etiam
1051 1011 1094 1037 es
1117 1003 1454 1052 a1·gumentatuS‚
1477 995 1633 1036 amoris
1655 1008 1719 1035 es-

286 1071 330 1097 se
353 1056 435 1097 hoc
458 1055 644 1110 signum,
667 1067 764 1094 cum
798 1052 1043 1094 nominibus
1065 1062 1233 1094 tantum
1265 1062 1468 1102 uteretur,
1491 1065 1627 1106 neque
1648 1051 1721 1092 ad'-

286 1113 504 1162 scriberet,
529 1123 838 1160 PROCONSUL,
865 1119 940 1150 aut
961 1123 1185 1152 TRIBUNO
1218 1123 1418 1152 PLzms:
1451 1108 1604 1150 deinde
1627 1123 1722 1164 gra-

286 1169 411 1211 tulari
436 1168 530 1219 tibi,
552 1167 667 1223 quod
698 1167 810 1208 idem
834 1168 876 1208 in
900 1177 1118 1223 posterum
1141 1167 1209 1209 M.
1243 1167 1454 1208 Catonem
1477 1169 1516 1196 42
1531 1166 1722 1206 tribuna-

286 1236 333 1267 tu
358 1235 431 1267 tuo
454 1225 720 1275 removisses,
742 1234 785 1265 et
805 1226 845 1255 43
859 1224 972 1278 quod
1006 1225 1118 1266 idem
1141 1224 1184 1265 in
1218 1234 1435 1280 posterum
1457 1222 1510 1263 de
1532 1231 1724 1263 extraor-

285 1283 460 1324 dinariis
494 1281 778 1338 potestatibus
810 1281 1049 1322 libertatem
1081 1281 1323 1322 ademisses.
1356 1295 1459 1335 quas
1493 1289 1566 1320 aut
1600 1293 1723 1320 num-

285 1355 413 1395 quam
437 1340 514 1380 tibi
541 1340 609 1380 ille
629 1338 790 1379 litteras
816 1338 955 1379 misit:
989 1348 1076 1389 aut,
1099 1338 1133 1378 si
1166 1338 1298 1389 misit,
1321 1337 1364 1378 in
1387 1337 1596 1378 concione
1618 1336 1724 1377 reci-

286 1397 366 1437 tari
401 1396 568 1438 noluit:
599 1400 743 1446 44aut,
777 1395 865 1435 sive
904 1394 972 1436 ille
1010 1395 1140 1446 misit,
1174 1395 1263 1435 sive
1296 1404 1341 1435 tu
1375 1393 1567 1445 finxisti3
1609 1402 1724 1434 certe

286 1454 514 1495 consilium
537 1462 657 1494 tuum
681 1452 733 1493 de
767 1451 946 1493 Catonis
968 1452 1145 1503 honore,
1168 1451 1333 1492 illarum
1360 1451 1596 1492 litterarum
1619 1451 1725 1491 reci-

288 1512 451 1552 tatione
472 1509 735 1566 patefactum
757 1517 834 1549 est.
896 1510 978 1551 Sed
998 1510 1152 1550 omitto
1176 1508 1402 1559 Catonem,
1424 1507 1547 1562 eujus
1566 1507 1726 1548 eximia

290 1569 440 1620 virtus,
463 1567 665 1623 dignitaS,
684 1576 726 1608 et
748 1566 791 1607 in
813 1581 864 1606 eo
886 1567 1077 1622 negotio,
1096 1566 1210 1620 quod
1233 1565 1379 1622 gessit,
1398 1565 1502 1605 fides
1525 1574 1568 1605 et
1588 1565 1727 1605 conti-

292 1625 452 1676 nentia,
485 1634 628 1680 tegere
659 1624 857 1665 videntur
889 1624 1209 1679 improbitatem
1239 1633 1282 1663 et
1312 1622 1433 1677 legis,
1471 1632 1515 1662 et
1545 1621 1727 1662 actionis

228 1681 276 1716 ‘23
295 1690 393 1723 tuae.
451 1685 492 1713 45
507 1681 649 1729 Quid?
679 1680 843 1721 homini
867 1690 965 1736 post
985 1680 1179 1725 homines
1201 1689 1324 1721 natos
1352 1679 1614 1734 turpissimo,
1639 1693 1728 1720 sce-

289 1738 558 1788 leratissimo,
579 1737 1006 1788 contaminatissimo,
1029 1737 1124 1792 quis
1157 1737 1270 1778 illam
1301 1736 1490 1792 opimam
1525 1735 1728 1776 fertilem-

288 1810 371 1851 que
394 1795 577 1852 Syriam,
598 1796 694 1851 quis
728 1794 885 1837 bellum
918 1794 1201 1852 pacatissimis
1235 1793 1450 1850 gentibuS‚
1472 1793 1567 1849 quis
1599 1807 1728 1849 pecu-

335 1981 374 2010 32
398 1979 524 2009 ratione
536 1977 623 2017 zvitae]
649 1978 702 2008 Sic
716 1987 775 2018 pro
789 1978 928 2013 ratione,
941 1978 988 2007 νὶ-

1031 1978 1089 2008 bus
1117 1977 1213 2018 plena
1241 1980 1276 2008 et
1304 1978 1435 2017 propr-ia
1462 1981 1511 2006 est
1540 1975 1726 2006 sententia:

295 2025 342 2057 ta,
360 2025 397 2051 ut
411 2024 460 2051 est
476 2021 508 2049 in
521 2020 592 2049 edd.
609 2029 657 2060 pr.
674 2025 708 2050 et
723 2019 801 2050 Mss.
813 2019 988 2060 plerisque,

1031 2020 1137 2060 ‚Quem
1148 2037 1189 2042 —
1197 2019 1369 2057 objeceras,
1393 2029 1486 2059 quem
1495 2036 1537 2042 —-
1546 2017 1706 2059 objeceras
1718 2030 1727 2045 .-

295 2062 368 2093 dedi
392 2073 429 2092 ex
457 2062 529 2092 edd.
552 2062 625 2093 Ald.
648 2062 736 2093 Vict.
760 2062 904 2092 Manutii
931 2063 988 2091 ἃς.

295 2111 333 2135 ut
349 2110 383 2135 et
398 2104 544 2134 Graevius
560 2104 649 2135 fecit.
666 2104 706 2135 lu
717 2104 852 2144 vulgata
865 2104 991 2134 ratione

295 2147 378 2177 nihil
394 2150 453 2176 est.

337 2192 378 2222 35)
401 2188 468 2218 Sed
491 2188 570 2227 quid
591 2189 637 2218 ad
660 2188 704 2227 te]
739 2188 823 2218 Puto
851 2188 993 2219 scriben-

295 2233 381 2267 tum,
400 2231 465 2261 Sed
483 2230 562 2269 quid
574 2230 609 2260 id
620 2231 665 2260 ad
686 2235 728 2267 te,
741 2236 779 2260 ut
794 2231 871 2261 alibi
887 2240 992 2261 corre—

295 2282 411 2303 ximus.

336 2317 377 2345 40
398 2315 460 2344 ulli
481 2314 529 2344 rez'
546 2314 696 2354 publicae]
733 2314 785 2345 Sic
808 2314 990 2354 exprimen-

295 2355 373 2386 dum
399 2355 460 2386 hoe
482 2361 566 2393 erat,
592 2366 659 2387 non
677 2367 744 2386 uno
765 2356 863 2386 verbo
884 2357 992 2396 reipu-

296 2399 403 2431 blieoe5
439 2398 499 2428 nisi
523 2398 676 2429 excidisse
698 2398 785 2429 dicas
800 2399 914 2438 parti.
941 2397 995 2428 sed

296 2440 379 2471 illud
392 2440 583 2479 exquisitius
597 2446 658 2471 est.

339 2485 376 2513 41
409 2483 464 2521 qui
487 2483 519 2511 in
544 2483 610 2521 ipso
637 2482 766 2518 Catone,
786 2482 991 2521 quem—sub-

298 2524 455 2564 duxeras]
497 2524 560 2554 Hic·
593 2529 643 2554 est
674 2523 788 2553 vitium
823 2524 993 2561 orationis,

299 2566 385 2605 quod
397 2575 492 2595 nemo
505 2566 583 2596 vidit
596 2565 809 2606 superiorum.
826 2565 918 2596 Nihil
930 2573 991 2603 est,

299 2608 386 2647 quod
407 2607 599 2647 respondeat
613 2608 717 2637 verbis
731 2608 786 2646 qui
802 2609 836 2637 m
850 2609 916 2646 ipso
936 2607 995 2638 Ca-

301 2656 382 2680 (mle.
397 2650 465 2680 Aut
478 2650 597 2680 excidit
612 2649 745 2688 aliquid,
762 2658 798 2679 ut
812 2650 996 2679 inconstans

289 2693 407 2733 ⁸luisti,
431 2692 480 2722 vel
497 2691 600 2721 simile
614 2692 712 2731 quid;
737 2696 795 2721 aut
817 2693 871 2730 qai
887 2692 996 2722 deleu-

301 2734 380 2764 ‹lum
415 2738 477 2763 est.
523 2734 651 2764 Deinde
689 2738 848 2772 punctum
885 2734 996 2774 scrip-si

302 2783 377 2817 post
402 2776 614 2807 subduxeras.
658 2774 746 2806 Nam
774 2775 807 2805 in
833 2777 997 2815 sequenti-

1032 2064 1118 2092 hunc
1134 2063 1191 2092 &m
1210 2062 1280 2092 Pro
1295 2062 1386 2092 illius
1399 2062 1561 2100 dignitate
1575 2065 1637 2097 est,
1654 2070 1725 2100 pro-

1034 2111 1107 2144 pter
1128 2104 1217 2134 illius
1230 2105 1262 2134 d.
1277 2109 1311 2134 et
1333 2105 1379 2134 sic
1387 2113 1451 2144 pro
1471 2105 1588 2134 scelere
1609 2106 1663 2133 tuo
1676 2113 1731 2133 ac-

1037 2146 1234 2187 cipiendum.

1077 2191 1118 2219 42
1141 2190 1314 2220 tribunatu
1342 2187 1410 2227 tuo]
1450 2186 1580 2218 Excidit
1602 2194 1728 2226 praepo-

1035 2240 1111 2261 smo
1127 2241 1159 2261 a.

1076 2276 1116 2304 43
1138 2272 1222 2312 quod
1241 2271 1568 2302 idem—libertatem
1590 2270 1727 2301 ademis-

1033 2315 1104 2354 ses.]
1119 2315 1257 2345 Ursinus
1270 2314 1404 2352 corrigit
1417 2314 1519 2344 eidem
1532 2323 1576 2343 sc.
1590 2312 1729 2350 Catoni3

1036 2357 1223 2388 libertatem
1239 2355 1435 2394 obloquendi
1451 2356 1501 2392 iis,
1518 2355 1571 2394 qui
1588 2359 1728 2394 potesta-

1038 2404 1106 2429 tem
1129 2397 1418 2429 extraordinariam
1436 2398 1511 2427 dare
1533 2397 1656 2427 vellent
1679 2395 1729 2426 vel

1039 2445 1199 2482 peterent.
1217 2440 1307 2470 bene.
1322 2440 1375 2469 Sic
1390 2445 1423 2469 et
1439 2439 1657 2470 Guilielmius.

1077 2485 1119 2513 4⁴
1140 2487 1212 2518 aut,
1226 2483 1291 2512 sive
1305 2483 1360 2511 ille
1376 2481 1435 2520 m.]
1469 2482 1537 2512 Aac
1555 2480 1662 2511 locum
1676 2479 1728 2510 hic

1037 2535 1103 2555 nou
1120 2524 1230 2555 habet.
1273 2524 1381 2554 Debet
1395 2533 1463 2554 esse
1477 2527 1526 2559 at,
1542 2523 1590 2553 vel
1606 2523 1671 2553 sed.

1079 2569 1118 2597 45
1153 2566 1238 2606 Quis
1259 2565 1477 2605 provinciam]
1517 2565 1631 2595 Deleri
1653 2574 1729 2604 pro-

1037 2609 1193 2646 vinciam,
1208 2607 1293 2647 quod
1315 2609 1348 2638 in
1365 2607 1456 2638 nullo
1480 2607 1597 2638 Codice
1613 2606 1730 2647 reperi-

1037 2655 1105 2686 tur,
1123 2660 1182 2680 nec
1205 2657 1254 2680 est
1276 2651 1308 2680 in
1332 2649 1402 2680 edd.
1425 2659 1472 2689 pr.
1496 2649 1622 2679 Primus
1642 2649 1732 2679 addi-

1037 2692 1211 2729 ditJunta,
1226 2692 1390 2730 secutique
1403 2695 1480 2722 sunt
1494 2691 1556 2725 hoc
1571 2691 1624 2721 alii
1642 2697 1730 2730 post-

1038 2744 1087 2764 ea.
1130 2734 1256 2764 Deinde
1284 2744 1340 2773 pro
1366 2733 1452 2773 Quis
1478 2729 1621 2773 rescripsi
1637 2733 1728 2774 Quid

1039 2787 1077 2806 ex
1091 2776 1163 2807 edd.
1178 2787 1225 2817 pr.
1239 2777 1279 2807 R.
1297 2778 1384 2806 1480.
1399 2776 1454 2806 ΒΓ.
1473 2775 1529 2806 ἃς.
