1785 3185
257 92 357 126 1340
844 86 1085 125 ORATIO

256 190 419 242 haberi,
443 197 570 246 prout
600 188 746 231 haberi
769 189 862 246 lege
889 191 1049 241 liceret,
1080 190 1113 230 si
1144 204 1255 231 anno
1278 190 1493 245 superiore
1516 199 1672 247 praetor

193 243 421 288 ⁴7fuisset.
482 246 599 293 Quid
633 255 698 287 est
731 247 860 298 enim,
893 257 1032 303 patres
1064 247 1311 302 conscripti,
1345 262 1420 288 cur
1456 262 1551 288 eum
1586 262 1672 288 non

255 319 383 359 quam
405 303 591 360 primum
612 303 895 359 amplissimos
917 305 1097 344 honores
1118 318 1268 359 capere
1289 304 1538 359 cupiamus?
1594 304 1673 344 Le-

252 362 380 417 gibus
409 361 524 401 enim
544 360 765 402 annalibus
794 375 891 401 cum
914 361 1181 414 grandiorem
1206 370 1375 402 aetatein
1405 361 1456 401 ad
1480 360 1673 401 consula-

252 428 345 459 tum
381 418 715 467 constituebant,
753 417 1049 457 adolescentiae
1085 418 1364 458 temeritatem
1407 419 1672 459 verebantur.

253 475 307 517 C.
346 475 491 516 Caesar
527 475 699 515 ineunte
737 482 864 514 aetate
901 473 1061 523 docuit,
1083 475 1138 514 ab
1172 474 1397 515 excellenti
1429 475 1673 529 eximiaque

253 533 411 574 virtute
430 545 697 587 progressum
721 530 860 570 aetatis
881 530 1121 584 exspectari
1144 545 1228 570 non
1251 541 1460 586 oportere.
1521 531 1672 586 Itaque

252 590 436 644 majores
458 588 606 638 nostri,
628 599 786 627 veteres
810 585 883 636 illi,
907 586 1136 627 admodum
1159 587 1339 642 antiqui,
1361 587 1474 641 leges
1501 587 1671 628 annales

253 661 339 688 non
362 646 603 686 habebant:
635 657 739 698 quas
769 642 913 683 multis
947 652 1043 698 post
1074 644 1195 683 annis
1227 644 1371 684 attulit
1399 645 1594 694 ambitio,
1625 653 1672 685 ut

256 703 411 758 gradus
439 710 578 741 essent
613 700 831 755 petitionis
856 699 963 739 inter
985 700 1181 754 aequales.
1214 700 1274 740 ita
1295 714 1407 755 saepe
1430 715 1585 756 magna
1608 700 1672 740 in-

258 760 373 800 doles
397 758 579 807 virtutis,
604 756 848 812 priusquam
871 755 1116 812 reipublicae
1137 757 1333 812 prodesse
1357 757 1576 812 potuisset,
1598 772 1675 798 ex-

197 818 417 859 4sstincia
455 815 549 855 fuit.
596 813 655 854 At
695 827 792 854 vero
831 813 943 868 apud
974 814 1186 868 antiquos,
1224 813 1354 863 Rulli,
1395 813 1534 865 Decii,
1567 814 1673 855 Cor-

260 874 362 923 vini,
401 872 608 925 multique
639 869 733 910 alii:
779 870 1012 910 recentiore
1049 880 1192 911 autem
1223 871 1441 921 memoria,
1483 872 1674 926 superior

256 929 500 978 Africanus,
533 927 582 968 T.
608 926 885 976 Flamininus,
907 926 1139 968 admodum
1164 927 1450 968 adolescentes
1481 927 1674 969 consules

255 987 374 1037 faeti,
417 995 555 1026 tantas
588 998 652 1024 res
690 992 925 1039 gesserunt,
961 993 1008 1023 ut
1048 984 1191 1039 populi
1227 985 1409 1025 Romani
1446 985 1670 1041 imperium

257 1043 488 1092 auxerint,
517 1055 672 1082 nomen
714 1041 917 1081 ornarint.
985 1040 1130 1086 Quid?
1182 1041 1366 1083 Macedo
1417 1041 1674 1091 Alexander,

258 1115 355 1142 cuin
391 1101 444 1140 ab
472 1099 643 1138 ineunte
668 1106 794 1138 aetate
823 1113 885 1137 res
911 1097 1118 1138 maximas
1151 1112 1295 1154 gerere
1326 1099 1543 1154 coepisset,
1566 1114 1673 1140 non-

259 1172 312 1198 ne
347 1156 472 1196 tertio
509 1166 551 1196 et
587 1154 801 1195 tricesimo
839 1169 950 1195 anno
984 1165 1165 1195 mortem
1207 1155 1346 1197 obiit?
1387 1171 1482 1210 qua:
1521 1166 1585 1196 est
1619 1172 1675 1198 a*-

261 1225 325 1254 tas
358 1212 512 1254 nostris
542 1211 707 1267 legibus
742 1211 888 1252 decem
922 1211 1042 1251 annis
1078 1212 1231 1262 minor,
1262 1226 1389 1267 quam
1424 1212 1671 1254 consularis.

261 1285 315 1311 ex
352 1285 436 1325 quo
462 1269 648 1325 judicari
691 1277 845 1324 potest,
886 1268 1054 1309 virtutis
1091 1283 1195 1319 esse,
1236 1284 1362 1323 quain
1401 1269 1541 1319 aetatis
1578 1285 1673 1312 cur-

182 1333 248 1381 18
263 1342 355 1368 sum
388 1327 646 1368 celeriorem.
707 1325 819 1366 Nam
849 1325 962 1380 quod
1003 1325 1047 1376 ii,
1084 1326 1157 1380 qui
1192 1325 1350 1366 Caesari
1386 1317 1592 1377 invident,
1620 1327 1675 1368 si-

259 1384 438 1435 mulant,
461 1398 503 1424 se
540 1384 700 1433 timere,
724 1397 775 1422 ne
808 1382 1037 1423 verendum
1071 1382 1242 1437 quidem
1275 1390 1354 1433 est,
1384 1392 1431 1423 ut
1464 1392 1605 1425 tenere
1631 1398 1675 1425 se

260 1442 409 1498 possit,
429 1450 476 1482 ut
496 1440 720 1490 moderari,
739 1439 790 1480 de
808 1438 1042 1481 honoribus
1064 1440 1218 1480 nostris
1238 1439 1373 1480 elatus
1394 1440 1521 1480 intem
1531 1456 1677 1496 peran-

198 1508 248 1542 49
263 1500 346 1540 tius
369 1499 454 1539 suis
477 1498 630 1554 opibus
664 1506 822 1537 utatur.
884 1496 946 1537 Ea
978 1505 1128 1537 natura
1151 1511 1287 1538 rerum
1315 1506 1393 1547 est,
1416 1507 1555 1552 patres
1577 1513 1678 1539 con-

128 1566 162 1596 P·
177 1556 423 1612 20⁴·sc1·ipti‚
454 1565 514 1605 ut,
548 1554 618 1609 qui
654 1568 820 1594 sensum
853 1567 965 1594 verae
998 1553 1146 1609 gloriae
1177 1554 1350 1610 ceperit,
1371 1555 1529 1609 quique
1560 1570 1603 1595 se
1624 1557 1678 1597 ab

217 1608 422 1663 a'senati1,
445 1613 499 1653 ab
534 1611 764 1666 equitibus,
789 1610 1030 1666 populoque
1064 1610 1261 1652 Romano
1284 1612 1479 1652 universo
1503 1613 1681 1653 senserit

255 1671 395 1712 civem
430 1683 573 1710 carum
607 1668 768 1718 haberi,
801 1668 1110 1723 salutaremque
1141 1668 1403 1723 reipublicae,
1441 1668 1547 1710 nihil
1579 1684 1677 1710 cum

256 1728 338 1769 hac
372 1726 507 1783 gloria
528 1725 862 1781 comparandum
893 1735 1027 1780 putet.
1087 1724 1263 1765 Utinam
1295 1725 1347 1766 C.
1370 1725 1544 1776 Caesari,
1568 1727 1676 1782 patri

257 1785 370 1835 dieo,
392 1782 644 1838 contigisset
676 1781 948 1831 adolescenti,
972 1792 1018 1822 ut
1038 1791 1148 1822 esset
1179 1783 1343 1823 senatui
1365 1792 1492 1837 atque
1513 1785 1678 1838 optimo

257 1842 412 1897 cuique
433 1840 698 1881 carissimus!
731 1838 844 1893 quod
863 1854 959 1880 cum
980 1838 1181 1893 consequi
1206 1839 1489 1895 neglexisset:
1509 1854 1679 1881 omnem

256 1899 345 1939 vim
370 1897 552 1953 ingenii,
575 1912 669 1951 quae.
693 1910 857 1936 summa
890 1896 972 1936 fuit
1003 1896 1045 1936 in
1085 1896 1170 1945 illo,
1204 1895 1247 1935 in
1278 1896 1471 1951 populari
1506 1895 1680 1938 levitate

257 1956 507 1997 consumsit.
552 1953 701 2009 Itaque
723 1967 820 1993 euni
840 1962 1077 2008 respectum
1102 1953 1152 1993 ad
1174 1963 1382 2004 senatum,
1404 1962 1446 1994 et
1468 1952 1520 1994 ad
1544 1955 1679 1995 bonos

257 2028 342 2053 non
365 2012 555 2061 haberet,
581 2025 674 2051 eain
698 2010 777 2050 sibi
803 2010 912 2050 viam
933 2010 1023 2065 ipse
1045 2009 1247 2065 pate-fecit
1269 2010 1319 2051 ad
1350 2025 1452 2065 opes
1475 2026 1568 2051 suas
1590 2026 1680 2052 am-

258 2069 522 2125 plificandas,
542 2082 667 2122 quain
694 2067 825 2107 virtus
844 2067 964 2107 liberi
988 2067 1135 2122 populi
1158 2067 1265 2107 ferre
1288 2081 1372 2107 non
1393 2078 1549 2122 posset.
1575 2067 1681 2123 Ejus

259 2137 400 2166 autem
433 2126 508 2166 filii
530 2124 777 2180 longissime
797 2124 964 2164 diversa
986 2125 1118 2165 ratio:
1150 2124 1221 2178 qui
1251 2139 1348 2165 eum
1375 2125 1572 2166 omnibus
1601 2136 1681 2175 est,

261 2194 351 2224 tum
374 2183 540 2238 optimo
562 2183 716 2236 cuique
738 2181 994 2222 carissimus.
1055 2180 1105 2221 In
1129 2179 1211 2221 hoc
1229 2195 1324 2237 spes
1341 2180 1547 2222 libertatis
1568 2183 1680 2236 posi-

262 2249 306 2281 ta
327 2250 416 2280 est:
449 2240 503 2279 ab
533 2239 614 2280 hoc
636 2248 813 2293 accepta
837 2238 930 2292 jain
954 2238 1088 2278 salus:
1131 2237 1231 2278 huic
1253 2238 1405 2278 summi
1434 2237 1614 2279 honores
1637 2249 1679 2279 et

198 2300 249 2334 50
260 2297 557 2352 exquiruntur,
578 2306 622 2336 et
651 2296 786 2351 parati
820 2303 932 2336 sunt.
993 2295 1128 2350 Cujus
1152 2295 1281 2351 igitur
1303 2295 1557 2350 singularem
1582 2310 1680 2351 pru.-

261 2453 328 2474 esse
341 2442 447 2478 debet,
461 2442 485 2471 si
499 2441 724 2472 antecedentia
737 2441 868 2481 quidem
880 2450 950 2481 spe-
992 2450 1062 2470 rani
1079 2442 1198 2481 recepit
1214 2441 1357 2471 Grau-'ius
1371 2452 1378 2470 :
1395 2439 1479 2479 quod
1491 2450 1554 2470 non
1572 2450 1680 2471 neces-

262 2492 343 2521 αρε,
359 2489 416 2514 aut
438 2489 613 2524 appeteret,
630 2485 705 2523 quia
719 2484 865 2521 sequitur
879 2485 950 2513 lice·
993 2492 1024 2513 se
1040 2489 1120 2513 erat.
1165 2483 1301 2513 l’lnralis
1319 2484 1350 2512 in
1369 2482 1427 2512 liae
1442 2492 1474 2512 re
1489 2488 1538 2512 cst
1552 2484 1680 2514 usitati-

261 2532 322 2557 φεῖ.
347 2526 408 2556 hoc
423 2531 551 2556 secutus
565 2536 646 2556 suni.
690 2526 815 2555 vitium
831 2536 848 2554 e
863 2535 950 2555 eoni-
993 2535 1040 2560 or,
1057 2524 1110 2554 sod
1126 2535 1190 2554 non
1207 2526 1412 2555 necessarius.
1459 2524 1606 2564 Denique
1623 2536 1680 2565 pro

261 2569 379 2609 pendio
394 2573 504 2598 ortum
525 2572 585 2598 est.
632 2570 784 2598 Cetei-nin
801 2567 950 2597 usitatius
972 2571 1126 2606 ‚qius-§lor
1150 2568 1294 2605 rescripsi
1312 2571 1444 2606 pretor,
1471 2572 1508 2596 ut
1540 2568 1680 2606 conjecit

260 2617 331 2642 erat
357 2615 494 2650 peteret,
526 2609 611 2649 quod
639 2610 671 2639 in
706 2610 949 2648 magistratibus
986 2609 1056 2648 jani
1071 2609 1217 2639 Ursinus.
1234 2608 1319 2639 Nam
1335 2610 1447 2647 quiesi>
1461 2616 1679 2648 propraetore‚

258 2663 386 2693 semper
401 2652 530 2689 dicitur,
547 2661 612 2681 non
635 2656 783 2691 appetere
794 2663 803 2679 :
825 2655 858 2681 et
880 2651 949 2690 ejus
992 2655 1023 2679 et
1034 2652 1228 2680 sententiam
1244 2651 1277 2680 in
1292 2658 1407 2681 senatu
1421 2651 1499 2680 dicit.
1513 2651 1584 2681 loco
1598 2661 1679 2691 prae-

259 2695 347 2725 vei-bi
363 2695 497 2733 vestigia
512 2695 544 2723 in
558 2693 634 2724 Vat.
650 2698 777 2733 reperta
790 2698 878 2724 sunt.
904 2694 950 2723 Ex
993 2693 1098 2723 torio:
1128 2693 1289 2731 quomodo
1315 2694 1482 2731 quaestoris
1508 2693 1603 2723 modo
1622 2694 1680 2732 jus

257 2737 403 2777 ejusdem
428 2736 571 2775 vestigiis
594 2737 745 2769 Muretus
767 2735 947 2774 corrigebat
972 2735 1024 2771 ‚in
1048 2735 1193 2775 petendis
1217 2735 1393 2765 honoribus
1415 2735 1532 2765 habere
1556 2738 1678 2775 potest,

251 2789 315 2818 per
329 2781 413 2819 leges
437 2780 557 2814 lice-ret,
579 2787 624 2809 se.
641 2778 722 2818 quia
745 2780 829 2816 leges
843 2778 949 2807 inerat
992 2781 1029 2806 ut
1050 2776 1150 2807 aedilis
1173 2777 1293 2807 curulis
1316 2777 1384 2806 sieri
1401 2777 1525 2816 possit?
1573 2777 1680 2808 Immo

257 2831 316 2862 pro
339 2823 420 2860 lege,
436 2821 490 2852 sed
512 2821 580 2851 sine
591 2831 664 2861 per.
687 2830 759 2852 cam
785 2819 949 2861 conjectu-
991 2819 1178 2850 consulatus
1192 2819 1386 2861 petendijus
1401 2819 1534 2859 aceepit.
