1785 3185
247 131 344 166 1198
834 126 1078 166 ORATIO

247 238 317 271 tur
349 229 579 272 Postumus
609 239 674 272 est
705 245 756 272 ea
785 230 894 287 lege,
926 247 1011 287 qua
1040 246 1125 273 non
1156 230 1285 273 modo
1322 230 1428 288 ipse,
1461 231 1532 274 sed
1562 236 1679 276 totus

201 283 378 337 6etiam
409 288 514 330 ordo
545 288 706 330 solutus
739 303 788 329 ac
820 289 927 330 liber
963 299 1041 330 est.
1104 289 1191 331 Hic
1221 304 1302 345 ego
1334 304 1448 330 nunc
1482 303 1569 330 non
1601 302 1680 330 vos

189 361 234 393 13
250 344 365 400 prius
384 345 639 400 implorabo,
658 346 821 400 equites
845 346 1046 397 Romani,
1066 361 1247 400 quorum
1263 347 1336 400 jus
1352 346 1521 402 judicio
1542 353 1680 386 tenta-

249 412 332 453 tur,
354 417 480 457 quam
509 417 581 443 vos
604 411 834 454 senatores,
855 418 1037 458 quorum
1060 404 1201 459 agitur
1225 403 1328 444 fides
1360 403 1403 443 in
1431 403 1545 444 hunc
1567 402 1684 442 ordi-
1707 438 1716 443 ,

250 472 373 500 nem:
406 474 501 515 quae
526 459 698 514 quidem
720 474 817 500 cum
850 474 965 514 saepe
995 469 1108 510 ante,
1132 469 1220 500 tum
1254 461 1297 500 in
1331 459 1411 500 hac
1442 460 1535 515 ipsa
1555 473 1685 500 causa

249 529 385 571 nuper
406 526 470 557 est
491 517 680 572 cognita.
705 531 803 557 nam
824 530 937 566 cum,
957 517 1123 572 optimo
1143 525 1184 556 et
1206 516 1561 571 praestantissimo
1579 529 1684 557 con-

250 572 339 613 sule
362 572 445 614 Cn.
464 573 687 629 Pompeio,
709 573 762 613 de
784 573 864 613 hac
887 572 980 628 ipsa
1000 573 1239 628 quaestione
1262 573 1484 624 referente,
1503 573 1685 614 exsiste-

251 639 345 670 rent
366 629 597 680 nonnullae,
620 629 690 670 sed
715 643 941 685 perpaucae
964 638 1107 670 tamen
1138 630 1303 670 acerbas
1327 630 1566 681 sententiae,
1588 643 1686 683 quae

252 695 487 737 censerent,
521 697 569 726 ut
602 686 778 736 tribuni,
813 695 859 726 ut
897 686 1104 741 praefecti,
1142 695 1189 726 ut
1223 686 1391 736 seribae,
1429 695 1477 726 ut
1506 686 1687 727 comites

119 763 151 800 p.
173 758 402 789 maotnnes
441 743 783 798 magistratuum,
814 742 908 799 lege
951 743 1030 784 hac
1064 752 1332 784 tenerentur:
1365 756 1455 794 VOS,
1494 756 1585 794 vos,
1622 741 1689 782 in-

212 812 397 855 a·quam,
421 800 500 856 ipsi
523 810 566 840 et
587 809 757 840 senatus
781 799 977 855 frequens
1010 800 1188 841 restitit:
1220 810 1277 850 et,
1299 814 1556 855 quamquam
1582 807 1689 848 tum,

255 867 430 912 propter
453 857 682 897 multorum
707 856 877 907 delicta,
901 857 1026 898 etiam
1051 857 1102 898 ad
1126 857 1420 898 innocentium
1452 855 1690 912 periculum

257 924 426 970 tempus
450 914 550 954 illud
575 924 805 964 exarserat,
829 923 987 964 tamen,
1011 928 1107 955 cum
1130 914 1275 955 odium
1299 929 1382 954 non
1408 913 1692 969 restinguere·

199 972 326 1021 14tiS,
358 971 458 1011 huic
489 970 627 1011 ordini
664 971 806 1026 ignem
847 985 1006 1011 novum
1046 971 1199 1024 subjici
1237 985 1322 1011 non
1353 971 1527 1011 sivistis.
1587 969 1691 1011 Hoc

256 1028 400 1068 animo
423 1028 555 1083 igitur
578 1039 762 1068 senatus.
793 1027 921 1082 quid?
954 1041 1027 1068 vos
1049 1028 1213 1082 equites
1246 1027 1447 1078 Romani,
1470 1027 1571 1082 quid
1598 1036 1693 1067 tan-

253 1085 352 1125 dem
375 1085 476 1124 estis
511 1084 676 1125 acturi?
719 1084 903 1125 Glaucia
933 1085 1111 1136 solebat,
1142 1085 1271 1125 homo
1295 1086 1501 1140 impuruS,
1532 1083 1603 1125 sed
1629 1093 1693 1123 ta-

254 1155 354 1182 men
377 1150 542 1191 acutus,
570 1141 775 1196 populum
805 1156 993 1192 monere,
1016 1151 1077 1191 ut,
1100 1156 1197 1182 cum
1230 1141 1297 1182 lex
1329 1141 1470 1196 aliqua
1491 1141 1690 1182 recitare-

255 1207 340 1248 tur,
375 1198 557 1253 primum
593 1212 760 1239 versum
796 1198 1058 1239 attenderet:
1093 1200 1126 1240 si
1158 1208 1269 1240 esset
1298 1199 1497 1248 dictator,
1529 1196 1694 1247 consul,

257 1265 432 1310 praetor,
454 1256 659 1310 magister
679 1255 889 1310 equitum,
920 1270 973 1296 ne
1005 1255 1240 1308 laboraret3
1273 1256 1399 1296 sciret
1429 1255 1535 1296 nihil
1566 1255 1618 1296 ad
1651 1268 1697 1294 se

258 1311 486 1366 pertinere,
509 1313 573 1352 sin
595 1321 753 1363 autem,
777 1324 1076 1364 QuicuMQUE
1104 1326 1224 1354 POST
1250 1326 1382 1354 HANG
1408 1325 1600 1354 LEGEM2
1634 1311 1698 1352 vi-

202 1369 247 1403 15
260 1368 393 1419 deret,
416 1383 468 1409 ne
489 1383 574 1424 qua
594 1384 707 1410 nova
729 1370 968 1424 quaestione
994 1369 1253 1426 alligaretur.
1316 1370 1444 1410 Nunc
1467 1383 1556 1420 VOS,
1578 1368 1702 1423 equi-

261 1434 324 1466 tes
346 1424 550 1476 Romani,
574 1426 728 1467 videte.
765 1426 897 1477 scitis,
928 1441 996 1467 me
1026 1438 1168 1468 ortum
1189 1441 1214 1468 e
1236 1427 1382 1468 vobis:
1415 1426 1561 1467 omnia
1590 1439 1699 1466 sem-

261 1497 338 1537 per
376 1483 554 1523 sensisse
586 1498 662 1539 pro
693 1484 839 1524 vobis:
872 1483 977 1524 nihil
1015 1483 1169 1525 horum
1204 1484 1295 1525 sine
1334 1498 1490 1539 magna
1523 1497 1625 1524 cura
1655 1490 1700 1522 et

262 1553 432 1580 summa
454 1540 632 1580 caritate
658 1540 786 1581 vestri
810 1541 971 1583 ordinis
992 1540 1157 1596 loquor.
1181 1541 1287 1582 alius
1310 1541 1414 1581 alios
1442 1540 1637 1581 homines
1659 1547 1703 1580 et

266 1596 463 1648 ordines;
494 1611 577 1652 ego
600 1612 674 1637 vos
697 1611 862 1653 semper
884 1598 1134 1654 complexus
1157 1613 1265 1639 sum.
1296 1612 1451 1639 moneo
1473 1608 1516 1638 et
1548 1596 1704 1653 praedi-

266 1667 344 1694 co:
378 1653 546 1709 integra
576 1668 619 1695 re
654 1669 866 1711 causaque
896 1655 1125 1696 denuntio:
1158 1669 1306 1697 omnes
1336 1655 1546 1703 homines,
1579 1654 1704 1694 deos-

269 1723 352 1764 que
383 1719 540 1752 testor:
573 1711 675 1751 dum
706 1712 900 1767 potestiS,
931 1712 1032 1752 dum
1066 1712 1178 1763 licet,
1211 1712 1446 1768 providete,
1474 1726 1528 1752 ne
1561 1711 1705 1752 durio-

269 1781 358 1807 rem
397 1768 518 1808 vobis
554 1768 848 1810 conditionem
881 1769 1093 1820 statuatis,
1133 1769 1357 1824 ordinique
1390 1778 1546 1818 vestro,
1577 1781 1707 1823 quam

270 1824 380 1864 ferre
404 1825 553 1879 possit.
576 1835 717 1881 serpet
739 1825 822 1866 hoc
843 1825 1000 1867 malum
1020 1826 1146 1879 (mihi
1167 1826 1346 1877 credite)
1369 1825 1554 1881 longius,
1576 1838 1706 1880 quam

225 1869 449 1936 7putatis.
512 1881 821 1923 Potentissimo
852 1893 896 1923 et
929 1883 1196 1925 nobilissimo
1235 1884 1408 1925 tribuno
1449 1882 1599 1938 plebis,
1636 1881 1705 1922 M.

215 1939 260 1971 16
276 1936 434 1988 Druso,
460 1953 585 1979 unam
618 1940 658 1979 in
683 1950 920 1994 equestrem
943 1940 1135 1982 ordinem
1156 1941 1441 1996 quaestionem
1463 1938 1631 1989 ferenti,
1663 1950 1706 1980 sl

276 2007 389 2046 Quis
422 2009 484 2035 on
520 2009 621 2037 REM
658 2009 945 2038 JUDICATAM
975 2011 1238 2039 PEcuNrAM
1272 2010 1532 2039 CEPISSET:
1565 2004 1711 2052 aperte

274 2052 439 2105 equites
479 2052 666 2094 Romani
698 2053 959 2094 restiterunt.
1021 2055 1163 2101 Quid?
1198 2055 1281 2096 hoc
1319 2054 1444 2096 licere
1481 2053 1712 2094 volebant?

278 2108 476 2150 minime:
512 2124 647 2164 neque
675 2110 812 2151 solum
835 2111 918 2153 hoc
948 2125 1082 2168 genus
1114 2112 1307 2168 pecunia:
1329 2110 1550 2167 capiendae
1573 2120 1712 2166 turpe,

276 2165 348 2205 sed
370 2166 499 2206 etiarn
521 2167 731 2207 nefarium
755 2168 1086 2210 arbitrabantur.
1116 2179 1306 2210 attamen
1336 2169 1397 2209 ita
1417 2168 1712 2223 disputabant,

276 2236 348 2262 eos
369 2223 503 2262 teneri
524 2223 691 2279 legibus
714 2233 926 2279 oportere,
944 2227 1018 2280 qui
1038 2225 1296 2282 suojudicio
1313 2233 1453 2266 essent
1474 2225 1589 2266 illam
1608 2239 1714 2266 con-

279 2278 485 2319 ditionem
513 2281 613 2322 vitae
636 2282 787 2322 secuti.
808 2281 994 2323 delectat
1014 2283 1301 2339 amplissimus
1323 2281 1510 2324 civitatis
1541 2282 1714 2338 gradus,

280 2334 381 2376 sella
411 2336 583 2388 curulis,
617 2335 768 2389 fasces,
800 2338 992 2395 imperia,
1021 2340 1271 2396 provinciae,
1291 2339 1541 2390 sacerdotia,
1564 2339 1715 2380 trium-

281 2391 373 2449 phi,
395 2392 579 2447 denique
601 2393 744 2450 imago
768 2395 873 2449 ipsa,
897 2396 949 2437 ad
976 2396 1237 2452 posteritatis
1259 2397 1509 2437 memoriam
1532 2396 1716 2452 prodita.

225 2450 271 2488 17
286 2448 363 2489 Est
394 2449 519 2491 simul
540 2450 670 2490 etiam
702 2451 943 2493 sollicitudo
967 2454 1122 2509 aliqua,
1144 2463 1188 2495 et
1216 2454 1360 2509 legum
1382 2462 1426 2494 et
1449 2453 1717 2509 judiciorum

241 2513 272 2544 b·
285 2505 422 2560 major
443 2506 616 2561 quidam
640 2516 793 2549 metus.
824 2524 901 2550 nos
934 2510 1015 2551 ista
1035 2525 1269 2566 numquam
1289 2511 1597 2551 contemsimus
1618 2527 1627 2551 :
1659 2510 1721 2550 ita

283 2563 396 2603 enim
421 2563 723 2619 disputabant:
757 2566 828 2606 sed
859 2566 971 2608 hanc
996 2568 1127 2608 vitam
1156 2568 1344 2622 quietam
1377 2577 1505 2623 atque
1534 2567 1718 2609 otiosam
1772 2596 1774 2601 .

284 2619 419 2660 secuti
442 2634 602 2662 sumus,
624 2636 719 2676 quae
743 2623 946 2676 quoniam
969 2624 1130 2665 honore
1151 2634 1281 2676 caret,
1303 2635 1445 2666 careat
1467 2625 1595 2666 etiam
1630 2638 1720 2664 mo—

283 2674 418 2718 lestia.
477 2676 638 2718 2⁴Tam
670 2693 714 2719 cs
752 2688 796 2720 tu
820 2679 974 2734 judex,
1005 2696 1133 2736 quam
1164 2696 1245 2738 ego
1286 2693 1469 2723 senator.
1532 2681 1600 2722 Ita
1628 2690 1717 2721 est:
1769 2686 1772 2711 ἑ

325 2791 366 2819 24
383 2788 468 2819 Tam
489 2798 522 2819 es
544 2793 579 2819 ειι
594 2788 702 2830 juder
717 2789 792 2830 &eq
819 2790 878 2820 Est
900 2792 980 2830 obii-
1023 2801 1090 2823 non
1104 2797 1227 2824 temere
1242 2794 1283 2824 ob
1300 2793 1418 2833 legem,
1433 2803 1504 2832 quae
1519 2791 1723 2824 senatoribus
1766 2827 1768 2833 γ

284 2831 399 2860 cientis
415 2833 585 2862 senatoris.
615 2832 693 2862 Mox
709 2833 792 2863 forte
805 2832 980 2872 legendum
1023 2835 1144 2875 scripta
1161 2841 1219 2866 est.

286 2873 380 2910 leg-es.
396 2883 512 2913 nempe
535 2873 621 2913 leges
636 2874 793 2906 timendae
811 2881 902 2913 sunt,
925 2876 980 2907 sed
