1785 3185
564 101 684 140 PRO
710 101 758 140 Q.
787 99 1053 138 LIGARIO.
1431 98 1531 134 1225

91 202 250 258 lratis,
280 219 335 248 an
374 212 421 247 ut
451 219 551 246 cum
582 205 709 245 bonis
741 204 909 245 civibus
948 199 1381 244 cauvennetrMihi
1417 214 1596 250 vero,19

96 221 257 314 gaasar,
290 273 363 304 tua
394 263 436 302 in
467 276 536 302 me
575 263 766 302 maxima
802 261 968 310 merita,
1002 269 1121 298 tanta
1152 268 1266 298 certe
1298 273 1382 298 non
1418 258 1533 298 vide-

92 331 252 370 rentur,
287 321 320 360 si
356 332 438 368 me,
471 328 517 359 ut
551 318 819 366 sceleratum,
855 332 880 357 a
914 327 954 357 te
988 326 1286 356 conservatum
1323 326 1534 370 putarem.

97 378 330 425 Quomodo
361 385 502 417 autem
538 385 580 416 tu
614 376 666 415 (le
698 373 917 430 republica
950 373 1234 414 benemeritus
1250 386 1386 430 esses,
1412 374 1444 411 si
1471 384 1537 412 toi,

94 434 319 476 sceleratos
358 433 560 474 incolumi
601 433 815 488 dignitate
849 444 939 471 essc
975 430 1206 470 voluisses?
1241 429 1536 469 Secessionem

94 502 140 532 tu
173 491 285 532 illam
319 490 640 540 existimavisti,
666 489 826 539 Caesar,
851 488 991 538 initio,
1013 502 1100 528 non
1137 486 1317 526 bellum:
1352 499 1437 525 non
1461 486 1538 526 ho·-

95 549 190 589 stile
213 548 375 597 odium,
399 548 469 588 sed
494 548 619 587 civile
644 546 883 595 dissidium,
909 546 1099 599 utrisque
1121 543 1396 598 cupientibus
1429 557 1538 583 rem-

98 605 318 662 publicam
334 605 508 655 salvam,
530 605 599 645 sed
626 604 778 659 partim
801 603 1006 653 consiliis,
1030 601 1182 657 partim
1205 600 1356 640 studiis
1376 614 1400 639 a
1419 613 1539 640 com-

97 663 218 703 muni
242 661 427 703 utilitate
450 662 760 703 aberrantibus.
815 660 1066 715 Principum
1091 658 1279 713 dignitas
1302 666 1392 697 erat
1415 671 1539 712 paene

98 734 201 776 par:
236 734 319 760 non
354 733 429 775 par
462 719 639 760 fortasse
661 732 823 767 eorum,
846 718 917 772 qui
952 717 1263 771 sequebantur:
1295 729 1424 755 causa
1447 726 1540 755 tum

103 777 250 827 dubia,
269 777 382 832 quod
404 785 492 816 erat
511 775 670 830 aliquid
695 775 737 814 in
759 785 937 828 utraque
960 773 1220 829 parte,quod
1247 772 1414 827 probari
1442 786 1540 827 pos-

103 845 191 876 set:
216 849 328 875 nunc
352 832 499 873 melior
521 842 634 873 certe
656 831 959 886 eajudicanda
981 843 1059 881 est,
1079 845 1206 884 quam
1230 829 1357 869 etiam
1382 830 1438 870 dii
1464 830 1539 870 acl-

93 890 318 947 juverunt.
351 889 541 945 Cognita
564 903 662 929 vcro
685 889 912 929 clementia
945 898 1031 938 tua,
1053 889 1147 942 quis
1174 901 1258 927 non
1282 900 1376 927 eam
1401 887 1539 928 victo-

105 950 210 989 riam
237 947 404 1004 probet,
427 948 470 987 in
492 961 576 1001 qua
604 946 811 987 occiderit
842 960 982 995 nemo,
1006 945 1086 985 nisi
1117 947 1335 986 armatus?
1368 944 1467 995 Sed,
1492 953 1535 984 ut
1552 939 1584 993 7
1610 942 1612 945 ’

102 1005 299 1046 omittam
322 1017 594 1044 communem
617 1017 803 1052 causam,
824 1003 1043 1043 veniamus
1066 1002 1118 1042 ad
1141 1012 1345 1042 nostram.
1384 1001 1537 1042 [jn-um
1551 1011 1604 1044 20

104 1062 278 1103 tandem
305 1061 527 1101 existimas
551 1060 717 1101 facilius
739 1059 884 1111 fuisse,
906 1059 1093 1110 Tubero,
1118 1059 1292 1114 Ligario
1314 1073 1368 1099 ex
1391 1059 1542 1100 Africa

106 1119 240 1170 exire,
268 1133 320 1159 an
347 1118 468 1158 vobis
504 1118 545 1158 in
570 1117 763 1158 Africam
792 1131 877 1157 non
911 1117 1086 1159 venire?
1120 1116 1445 1167 Poteramusne,
1478 1117 1543 1156 in-

107 1176 219 1231 quis,
241 1190 336 1217 cum
373 1183 542 1216 senatus
567 1175 830 1216 censuisset?
862 1174 906 1214 Si
937 1188 1006 1214 me
1035 1174 1236 1224 consulis,
1259 1173 1375 1214 nullo
1400 1174 1543 1214 modo.

108 1233 193 1274 Sed
217 1242 359 1274 tamen
386 1233 604 1288 Ligarium
628 1240 798 1272 senatus
821 1231 934 1272 idem
957 1231 1188 1287 legaverat.
1233 1231 1379 1286 Atque
1401 1231 1470 1272 ille
1491 1245 1543 1272 eo

108 1301 304 1346 tempore
334 1292 490 1345 paruit,
513 1304 610 1331 cum
645 1303 790 1345 parere
821 1289 987 1329 senatui
1009 1302 1182 1329 necesse
1203 1298 1317 1330 erat:
1352 1304 1426 1329 vos
1451 1299 1543 1330 tum

110 1347 326 1404 paruistiS,
353 1350 388 1377 13
402 1361 500 1388 cum
524 1346 664 1403 paruit
686 1361 827 1396 nemo,
848 1346 921 1401 qui
945 1345 1098 1387 noluit.
1151 1345 1438 1401 Reprehendo
1461 1347 1588 1402 igi-1„

108 1407 206 1447 tur?
238 1404 413 1445 minime
444 1419 558 1446 vero.
592 1417 730 1459 neque
758 1405 874 1444 enim
903 1403 1026 1444 licuit
1055 1403 1178 1444 aliter
1208 1413 1349 1444 vestro
1381 1404 1543 1460 generi,

111 1461 292 1513 nomini,
335 1460 524 1513 familiae,
566 1461 820 1517 disciplinae.
863 1460 935 1501 sed
978 1460 1061 1501 hoc
1102 1475 1190 1501 non
1232 1462 1439 1512 concedo,
1482 1470 1546 1512 ut,

110 1519 268 1576 quibus
291 1518 415 1559 rebus
438 1518 681 1574 gloriemini
705 1518 746 1559 in
774 1518 910 1569 vobis,
931 1518 1101 1559 easdem
1126 1518 1168 1558 in
1194 1517 1286 1559 aliis
1317 1519 1546 1574 reprehen-

113 1577 241 1618 datis.
287 1575 527 1617 Tuberonis
550 1591 638 1617 sors
661 1575 859 1630 conjecta
881 1584 944 1615 est
963 1589 1016 1615 ex
1042 1576 1428 1627 senatusconsulto,
1447 1591 1545 1617 cum
1558 1581 1606 1616 21

114 1634 206 1690 ipse
227 1648 314 1675 non
337 1634 517 1685 adesset,
538 1634 691 1675 morbo
714 1634 842 1674 etiam
868 1633 1170 1689 impediretur:
1198 1635 1451 1674 l4statuerat
1472 1648 1549 1674 ex-

112 1705 277 1734 cusare.
339 1690 450 1732 Haec
471 1705 553 1747 ego
576 1690 676 1731 novi
701 1699 875 1746 propter
898 1704 1046 1731 omnes
1078 1690 1430 1742 necessitudines,
1453 1706 1550 1746 quae

113 1748 222 1790 mihi
259 1756 360 1789 sunt
390 1763 489 1789 cum
531 1749 579 1789 L.
610 1747 852 1789 Tuberone.
891 1747 1008 1788 domi
1049 1763 1134 1789 una
1170 1748 1342 1800 eruditi,
1384 1748 1552 1790 militiae

116 1805 460 1857 contubernales,
494 1815 593 1862 post
620 1805 784 1856 affines,
815 1805 859 1845 in
888 1804 1007 1845 omni
1037 1804 1223 1861 denique
1252 1806 1342 1847 vita
1370 1805 1555 1847 familia-

118 1877 199 1905 res.
231 1877 438 1918 magnum
470 1864 601 1905 etiam
624 1862 857 1913 vinculum,
878 1863 994 1917 quod
1023 1861 1175 1904 iisdem
1206 1863 1358 1905 studiis
1389 1877 1557 1919 semper

118 1919 184 1962 usi
207 1934 366 1961 sumus·
428 1920 528 1962 Scio
551 1921 684 1977 igitur
704 1920 977 1961 Tuberonem
999 1919 1118 1961 domi
1150 1935 1323 1961 manere
1343 1921 1554 1962 voluisse:

121 1977 195 2018 sed
231 1977 342 2017 ¹5ita
369 1976 542 2032 quidam
578 1978 734 2029 aiebat,
757 1977 818 2018 ita
850 1976 1099 2033 reipublicae
1132 1978 1449 2019 sanctissimum
1477 1992 1556 2018 no-

119 2048 220 2076 men
242 2035 505 2090 opponebat,
528 2043 590 2086 ut,
612 2032 924 2076 etiamsialiter
946 2034 1136 2086 sentiret,
1161 2036 1388 2076 verborum
1411 2046 1555 2076 tamen

120 2092 313 2148 ipsorum
349 2092 517 2146 pondus
551 2093 758 2133 sustinere
790 2106 875 2133 non
912 2101 1071 2147 posset.
1132 2092 1275 2133 Cessit
1305 2092 1618 2140 auctoritatiqq

119 2148 373 2204 amplissimi
399 2150 491 2200 viri,
512 2149 577 2190 vel
608 2150 751 2206 potius
784 2149 939 2205 paruit.
1001 2149 1099 2190 Una
1127 2159 1193 2190 est
1215 2149 1434 2205 profectus
1457 2164 1557 2191 cum

121 2207 189 2257 iis,
212 2220 396 2261 quorum
428 2216 520 2248 erat
549 2222 633 2247 una
661 2221 813 2248 causa:
847 2205 1007 2247 tardius
1038 2207 1118 2247 iter
1147 2206 1266 2247 fecit.
1329 2207 1482 2263 Itaque
1513 2207 1558 2248 in

122 2263 317 2306 Africam
340 2264 458 2305 venit
481 2264 575 2319 jam
605 2273 875 2320 occupatam.
937 2262 1055 2304 Hinc
1085 2263 1129 2305 in
1153 2264 1373 2320 Ligarium
1397 2265 1562 2306 crimen

124 2321 275 2371 oritur,
297 2321 364 2362 vel
385 2322 447 2362 ira
467 2322 627 2378 potius.
656 2336 770 2373 nam,
794 2321 827 2361 si
857 2320 1019 2362 crimen
1048 2329 1126 2373 est,
1161 2321 1330 2362 16illum
1360 2322 1561 2372 voluisse,

124 2391 212 2419 non
248 2378 390 2419 minus
428 2393 635 2435 magnum
674 2389 753 2430 est,
794 2390 870 2419 vos
907 2378 1116 2428 Africam,
1154 2380 1348 2420 omnium
1387 2380 1562 2435 provin-

125 2434 288 2476 ciarum
310 2450 465 2488 arcem,
487 2446 632 2478 natam
655 2436 706 2477 ad
731 2435 887 2477 bellum
909 2445 1061 2477 contra
1088 2436 1200 2477 hanc
1231 2438 1381 2478 urbem
1413 2450 1564 2492 geren-

173 2568 210 2596 13
238 2575 312 2596 cum
336 2568 454 2606 paruit
481 2577 586 2604 nemo,
615 2568 670 2607 qui
698 2566 818 2606 noluit]
909 2565 946 2596 16
969 2567 1063 2596 illum
1086 2568 1222 2597 voluisse
1244 2567 1316 2606 ἃς]
1345 2565 1479 2597 Praetuli
1503 2565 1564 2595 hoc

128 2604 293 2639 Latinitas
308 2609 434 2639 sincera
448 2610 606 2649 postulat,
621 2611 676 2649 qui
690 2611 801 2640 nollet.
864 2609 1000 2648 vulgato
1023 2610 1143 2645 ullum,
1169 2610 1244 2648 quia
1273 2609 1359 2639 clare
1385 2609 1566 2648 opponitur

176 2652 214 2680 14
235 2654 397 2681 statuerat
409 2652 579 2691 excusare]
597 2662 642 2682 sc.
657 2652 821 2682 morbum.
867 2653 909 2691 τῷ
931 2661 984 2681 vos
1002 2650 1156 2690 Africam
1180 2653 1238 2681 ἃς.
1283 2652 1335 2681 Sic
1357 2650 1430 2680 edd.
1457 2651 1496 2681 R.
1511 2649 1564 2680 W.

131 2691 184 2722 Sic
218 2690 299 2723 Mss.
333 2692 494 2724 meliores.
527 2694 582 2724 alii
615 2694 740 2724 addunt
771 2704 824 2724 se.-
867 2703 964 2734 porro
982 2698 1097 2724 natam
1113 2694 1159 2723 ad
1175 2694 1293 2724 bellum
1309 2693 1402 2729 dicit,
1419 2693 1496 2731 quia
1509 2701 1567 2722 na-

131 2733 221 2772 quod
245 2738 296 2765 est
324 2744 344 2765 a
373 2735 552 2774 glossatore
583 2741 618 2767 et
648 2736 827 2777 interpola·
870 2742 947 2766 tura
975 2735 1063 2765 hunc
1092 2737 1193 2765 situm
1222 2735 1376 2771 habebat,
1405 2741 1443 2764 ut
1473 2734 1568 2765 facile

131 2780 218 2806 tore.
385 2815 387 2817 Ι
871 2777 994 2808 bellum
1019 2786 1136 2808 contra
1158 2778 1324 2808 Romanos
1350 2777 1511 2817 suscipere
1535 2782 1570 2805 et
1595 2804 1605 2814 ,

178 2819 214 2849 15
236 2819 286 2848 ita
308 2819 441 2858 quidam
465 2819 587 2859 alebat]
616 2830 646 2851 ν.
676 2820 767 2852 Clav.
794 2819 828 2850 in
873 2829 984 2860 gerere
999 2826 1118 2859 posset.

132 2860 194 2890 cio.
207 2859 276 2891 edd.
291 2860 429 2900 quadam
443 2872 493 2902 pr.
509 2862 661 2901 agebant.
