1812 3147
299 103 379 138 890
908 100 1139 140 ORATIO

303 202 481 244 ostende
502 205 680 246 verbum
702 205 1035 246 consecrationis
1057 206 1102 246 in
1131 205 1225 261 ipsa
1251 213 1326 247 tua
1355 205 1473 261 lege:
1505 204 1539 245 si
1570 203 1640 246 illa
1667 204 1740 248 lex

219 275 291 311 129
304 270 452 310 est,ac
473 275 559 303 non
590 277 676 303 vox
713 262 895 313 sceleris,
926 270 970 302 et
999 262 1263 304 crudelitatis
1296 273 1398 304 tuae.
1459 262 1627 307 Quodsi
1658 263 1741 304 tibi
1791 302 1796 310 ,

305 326 395 358 tum
418 318 458 358 in
485 318 556 359 illo
590 319 838 374 reipublicae
869 318 1096 376 naufragio
1133 320 1279 360 omnia
1313 320 1358 360 in
1391 328 1579 359 mentem
1599 319 1745 360 venire
1795 359 1800 365 ,

302 375 557 429 potuissent,
595 386 668 416 aut
705 376 739 416 si
782 385 879 416 tuus
921 377 1102 432 scriptor
1140 377 1183 417 in
1218 376 1289 417 illo
1323 375 1522 417 incendio
1553 375 1742 416 civitatis

301 445 389 471 non
414 434 450 462 18
464 432 729 488 syngraphas
764 447 862 473 cum
895 432 1117 487 Byzantiis
1147 433 1366 474 exsulibus
1396 443 1438 473 et
1470 446 1568 473 cum
1590 431 1743 488 legatis

300 487 430 543 regiis
454 489 627 539 faceret,
647 489 717 529 sed
743 503 877 530 vacuo
903 490 1047 530 animo
1070 489 1149 531 tibi
1180 489 1261 530 ista
1288 504 1372 530 non
1402 489 1522 540 scita,
1546 488 1618 529 sed
1645 484 1760 544 por-⁰

302 552 422 585 tenta
441 546 755 587 conscriberet:
786 559 898 586 esses
915 547 1075 596 omnia,
1100 549 1137 580 19
1151 546 1184 586 si
1207 547 1349 587 minus
1372 560 1429 596 re,
1452 556 1496 586 at
1519 545 1659 586 verbis
1682 545 1744 585 le-

303 601 467 657 gitimis
509 612 777 643 consecutus
839 602 922 642 Sed
964 617 1049 643 uno
1091 611 1284 658 tempore
1320 603 1539 644 cautiones
1581 601 1745 643 fiebant

303 659 596 714 pecuniarum,
617 662 658 690 ‘20
671 659 838 699 foedcra
859 658 1120 700 feriebantur
1141 659 1472 715 provinciarum,
1494 673 1644 714 regum
1665 673 1742 714 ap·
1790 696 1795 700 .

302 715 554 770 pellationes
588 715 755 756 venales
789 724 926 766 erant,
963 730 1179 758 servorum
1220 717 1413 757 omnium
1437 716 1610 757 vicatim
1634 715 1743 756 cele-

306 772 508 813 brabatur
539 781 633 813 tota
665 773 768 813 urbe
797 773 1044 828 descriptio,
1067 773 1231 815 inimici
1263 774 1308 815 in
1338 773 1520 829 gratiam
1551 771 1743 813 reconci-

302 828 531 881 liabantur,
553 833 587 861 ‘2¹
607 830 786 885 imperia
799 830 1151 871 adscribebantur
1168 844 1290 872 novae
1308 830 1545 886 juventuti,
1566 829 1623 875 Q.
1641 829 1740 870 Seio

302 900 513 927 venenum
547 887 701 927 misero
735 887 979 942 parabatur,
1020 887 1072 928 dc
1111 887 1193 928 Cn.
1230 887 1455 944 Pompeio,
1493 900 1741 942 propugna-

302 951 397 983 torc
437 954 481 984 ct
521 944 698 984 custo-‘le
736 943 920 999 imperii,
958 943 1254 986 interficiendo
1293 945 1472 985 consilia
1508 942 1742 993 inibantur,

302 1008 473 1041 senatus
507 1000 558 1040 ne
594 1001 697 1056 quid
729 1010 853 1051 esset,
884 1009 931 1041 ut
968 1001 1163 1058 lugerent
1194 1001 1296 1042 boni
1329 1015 1508 1057 semper,
1530 1007 1578 1041 ut
1612 1008 1740 1056 capta

302 1057 546 1112 respublica
583 1057 806 1099 consulum
846 1058 1103 1113 proditione,
1155 1059 1199 1099 vi
1239 1059 1469 1100 tribunicia
1509 1065 1739 1098 teneretur.
1810 1071 1812 1107 j

305 1113 420 1155 Haec
450 1129 547 1156 cnm
581 1125 659 1165 tot,
692 1125 894 1169 tantaque
925 1125 1176 1171 agerentur:
1209 1130 1294 1156 non
1327 1116 1482 1156 mirum
1515 1119 1605 1164 est,
1632 1128 1740 1170 prae·

306 1172 453 1212 sertim
477 1172 519 1211 in
543 1170 685 1212 furore
708 1173 838 1213 animi
868 1182 911 1212 et
940 1172 1152 1224 caecitate,
1171 1172 1305 1213 multa
1334 1172 1453 1214 illum
1483 1181 1526 1212 et
1557 1181 1598 1211 tc
1622 1170 1743 1211 sefel-

305 1226 418 1268 lisse.

221 1296 296 1330 130
365 1285 425 1326 At
447 1285 603 1336 videte,
626 1296 786 1341 quanta
808 1287 869 1327 vis
901 1286 956 1326 sit
986 1285 1115 1340 hujus
1139 1285 1325 1342 Papiriae
1355 1285 1476 1342 legiS,
1499 1285 1541 1325 in
1574 1298 1618 1325 re
1639 1283 1742 1335 tali;

306 1356 396 1383 non
418 1342 586 1397 qualem
620 1353 663 1383 tu
697 1343 836 1394 affers,
859 1343 1026 1384 sceleris
1059 1343 1227 1398 plenam
1249 1352 1292 1383 et
1315 1342 1484 1384 furoris.
1545 1341 1603 1387 Q.
1626 1340 1748 1382 Mar-

307 1400 414 1450 cius,
443 1414 608 1451 censor,
639 1401 811 1456 signum
838 1399 1096 1442 Concordiae
1129 1399 1303 1451 fecerat,
1337 1400 1463 1455 idque
1495 1398 1538 1439 in
1569 1397 1745 1454 publico

261 1471 294 1502 b.
308 1457 552 1498 collocarat.
584 1457 668 1498 hoc
700 1458 871 1514 signum
903 1457 955 1498 C.
986 1457 1159 1498 Cassius
1189 1471 1340 1499 censor
1375 1471 1474 1498 cum
1505 1456 1549 1496 in
1581 1456 1745 1496 curiam

309 1514 608 1565 transtulisset,
646 1515 875 1571 collegium
917 1524 1105 1555 vestrum
1138 1514 1367 1565 consuluit,
1407 1512 1616 1568 numquid
1653 1525 1745 1553 esse

307 1585 447 1613 causae
471 1572 699 1621 videretur,
721 1573 824 1627 quin
852 1572 895 1612 id
928 1573 1099 1627 signum
1122 1571 1369 1626 curiamque
1391 1569 1650 1612 Concordiae
1671 1568 1745 1610 de-

221 1624 289 1673 51
306 1629 482 1669 dicaret.
543 1629 720 1678 Quaeso,
752 1629 994 1685 pontifices,
1021 1639 1064 1668 et
1094 1627 1314 1669 hominem
1357 1642 1456 1670 cum
1487 1627 1679 1677 homine,
1701 1636 1746 1666 et

305 1694 474 1741 teinpus
496 1700 595 1727 cum
618 1694 825 1742 tempore,
847 1695 890 1726 et
920 1699 1010 1726 rem
1031 1699 1131 1726 cum
1161 1700 1204 1726 re
1228 1694 1490 1742 comparate.
1551 1683 1629 1724 [lle
1652 1692 1745 1724 erat

303 1758 471 1783 summa
496 1744 707 1784 modestia
737 1752 780 1784 et
811 1744 1028 1799 gravitate
1058 1757 1232 1784 censor:
1264 1742 1335 1784 hic
1365 1743 1563 1783 tribunus
1585 1740 1739 1796 plebis,

301 1800 458 1841 scelere
479 1809 522 1840 et
552 1800 731 1842 audacia
761 1799 981 1855 singulari.
1011 1808 1179 1855 tempus
1211 1798 1314 1841 illud
1335 1808 1427 1840 erat
1448 1796 1741 1853 tranquillum,

301 1866 345 1897 et
376 1858 420 1898 in
454 1857 651 1899 libertate
688 1857 852 1913 populi,
888 1867 931 1897 et
971 1857 1284 1912 gubernatione
1317 1857 1507 1913 positum
1545 1863 1740 1895 senatus:

303 1923 425 1955 tuum
456 1929 583 1970 porro
607 1924 789 1970 tempus,
811 1913 1008 1955 libertate
1043 1913 1192 1969 populi
1224 1913 1410 1955 Romani
1435 1926 1653 1969 oppressa,
1674 1924 1738 1951 se-

301 1982 428 2012 natus
460 1972 716 2013 auctoritate
746 1971 897 2012 deleta.
926 1986 990 2011 res
1022 1971 1094 2011 illa
1123 1971 1247 2026 plena
1272 1970 1474 2026 justitiae,
1506 1968 1744 2025 sapientiae,

303 2028 542 2084 dignitatis.
566 2044 716 2070 censor
737 2029 867 2080 enim,
887 2043 1015 2084 penes
1037 2042 1165 2084 quem
1189 2028 1372 2083 majores
1393 2026 1527 2068 nostri
1547 2025 1608 2077 (id
1626 2024 1742 2080 quod

303 2094 350 2126 tu
382 2086 610 2137 sustulisti)
633 2086 849 2141 judicium
880 2095 1050 2126 senatus
1072 2085 1125 2125 de
1147 2085 1361 2140 dignitate
1389 2098 1479 2125 esse
1502 2083 1742 2133 voluerunt,

304 2142 561 2184 Concordiae
595 2144 766 2199 signum
788 2142 961 2184 volebat
987 2143 1032 2183 in
1059 2142 1191 2188 curia,
1214 2143 1462 2196 curiamque
1483 2140 1522 2180 ei
1544 2140 1634 2181 deae
1666 2139 1740 2180 de·

213 2205 284 2241 131
300 2200 457 2242 dicare.
519 2200 731 2242 Praeclara
752 2200 963 2251 voluntas,
994 2207 1123 2255 atque
1147 2198 1265 2240 omni
1295 2198 1419 2239 laude
1449 2197 1596 2252 digna.
1627 2210 1740 2252 prae-

297 2258 483 2301 scribere
508 2257 623 2299 enim
654 2272 697 2299 se
727 2257 1030 2309 arbitrabatur,
1053 2265 1114 2308 ut,
1146 2255 1237 2296 sine
1270 2255 1420 2296 studiis
1442 2253 1738 2304 dissensionis,

339 2385 375 2414 18
397 2383 604 2422 syngraphas
629 2391 703 2413 cum
731 2382 892 2411 exsulibus
915 2379 988 2420 δῖα]
1075 2375 1737 2420 90,Ῑὶεᾱθι·α]ὶ’νίσῖ)αηέιινρνουίησίανῑιηι]

293 2424 521 2456 Pacisce-batur
546 2434 622 2455 cnm
650 2425 688 2454 iis
719 2424 905 2463 pecuniam,
932 2432 992 2463 pro
1035 2423 1181 2453 Graevius
1207 2424 1241 2452 in
1267 2422 1316 2452 his
1337 2422 1407 2451 sine
1434 2429 1547 2450 caussa
1571 2418 1686 2455 haeret,
1707 2424 1741 2448 et

293 2477 358 2506 qua
372 2465 504 2498 Clodius
520 2477 574 2498 eos
600 2466 670 2505 lege
693 2466 892 2496 restitueret.
916 2475 992 2495 cum
1035 2465 1241 2505 interpungit
1279 2470 1352 2504 post
1367 2461 1594 2502 feriebantur,
1631 2467 1739 2508 cetera

292 2510 412 2547 legatis
424 2510 536 2548 regiis,
550 2514 588 2538 ut
604 2518 694 2547 reges
708 2518 727 2537 a
740 2517 815 2548 pop.
830 2508 924 2538 Rom.
935 2517 990 2547 ap·
1031 2513 1187 2547 corrupta
1214 2511 1320 2547 putat.
1339 2505 1473 2545 foedera
1491 2505 1741 2544 provinc-carum

291 2551 508 2591 pellarentur,
536 2561 611 2582 cuin
642 2557 774 2580 senatus
803 2549 920 2588 nollet,
950 2554 990 2579 ut
1032 2549 1120 2580 facta
1134 2553 1212 2579 sunt
1227 2558 1300 2578 cum
1316 2547 1455 2578 Gabinio
1475 2552 1509 2577 et
1526 2546 1652 2581 Pisone,
1667 2553 1740 2583 quae

293 2599 387 2634 patet
402 2604 419 2623 e
434 2604 521 2633 seqq.
537 2599 571 2625 et
588 2602 646 2633 pro
662 2593 750 2622 Sext.
1036 2596 1070 2621 et
1093 2601 1191 2631 supra
1214 2594 1471 2620 connnemorata
1491 2592 1582 2622 sunt,
1605 2587 1743 2617 fortasse

339 2638 375 2669 19
389 2636 417 2666 si
439 2637 547 2666 minus
566 2645 614 2672 re,
636 2639 672 2664 at
698 2634 800 2663 rerbis
822 2631 990 2672 legitimis]
1036 2638 1070 2663 et
1086 2643 1160 2663 cum
1174 2632 1258 2670 aliis,
1271 2633 1323 2671 qui
1339 2632 1464 2672 opimas
1486 2628 1667 2671 provincias
1686 2638 1740 2658 ex-

291 2677 369 2709 Non
384 2681 421 2707 tu
435 2678 566 2717 quidem
581 2677 716 2715 verejus
731 2676 905 2715 accepisses
917 2675 996 2706 isto·
1037 2679 1200 2715 peterent.
1697 2711 1704 2717 .

290 2729 365 2750 rum
380 2720 616 2755 faciendorum,
632 2719 707 2758 quia
727 2721 801 2748 tota
823 2717 875 2748 lex
887 2724 936 2747 cst
951 2718 997 2747 vi·
1081 2719 1117 2748 91
1134 2716 1273 2756 imperia
1295 2715 1562 2746 adscribebantur
1580 2721 1668 2743 nove?
1679 2722 1740 2753 Ju-

288 2763 386 2797 tiosa,
414 2767 449 2792 at
474 2763 578 2792 verbis
605 2766 730 2796 tamen,
755 2759 829 2799 quia
865 2760 898 2789 in
925 2760 995 2799 lege
1037 2761 1174 2790 veniali.
1220 2758 1292 2788 Hoc
1315 2767 1382 2787 non
1407 2756 1566 2795 intelligo.
1581 2765 1642 2786 nec
1664 2764 1741 2802 con·-

288 2805 448 2844 seriptum
473 2810 570 2842 esset,
589 2808 628 2835 ut
651 2807 690 2836 tu
711 2811 899 2835 consecrare
922 2812 997 2836 mea
1031 2802 1170 2842 jecturis
1183 2800 1306 2839 aliquid
1316 2799 1504 2841 expeditum
1518 2803 1578 2830 est·
1607 2797 1651 2829 Et
1666 2796 1739 2828 libr·

289 2846 375 2879 bona
389 2855 509 2889 posses.
1037 2843 1130 2876 valde
1144 2843 1283 2877 variant.
