1785 3185
581 110 926 150 PHILIPPICA
955 111 1189 149 TERTIA.
1504 117 1601 154 1318

149 213 348 256 Romani
364 215 465 272 jure
496 214 743 256 sustulerit?
784 213 951 255 exsules
974 215 1219 257 reduxerit?
1260 215 1385 258 falsas
1406 217 1521 276 leges
1546 220 1599 263 C.

161 271 346 314 Caesaris
368 272 557 323 nomine,
579 281 623 311 et
645 271 749 312 falsa
775 271 946 312 decreta
969 271 1012 311 in
1035 286 1092 311 aes
1118 272 1358 325 incidenda,
1381 286 1424 317 et
1448 279 1489 318 in
1514 277 1600 320 Ca-

159 329 314 383 pitolio
337 329 507 385 figenda
538 328 765 378 curaverit,
786 342 1018 382 earumque
1051 342 1191 369 rerum
1225 331 1417 373 omnium
1451 335 1600 376 dome·

156 385 313 426 sticum
337 397 574 427 mercatum
608 385 870 427 instituerit?
901 384 1062 440 populo
1093 384 1292 426 Romano
1322 387 1435 442 leges
1458 391 1599 448 impo-

160 442 319 484 suerit?
349 444 477 484 armis
499 453 541 484 et
563 443 788 499 praesidiis,
810 452 854 483 et
876 444 915 472 55
930 441 1135 498 populum
1167 452 1212 483 et
1231 443 1507 499 magistratus
1529 449 1595 490 fo-

157 513 206 540 ro
240 500 502 542 excluserit?
547 509 741 541 senatum
780 499 950 555 stiparit
985 499 1141 541 armis?
1187 510 1373 541 armatos
1411 502 1455 542 in
1489 506 1652 550 cellasl

157 555 431 608 Concordiae,
460 572 558 599 curn
590 567 783 598 senatum
814 556 1006 607 haberet,
1030 556 1275 599 incluserit?
1320 558 1372 599 ad
1403 558 1593 616 legiones

160 613 437 656 Brundisium
463 615 725 656 cucurrerit?
763 628 818 654 ex
842 613 907 654 his
938 614 1102 669 optime
1125 614 1354 655 sentientes
1378 620 1594 660 centurio-

158 685 232 712 nes
248 671 542 728 jugulaverit?
574 686 671 712 cum
693 671 886 712 exercitu
914 670 1095 711 Romam
1121 671 1176 711 sit
1197 671 1249 712 ad
1272 671 1492 715 interitum
1515 690 1593 717 no-

157 738 308 780 strum,
329 739 373 770 et
394 729 446 770 ad
470 729 822 785 disperditionem
843 729 959 768 urbis
985 728 1126 768 venire
1142 731 1350 770 conatus?
1390 731 1535 787 Atque
1557 734 1591 774 is

151 785 314 827 abhoc
346 787 508 842 impetu
541 787 780 826 abstractus
812 784 993 825 consilio
1024 795 1069 825 et
1100 785 1236 841 copiis
1268 785 1467 840 Caesaris,
1489 805 1592 831 con-

151 857 278 884 sensu
319 854 628 893 veteranorum,
651 843 810 882 virtute
840 842 1085 898 legionum3
1126 856 1180 882 ne
1214 841 1388 885 fortuna
1417 847 1591 900 quidem

152 899 312 941 fractus
338 901 493 940 minuit
522 900 769 940 audaciam:
803 913 881 940 nec
907 913 1025 940 ruere
1048 899 1237 950 demens,
1257 914 1335 941 nec
1357 901 1496 944 furere
1517 906 1590 946 de-

152 957 269 1004 sinit.
302 958 344 997 in
370 956 554 997 Galliam
589 957 834 997 mutilatum
856 956 976 998 ducit
998 958 1235 997 exercitum
1256 975 1264 999 :
1310 972 1407 1000 cum
1427 975 1509 1002 una
1531 962 1590 1003 le-

151 1015 297 1069 gione,
319 1024 361 1054 et
383 1028 433 1054 ea
451 1013 691 1064 vacillante,
714 1014 761 1054 L.
785 1014 957 1053 fratrem
981 1024 1230 1070 exspectat:
1256 1029 1346 1070 quo
1372 1019 1588 1061 neminem

151 1071 335 1127 reperire
364 1080 509 1127 potest
541 1072 605 1112 sui
641 1071 906 1111 similiorem.
967 1070 1044 1111 Ille
1069 1081 1211 1112 autem
1245 1087 1299 1112 ex
1328 1074 1587 1118 mirmillone

145 1127 252 1179 dux,
274 1142 328 1169 ex
353 1128 589 1184 gladiatore
610 1129 857 1184 imperator,
875 1142 980 1183 quas
1004 1128 1108 1169 fecit
1129 1139 1305 1184 st1·ageS‚
1324 1131 1586 1189 ubicumque

146 1186 294 1241 posuit
316 1186 524 1241 vestigia?
549 1186 728 1226 56caedit
749 1199 901 1241 greges
924 1195 1229 1237 armentorum,
1252 1187 1489 1244 reliquique
1511 1206 1586 1246 pe—

147 1243 274 1295 coris,
298 1243 600 1298 quodcumque
629 1253 779 1283 nactus
801 1252 890 1283 est:
922 1242 1150 1299 epulantur
1182 1243 1361 1286 milites:
1395 1246 1487 1302 ipse
1508 1263 1585 1289 au-

146 1308 232 1340 tem
266 1314 323 1352 se,
352 1310 400 1341 ut
427 1300 603 1340 fratrem
633 1300 841 1350 imitetur,
870 1300 1016 1341 obruit
1051 1300 1173 1342 vino:
1217 1312 1438 1344 vastantur
1459 1307 1580 1361 agri:

142 1356 406 1413 diripiuntur
438 1357 575 1399 villae:
621 1356 979 1409 matresfamilias,
1013 1358 1215 1414 virgines,
1249 1360 1369 1414 pueri
1402 1361 1579 1418 ingenui

143 1414 430 1471 abripiuntur,
459 1415 669 1455 militibus
702 1415 941 1455 traduntur.
984 1414 1078 1456 haec
1111 1416 1274 1466 eadem,
1307 1431 1579 1476 quacumque

139 1472 377 1513 exercitum
413 1472 554 1523 duxit,
578 1471 683 1513 fecit
713 1471 779 1512 M.
811 1471 1043 1513 Antonius.
1105 1472 1188 1513 His
1225 1488 1298 1514 vos
1333 1478 1576 1518 taeterrimis
1596 1477 1660 1524 13

141 1527 345 1570 fratribus
364 1540 507 1585 portas
529 1529 756 1584 aperietis?
787 1528 865 1569 hos
884 1544 1087 1585 umquam
1107 1531 1150 1570 in
1170 1531 1317 1571 urbem
1335 1533 1638 1589 recipietis?313

137 1600 241 1636 non,
265 1597 457 1642 tempore
493 1588 654 1637 oblato,
676 1586 857 1627 ducibus
890 1588 1064 1642 paratis,
1087 1588 1239 1628 animis
1261 1588 1447 1630 militum
1470 1592 1578 1633 inci·

140 1644 256 1695 tatis,
279 1643 440 1700 populo
464 1643 663 1684 Romano
685 1644 974 1698 conspirante,
999 1644 1124 1685 Italia
1147 1654 1236 1685 tota
1259 1646 1311 1686 ad
1334 1646 1576 1690 libertatem

135 1701 470 1757 recuperandam
493 1701 697 1752 excitata,
719 1701 896 1741 deorum
921 1701 1224 1742 immortalium
1251 1703 1460 1746 beneficio
1483 1717 1576 1750 ute-

135 1758 271 1799 mini?
331 1758 510 1799 Nullum
540 1758 623 1798 erit
653 1769 836 1813 tempuS,
857 1758 939 1799 hoc
960 1759 1132 1800 amisso.
1164 1775 1189 1800 a
1211 1769 1346 1816 terg0‚
1370 1777 1394 1801 a
1416 1762 1572 1815 fronte,

133 1817 213 1856 ⁵73.
235 1814 438 1856 lateribus
463 1815 691 1866 tenebitur,
715 1817 748 1855 si
774 1817 813 1856 in
836 1816 1022 1857 Galliam
1046 1817 1223 1857 venerit.
1255 1832 1333 1859 nec
1353 1818 1422 1860 ille
1441 1822 1569 1862 armis
1581 1842 1613 1872 p.
1633 1835 1703 1867 190.

135 1872 288 1924 solum,
310 1872 383 1913 sed
405 1873 535 1914 etiam
559 1872 713 1913 nostris
734 1872 916 1914 decretis
938 1874 1154 1929 urgendus
1176 1885 1255 1916 est.
1316 1874 1483 1932 Magna
1507 1879 1610 1920 vis²²·

133 1938 214 1979 est,
236 1943 441 1984 magnum
456 1944 611 1970 nomen
634 1944 766 1970 unum
790 1940 832 1970 et
851 1931 963 1971 idem
981 1932 1203 1973 sentientis
1222 1941 1407 1974 senatus.
1439 1937 1479 1966 58
1494 1936 1570 1977 Vi-

133 1986 244 2027 detis
265 1987 466 2027 refertum
483 1986 639 2038 forum,
656 1986 949 2042 populumque
972 1987 1213 2029 Romanum
1235 1989 1287 2030 ad
1311 2005 1429 2047 spem
1449 2006 1569 2034 recu-

133 2044 331 2099 perandae
354 2044 564 2085 libertatis
593 2055 810 2085 erectum:
843 2045 916 2100 qui
948 2044 1080 2101 longo
1110 2045 1334 2087 intervallo
1362 2062 1461 2090 cum
1485 2049 1570 2091 fre-

129 2111 309 2157 quentes
331 2100 402 2146 hic
425 2101 542 2142 videt
571 2116 662 2153 nOS,
685 2112 776 2142 tum
800 2111 942 2158 sperat
962 2103 1093 2143 etiam
1114 2102 1270 2144 liberos
1299 2106 1566 2149 convenisse.

173 2228 212 2257 55
229 2227 390 2267 populum
406 2225 518 2265 Rom]
544 2225 733 2256 Romanum
749 2237 766 2256 e
788 2226 828 2256 li·
870 2226 932 2257 hoc
958 2237 1070 2258 verum
1098 2231 1166 2258 est:
1191 2238 1268 2259 nam
1295 2228 1336 2260 ad
1360 2233 1491 2271 tempus
1517 2242 1567 2263 se-

132 2268 199 2299 bris
214 2268 305 2299 bonis
320 2279 380 2299 ser.
392 2273 425 2299 et
439 2269 511 2298 edd.
527 2268 646 2298 delerit
664 2269 824 2298 Graevius:
870 2279 972 2308 quens
995 2272 1155 2310 pertinet:
1179 2271 1266 2301 unde
1281 2275 1316 2302 et
1329 2279 1404 2312 post
1417 2276 1542 2305 venerit
1554 2288 1565 2305 .-

131 2311 224 2342 bene.
268 2312 443 2343 Consentit
466 2311 528 2340 Gu.
551 2310 591 2341 L.
618 2311 767 2350 Populus
793 2317 827 2342 et
870 2311 925 2341 sed
938 2313 1100 2343 minorem
1114 2313 1417 2353 interpunctionem
1431 2322 1504 2355 post
1517 2322 1565 2348 te-

129 2355 350 2393 magistratus
362 2359 588 2394 opponuntur,
604 2363 669 2383 non
687 2355 828 2392 populus
869 2355 1000 2385 vehitur
1017 2360 1051 2385 et
1069 2356 1224 2395 majorem
1247 2362 1321 2396 post
1342 2360 1466 2388 venerit
1487 2359 1563 2391 feei.

127 2394 223 2426 Rom.
240 2400 274 2425 et
289 2398 508 2432 magistratus
521 2407 530 2424 :
552 2401 586 2426 et
607 2405 646 2426 ea
669 2396 820 2436 repetitio
863 2397 1006 2427 cohaeret
1022 2398 1110 2427 enim
1126 2407 1264 2437 sequens
1279 2408 1355 2429 cum
1370 2398 1443 2430 hoc.
1480 2401 1565 2433 Mox

126 2437 226 2468 etiam
242 2447 308 2467 non
325 2439 430 2469 suavis
446 2444 506 2468 est.
863 2444 897 2469 et
911 2449 969 2469 nec
983 2440 1039 2469 ille
1054 2439 1127 2469 dedi
1143 2449 1202 2479 pro
1224 2449 1287 2470 non
1308 2442 1377 2478 ille,
1393 2452 1432 2472 ex
1446 2443 1562 2473 eodem

167 2480 208 2511 5⁷6
231 2480 323 2510 coedie
335 2490 452 2520 greges
467 2480 515 2519 a.]
533 2480 662 2510 Servius
676 2479 717 2510 ad
728 2481 820 2520 Yirg.
862 2481 958 2518 libro,
982 2482 1068 2512 unde
1083 2483 1153 2521 jam
1177 2481 1233 2513 alii
1255 2482 1396 2521 edidere,
1417 2484 1506 2523 quod
1527 2489 1562 2517 et

126 2521 200 2552 Ecl.
215 2522 274 2559 Vl,
290 2525 340 2553 55.
355 2523 431 2553 hinc
446 2529 609 2553 memorat
621 2523 731 2563 :fudit
745 2533 820 2562 apo-
863 2522 954 2554 Leid.
968 2523 1078 2554 habet.

125 2566 247 2601 theam,
257 2565 370 2595 cecidit
381 2575 509 2604 greges.
520 2564 606 2604 quod
614 2571 663 2594 est
677 2566 822 2595 conside·
907 2569 946 2597 58
971 2565 1107 2605 Videtis]
1140 2565 1192 2596 Sic
1220 2576 1279 2606 pro
1308 2567 1464 2597 videtisne
1486 2567 1561 2606 jam

124 2606 277 2637 randum.
290 2607 389 2646 fudit
410 2609 518 2647 apoth.
544 2608 625 2637 bene
648 2608 823 2646 respondet
863 2607 991 2638 edidere
1018 2608 1092 2638 inde
1117 2618 1136 2638 a
1164 2608 1289 2639 faerno
1315 2609 1435 2648 plut-ec,
1458 2610 1561 2640 etiam

124 2649 346 2687 sequentibus,
362 2654 396 2679 et
407 2649 549 2689 tempori
564 2649 760 2690 praecedenti
768 2650 822 2689 fe·
864 2650 971 2680 Graev.
1011 2651 1122 2681 Recte.
1165 2651 1217 2680 Sic
1233 2655 1267 2680 et
1283 2650 1373 2680 Leid.
1417 2651 1490 2681 Soio
1505 2661 1561 2681 oc-

124 2692 179 2730 cit.
190 2692 251 2721 nisi
267 2692 395 2722 Servius
408 2691 820 2732 scripsit‚f1mdit—coedit.
864 2702 994 2722 currere
1015 2691 1201 2732 exemplum
1223 2701 1327 2722 unum
1350 2697 1384 2722 et
1403 2693 1559 2729 alterum,

124 2733 212 2763 Tum
227 2733 321 2770 illud,
337 2734 545 2773 quodcunque
567 2738 683 2764 nactus
697 2739 756 2769 est,
771 2745 820 2764 re·
862 2735 917 2764 ubi
934 2734 967 2764 in
984 2735 1242 2773 interrogatione
1258 2744 1298 2763 ne
1312 2735 1462 2773 negative
1480 2735 1561 2766 dici-

122 2775 258 2806 tulerim
287 2775 328 2806 ad
353 2777 524 2815 sequentia
534 2789 545 2806 :-
565 2776 676 2817 quode.
704 2781 821 2807 nactus
862 2781 935 2806 tur:
961 2777 1016 2806 sed
1039 2777 1064 2806 si
1088 2777 1161 2806 libri
1185 2780 1301 2808 contra
1322 2781 1411 2814 sunt,
1437 2786 1504 2808 non
1527 2777 1564 2809 i*

123 2823 183 2855 est,
199 2819 379 2858 epulantur
392 2819 522 2848 milites.
863 2827 912 2848 est
929 2818 1111 2848 ferendum.

167 2862 205 2894 57
227 2871 250 2891 a
266 2862 327 2892 lat.
347 2860 521 2899 tenebitur]
548 2860 601 2890 Sic
616 2860 679 2890 Ms.
696 2860 770 2891 Vat.
787 2866 821 2891 et

776 2908 904 2956 49⁸2»
