1785 3185
495 102 839 142 PHILIPPICA
869 99 1050 139 NONA.
1412 102 1507 143 1871

75 207 166 249 sine
196 204 281 247 ullo
311 206 461 247 mortis
494 215 610 247 metu
644 204 827 260 profecti
861 214 988 246 sunt:
1038 204 1128 245 Ser.
1162 203 1377 259 Sulpicius
1411 217 1511 244 cum

75 264 217 318 aliqua
241 263 515 318 perveniendi
537 263 591 304 ad
614 262 681 304 M.
705 261 946 303 Antonium
968 274 1043 317 spe
1074 261 1294 316 profectus
1316 271 1395 311 est,
1419 260 1513 301 nul-

76 320 116 361 la
148 319 401 360 revertendi.
432 320 626 375 quicum
657 319 718 360 ita
749 317 930 359 affectus
951 325 1076 367 esset,
1099 327 1162 367 ut,
1185 318 1218 358 si
1249 319 1301 359 ad
1336 332 1514 373 gravem

75 376 354 418 valitudinem
368 375 583 418 labor-via:
602 375 960 427 accessisset‚sibi
982 375 1073 431 ipse
1085 373 1320 414 diffideret:
1343 389 1427 415 non
1450 389 1514 414 rc-

75 433 257 483 cusavit‚
278 447 364 487 quo
393 434 532 475 minus
556 433 621 476 vel
641 442 838 474 extremo
867 431 1036 489 spiritu,
1059 431 1093 472 si
1118 445 1248 486 quam
1270 444 1398 486 opem
1432 432 1513 471 rei-

74 490 259 546 publicae
279 491 388 531 ferre
412 499 570 547 posset,
588 491 870 547 experiretur.
922 488 1076 544 Itaque
1097 502 1183 529 non
1199 487 1318 528 illum
1336 488 1398 527 vis
1421 488 1512 528 bie-

73 547 168 597 mis,
199 561 284 587 non
318 547 454 600 nives,
486 563 572 589 non
605 547 832 604 longitudo
862 547 1042 597 itineris,
1064 559 1151 587 non
1183 545 1390 601 asperitas
1424 545 1514 585 via-

73 617 181 653 rum,
203 618 289 645 non
312 606 488 647 morbus
519 606 819 661 ingravescens
842 603 1101 645 retardavitt
1132 617 1319 657 cumque
1341 602 1435 657 jam
1458 602 1515 644 ad

73 674 351 716 congressum
381 662 733 718 colloquiumque
765 662 857 717 ejus
892 661 1170 717 pervenisset,
1193 659 1245 700 ad
1273 673 1401 714 quem
1422 668 1515 699 erat

73 718 242 770 lniSSUS,
266 719 308 760 in
329 719 422 774 ipsa
439 734 541 761 cura
561 728 605 760 et
625 719 906 761 meditatione
928 718 1117 759 obeundi
1141 720 1205 758 sui
1228 716 1415 758 muneris
1437 730 1515 757 ex-

73 786 200 816 cessit
218 790 242 816 e
265 785 367 816 vita.

131 832 192 873 Ut
213 833 346 888 igitur
367 833 463 883 alia,
485 833 546 874 sic
566 833 663 883 hoc,
687 831 739 872 C.
763 831 916 882 Pansa,
939 830 1159 888 praeclare,
1183 831 1300 886 quod
1324 845 1402 871 nos
1424 829 1548 881 4ad3

72 889 370 930 honorandum
387 890 478 931 Ser.
503 889 743 946 Sulpicium
757 890 1007 931 cohortatus
1026 903 1085 939 es,
1107 897 1150 929 et
1172 888 1263 944 ipse
1282 887 1417 928 multa
1438 901 1512 928 co-

72 946 192 1002 piose
212 946 266 987 de
287 946 398 988 illius
428 946 553 988 laude
574 947 739 988 dixisti.
762 948 918 1002 quibus
941 961 966 987 a
995 955 1038 987 te
1059 946 1202 997 dictis,
1224 944 1333 986 nihil
1357 953 1513 1000 praeter

74 1003 328 1044 sententiam
358 1004 560 1056 dicerem,
590 1004 672 1045 nisi
705 1004 755 1044 P.
788 1003 969 1046 Servilio
1004 1003 1349 1059 respondendum
1388 1005 1558 1057 puta-b-

75 1075 178 1111 rem,
201 1061 273 1116 qui
298 1061 413 1102 hunc
436 1061 642 1103 honorem
666 1070 819 1103 statuae
843 1061 1004 1103 nemini
1029 1060 1304 1101 tribuendum
1328 1059 1511 1111 censuit,

75 1118 154 1158 nisi
185 1117 257 1173 qui
293 1117 406 1159 ferro
438 1128 550 1160 esset
572 1120 614 1159 in
651 1118 865 1174 legatione
894 1117 1161 1159 interfectus.
1223 1116 1319 1173 Ego
1353 1125 1513 1168 autem,

73 1185 215 1231 patres
247 1176 498 1232 conscripti,
521 1177 581 1217 sic
610 1177 869 1232 interpretor
901 1175 1082 1216 sensisse
1110 1173 1296 1230 majores
1326 1182 1515 1226 nostros,

75 1241 123 1272 ut
143 1246 316 1273 causam
349 1235 500 1274 mortis
530 1233 788 1284 censuerint,
812 1248 898 1274 non
932 1247 1066 1289 genus
1099 1246 1190 1273 esse
1216 1231 1514 1288 quaerendum.

75 1287 248 1330 Etenim
278 1290 348 1332 cui
381 1289 540 1347 legatio
572 1291 667 1347 ipsa
697 1291 826 1332 morti
860 1290 1025 1342 fuisset,
1058 1289 1150 1345 ejus
1186 1297 1516 1330 monumentum

74 1358 243 1388 exstare
265 1347 506 1399 voluerunt,
532 1357 578 1388 ut
610 1348 653 1388 in
687 1348 807 1390 bellis
830 1347 1080 1404 periculosis
1113 1347 1285 1388 obirent
1317 1345 1516 1388 homines

76 1404 303 1459 legationis
326 1419 481 1446 munus
514 1405 731 1446 audacius.
794 1406 896 1448 Non
925 1405 1058 1462 igitur
1079 1403 1279 1460 exempla
1298 1403 1515 1459 majorum

74 1461 320 1516 quaerenda,
354 1463 427 1503 sed
460 1462 687 1504 consilium
720 1472 786 1504 est
817 1477 981 1514 eorum,
1011 1477 1037 1502 a
1069 1476 1155 1518 quo
1189 1462 1282 1517 ipsa
1313 1460 1515 1516 exempla

76 1527 176 1560 nata
197 1529 311 1570 sunt,
340 1519 661 1576 explicandum.
714 1523 732 1552 5
751 1520 831 1561 Lar
852 1519 1121 1569 Tolumnius,
1150 1533 1225 1559 rex
1251 1512 1560 1569 Veientium,2

22 1576 26 1577 ⁷
75 1585 260 1631 quatuor
282 1577 445 1632 legatos
469 1576 616 1634 populi
647 1577 833 1619 Romani
857 1577 1030 1619 Fidenis
1056 1577 1297 1618 interemit:
1330 1584 1553 1632 quorum4

75 1641 228 1675 statuae
253 1634 296 1674 in
330 1633 498 1676 Rostris
531 1643 742 1676 steterunt
772 1648 908 1691 usque
935 1634 988 1675 ad
1023 1643 1213 1675 nostram
1246 1633 1517 1674 memoriam.

73 1689 224 1732 J'ustus
246 1691 399 1732 honos.
434 1692 485 1733 iis
507 1693 621 1733 enim
646 1692 828 1749 majores
850 1692 1002 1743 nostri,
1020 1692 1094 1747 qui
1116 1692 1174 1732 ob
1204 1690 1518 1746 rempublicam

74 1757 257 1789 mortem
281 1748 492 1799 obierant,
515 1764 593 1805 pro
618 1751 734 1792 brevi
761 1750 848 1791 vita
865 1749 1113 1791 diuturnam
1145 1748 1396 1789 memoriam
1422 1747 1523 1789 red?

75 1805 291 1846 (lideruntb
351 1805 434 1847 Cn.
459 1806 648 1858 Octavii,
670 1805 772 1849 clari
795 1817 838 1849 et
869 1806 1016 1863 magni
1048 1805 1155 1858 viri3
1186 1806 1260 1861 qui
1291 1805 1454 1861 primus
1473 1804 1520 1846 in

77 1876 172 1903 eam
202 1862 426 1915 familiam,
457 1879 554 1918 quae
585 1873 736 1921 postea
767 1864 868 1905 viris
899 1863 1145 1905 fortissimis
1178 1864 1340 1914 floruit,
1371 1861 1518 1904 attulit

77 1919 563 1973 consulatum‚statuam
586 1922 779 1964 videmus
803 1922 847 1963 in
872 1921 1056 1962 Rostris.
1076 1935 1202 1962 nemo
1217 1931 1308 1961 tum
1332 1919 1519 1960 novitati

78 1977 323 2019 invidebat:
356 1993 483 2019 nemo
505 1980 709 2020 virtutem
732 1994 818 2021 non
840 1979 1098 2020 honorabat.
1145 1977 1206 2019 At
1226 1993 1278 2019 ea
1298 1977 1382 2018 fuit
1402 1977 1521 2033 lega-

78 2034 139 2075 tio
171 2033 361 2087 Octavii,
380 2036 423 2076 in
445 2050 530 2090 qua
561 2036 741 2092 periculi
775 2037 963 2093 suspicio
996 2050 1084 2078 non
1118 2037 1326 2077 subesset.
1388 2034 1520 2088 Nam,

118 2167 140 2195 4
162 2165 209 2204 <ed
229 2164 468 2206 honorandum]
495 2165 547 2196 Sic
568 2176 585 2197 e
608 2166 687 2197 Vat.
708 2165 774 2197 edi-

83 2211 157 2237 tum
172 2212 224 2238 est
261 2212 356 2245 ante,
383 2208 435 2238 cui
467 2209 634 2238 consentit
663 2208 774 2239 Guelf.

79 2248 171 2280 Leid.
194 2253 228 2280 et
242 2249 298 2281 alii
313 2250 442 2280 Graevio
458 2250 643 2283 memorati.
689 2251 727 2282 ld
742 2256 776 2281 et

79 2291 148 2331 ipse
172 2292 304 2332 praetuli
322 2292 457 2331 vulgato
476 2294 673 2324 ornandum.
699 2303 776 2324 nain

81 2333 114 2364 id
135 2335 237 2365 etiam
259 2335 298 2366 de
313 2335 383 2365 sola
405 2335 499 2365 laude
522 2336 680 2366 orationis
699 2335 778 2366 dici-

82 2379 151 2414 tur,
166 2386 237 2416 quae
250 2377 320 2417 ipsa
335 2377 390 2407 hic
403 2386 469 2407 non
482 2377 678 2409 excluditur.
713 2378 777 2408 Hic

79 2427 187 2448 sermo
209 2425 280 2450 erat
295 2419 334 2449 de
357 2421 474 2451 honore
494 2423 623 2457 stature,
650 2426 689 2450 ut
712 2421 778 2461 ipse

82 2460 197 2491 cicero
210 2461 367 2501 appellat,
381 2468 415 2492 et
429 2461 591 2492 similibus
601 2463 778 2493 honoribus

81 2501 237 2534 habendis
253 2513 397 2534 mortuo.
425 2504 540 2543 Itaque
555 2506 781 2536 honorandum

84 2543 137 2576 hic
159 2547 327 2585 proprium
351 2552 400 2577 est
423 2548 578 2576 verbum:
604 2558 667 2587 quo
690 2552 725 2577 et
746 2549 779 2578 in

82 2587 195 2618 eadem
214 2598 247 2618 re
263 2597 339 2618 usus
361 2593 410 2619 est
426 2589 494 2620 Cic.
507 2589 592 2620 iufra
606 2600 633 2620 c.
649 2593 680 2620 3.
697 2599 782 2620 mor-

84 2633 149 2659 tem
166 2632 381 2661 monumentis
395 2632 553 2661 honorare
565 2645 573 2660 .·
598 2633 654 2662 ubi
669 2639 781 2663 tamen

85 2671 149 2702 Ms.
161 2672 225 2703 Gu.
239 2672 338 2702 habet
350 2674 546 2704 ornandam.
559 2683 657 2714 supra
667 2682 780 2705 autem

84 2712 126 2749 V,
145 2717 192 2748 Π.
209 2715 243 2744 in
261 2715 388 2746 Caesare
405 2716 521 2754 jungit
537 2726 654 2746 ornare
668 2722 703 2746 et
725 2719 782 2746 ho-

818 2165 850 2196 id
872 2165 1023 2206 displicet
1044 2167 1114 2207 ipso
1129 2175 1223 2196 sono.
1244 2166 1274 2195 ei
1295 2168 1376 2196 esta
1397 2164 1520 2204 glossa-

817 2214 903 2245 tore,
913 2209 1008 2249 idque
1022 2210 1063 2240 ab
1079 2209 1150 2240 aliis
1160 2209 1265 2246 libris,
1279 2209 1380 2238 etiam
1395 2207 1459 2238 Gu.
1473 2206 1519 2238 H.

817 2252 921 2281 abest.

864 2295 881 2323 5
905 2292 980 2324 Lar
1017 2292 1183 2332 Telmun]
1218 2292 1272 2323 Sic
1290 2291 1399 2322 Vatic.
1426 2290 1520 2322 Leid.

819 2342 853 2365 et
876 2335 944 2373 alii,
968 2336 1054 2366 unde
1071 2337 1144 2376 jam
1162 2335 1305 2366 Faernus
1328 2340 1362 2364 et
1384 2333 1440 2364 alii
1452 2333 1521 2364 edi-

821 2376 895 2407 dere
910 2387 968 2418 pro
983 2378 1116 2418 vulgato
1131 2377 1263 2409 Larces.
1286 2376 1352 2407 Alii
1366 2376 1447 2407 Mss.
1464 2375 1523 2406 ha-

823 2420 902 2450 bent
926 2420 1026 2457 Lars,
1054 2426 1092 2451 ut
1113 2421 1222 2451 Guelf.
1246 2419 1410 2460 quomodo
1433 2424 1467 2449 et
1487 2418 1523 2447 in

821 2462 916 2492 Livio
955 2463 1081 2493 editum
1117 2468 1168 2493 est
1208 2464 1242 2493 in
1278 2462 1350 2492 edd.
1388 2460 1523 2501 optimis

824 2505 925 2535 Gron.
951 2505 1057 2536 Drak.
1082 2515 1141 2536 nec
1164 2505 1377 2536 consentiunt
1391 2504 1451 2536 viri
1467 2503 1525 2532 do·

824 2548 882 2584 cti,
898 2552 1011 2578 utrum
1035 2548 1171 2578 omnino
1194 2549 1238 2578 sit
1261 2548 1391 2578 rectius.
1435 2545 1526 2576 Lar-

826 2595 872 2620 tes
899 2590 1030 2629 quidem
1062 2591 1217 2620 vitiosum
1245 2594 1306 2619 est.
1351 2588 1526 2627 Significat

825 2638 937 2662 autem
982 2632 1044 2662 hoe
1092 2641 1282 2671 praenomen
1326 2630 1525 2665 Dominum,

824 2674 1030 2714 Principem,
1060 2675 1188 2714 fuitque
1217 2682 1394 2705 commune
1418 2672 1526 2702 omni-

824 2716 883 2746 bus
897 2717 1054 2756 Regibus,
1069 2721 1108 2747 ut
1122 2717 1156 2747 in
1169 2716 1306 2747 Oriente
1322 2724 1444 2745 nomen
1459 2715 1525 2745 Ba-

83 2764 214 2792 norare,
233 2767 374 2797 quorum
396 2757 478 2788 illud
500 2758 540 2789 ad
564 2758 707 2795 laudem,
723 2759 785 2790 hoc
829 2758 888 2789 alis
911 2769 937 2790 s.
960 2760 1052 2789 Beli:
1091 2760 1178 2798 quod
1201 2759 1320 2799 origini
1345 2757 1526 2789 Hetrusca-

85 2797 128 2829 ad
162 2798 305 2830 honores
337 2800 494 2839 pertinet.
537 2801 635 2840 Quod
671 2806 784 2832 autem

83 2844 158 2879 post
171 2851 188 2871 e
203 2840 278 2872 Vat.
297 2842 514 2883 interponunt
527 2844 575 2872 ei:
590 2844 652 2874 nisi
665 2845 704 2880 ei,
716 2845 783 2883 qui,

829 2811 902 2832 rum
920 2802 1099 2833 consentit.
