1785 3185
245 99 345 132 1224
837 97 1084 136 ORATIO

242 198 458 240 crudelem
497 211 587 239 esse
621 199 790 250 vellent,
824 215 922 242 cum
961 203 1090 243 etiam
1128 202 1181 243 de
1214 200 1339 242 victis
1378 202 1679 258 reperiantur?

243 270 372 309 quam
403 254 543 305 multi,
572 256 660 311 qui,
692 271 789 297 cum
820 273 845 298 a
875 268 917 299 te
948 260 1107 299 nemini
1139 259 1304 314 ignosci
1337 259 1506 311 vellent,
1539 262 1674 316 impe·

241 313 384 353 dirent
413 312 683 354 clementiam
718 323 850 364 tuam,
881 330 979 356 cum
1010 317 1140 356 etiam
1173 316 1216 366 ii,
1239 317 1394 371 quibus
1427 318 1516 372 ipse
1548 319 1673 372 igno-

184 377 231 410 16
245 370 358 419 visti,
381 368 519 410 nolint
541 379 582 410 te
605 371 648 411 in
670 370 774 411 alios
796 386 885 412 esse
915 372 1229 413 misericordem
1248 375 1260 413 ἓ
1293 374 1459 420 Quodsi
1492 376 1673 430 probare

243 426 406 467 Caesari
441 441 674 482 possemus,
699 428 739 468 in
762 426 912 469 Africa
945 429 1165 483 Ligarium
1190 430 1366 470 omnino
1398 444 1483 471 non
1515 430 1671 472 fuisse:

243 484 277 523 si
301 483 482 524 honesto
506 495 549 524 et
570 484 831 524 misericordi
861 486 1085 526 mendacio
1107 486 1265 526 9saluti
1297 487 1402 527 civis
1433 487 1670 528 calamitosi

239 540 483 582 consultum
507 555 597 581 esse
616 540 840 582 vellemus:
866 550 1007 582 tamen
1033 542 1218 582 hominis
1239 557 1324 582 non
1348 554 1472 594 esset,
1490 545 1531 584 in
1550 553 1670 585 tanto

237 598 485 639 discrimine
506 607 548 637 et
572 597 759 652 periculo
782 597 902 647 civis,
924 598 1113 638 refellere
1134 608 1178 638 et
1207 614 1440 654 coarguere
1472 611 1666 642 nostrum

236 655 533 696 mendacium:
565 663 622 703 et,
643 654 678 694 si
710 664 821 694 esset
851 655 1046 709 alicujus,
1069 655 1161 709 ejus
1193 666 1307 696 certe
1339 670 1422 697 non
1449 667 1574 708 esset,
1595 657 1669 712 qui

237 712 278 752 in
316 712 463 753 eadem
498 725 625 751 causa
656 720 700 751 et
732 710 905 752 fortuna
937 712 1101 753 fuisset.
1162 712 1245 752 Sed
1280 724 1420 753 tamen
1455 712 1569 755 aliud
1602 724 1669 756 est

234 784 374 810 errare
406 767 621 808 Caesarem
653 767 779 818 nolle,
809 767 921 809 aliud
955 768 1065 810 nolle
1097 769 1301 810 misereri.
1363 773 1399 800 ¹0
1413 769 1523 810 Tum
1554 770 1670 812 dice-

235 840 325 867 res:
363 840 480 874 cave,
522 826 682 874 Caesar,
715 824 886 867 credas:
922 825 1005 866 fuit
1043 828 1085 866 in
1125 826 1274 867 Africa
1315 826 1534 882 Ligarius:
1570 827 1669 868 tulit

235 897 354 924 arma
374 891 524 923 eontra
547 891 602 922 te.
625 896 738 922 nune
761 881 862 936 quid
887 883 1021 924 dicis?
1052 898 1156 924 cave
1182 884 1394 939 ignoscas.
1456 883 1568 925 Haec
1589 899 1669 926 nec

236 940 438 990 hominis,
472 952 550 979 nec
581 938 633 978 ad
665 939 883 979 hominem
915 954 999 980 vox
1036 950 1128 981 est:
1161 956 1245 995 qua
1274 942 1347 996 qui
1378 941 1492 996 apud
1524 950 1580 992 te,
1613 941 1666 983 C.

239 997 400 1047 Caesar,
423 1005 581 1046 utetur,
605 1010 723 1037 suam
745 996 872 1036 citius
894 997 1071 1052 abjiciet
1092 997 1419 1049 humanitatem,
1441 1011 1568 1054 quam
1590 1013 1667 1040 ex-

239 1055 457 1109 torquebit
480 1062 612 1093 tuam.

191 1099 227 1152 6
295 1112 361 1152 Ac
409 1111 570 1167 primus
616 1110 757 1151 aditus
807 1118 850 1151 et
897 1111 1129 1166 postulatio
1173 1110 1413 1153 Tuberonis
1461 1112 1570 1164 haec,
1615 1122 1664 1154 ut

179 1169 404 1224 170pinor,
436 1168 546 1220 fuit3
578 1167 683 1208 velle
715 1182 757 1207 se
788 1167 840 1208 de
872 1168 928 1214 Q.
963 1167 1124 1225 Ligarii
1157 1169 1311 1210 scelere
1341 1169 1496 1211 dicere.
1559 1170 1661 1212 Non

233 1226 402 1277 dubito,
437 1225 540 1280 quin
577 1225 808 1265 admiratus
843 1225 913 1274 sis,
947 1226 1013 1265 vel
1046 1225 1161 1281 quod
1194 1226 1246 1267 de
1279 1225 1394 1266 nullo
1428 1226 1510 1267 alio
1546 1228 1662 1282 quis-

233 1297 378 1338 quam,
411 1282 476 1323 vel
505 1282 619 1337 quod
655 1282 702 1333 is,
733 1282 804 1336 qui
838 1282 878 1322 in
910 1283 1058 1323 eadem
1091 1297 1219 1323 causa
1251 1282 1414 1333 fuisset,
1445 1283 1511 1324 vel
1539 1285 1663 1340 quid-

232 1355 331 1380 nam
368 1340 518 1381 ¹1n0vi
550 1340 750 1380 facinoris
781 1338 965 1380 afferret.
1026 1340 1172 1380 Scelus
1204 1350 1248 1381 tu
1282 1339 1384 1380 illud
1413 1355 1555 1391 vocas,
1576 1340 1665 1381 Tu-

231 1398 362 1438 bero?
392 1399 498 1438 cur?
530 1397 611 1436 isto
633 1397 746 1436 enim
772 1396 945 1436 nomine
978 1396 1048 1437 illa
1077 1397 1218 1438 adhuc
1248 1412 1376 1439 causa
1405 1398 1557 1438 caruit.
1587 1398 1658 1439 alii

230 1468 416 1495 errorem
447 1453 686 1510 appellant:
719 1453 789 1494 alii
823 1453 1049 1495 timorem:
1081 1454 1154 1509 qui
1185 1454 1348 1505 durius,
1375 1468 1509 1510 spem,
1538 1455 1661 1511 cupi-

229 1512 423 1562 ditatem,
465 1512 626 1561 odium,
673 1511 978 1566 pertinaciam:
1022 1511 1094 1566 qui
1137 1512 1401 1567 gravissime,
1445 1513 1661 1552 temerita-

228 1577 342 1610 tem:
376 1568 525 1619 scelus,
566 1578 719 1624 praeter
756 1577 811 1618 te,
846 1568 985 1608 atlliuc
1023 1583 1164 1609 nemo.
1225 1568 1290 1609 Ac
1328 1568 1433 1609 mihi
1471 1569 1659 1624 quidem,

228 1626 264 1666 si
296 1626 517 1682 proprium
547 1635 590 1665 et
612 1639 756 1666 verum
790 1640 944 1665 nomen
979 1626 1111 1666 nostri
1143 1626 1242 1667 mali
1265 1636 1494 1681 quaeratur,
1517 1626 1658 1667 fatalis

227 1684 426 1740 quaedam
458 1682 677 1723 calamitas
711 1683 909 1723 incidisse
943 1683 1124 1733 videtur,
1154 1694 1197 1723 et
1228 1683 1488 1738 improvidas
1520 1682 1659 1724 homi-

227 1755 331 1781 num
365 1751 527 1781 mentes
558 1740 863 1795 occupavisse:
896 1749 943 1780 ut
968 1754 1092 1780 nenio
1115 1740 1255 1780 mirari
1282 1741 1449 1790 debeat,
1471 1740 1659 1783 humana

170 1805 217 1838 18
231 1798 409 1838 consilia
430 1797 576 1838 divina
598 1798 850 1838 necessitate
871 1812 960 1838 esse
983 1807 1193 1852 superata.
1231 1801 1266 1827 ¹2
1285 1798 1430 1838 Liceat
1456 1812 1546 1838 esse
1577 1798 1657 1838 mi-

98 1875 130 1906 p.
148 1869 214 1897 140.
230 1869 368 1897 seros:
401 1869 659 1910 quamquam
694 1854 775 1895 hoe
799 1855 959 1895 victore
990 1868 1079 1894 esse
1105 1870 1189 1895 non
1214 1869 1452 1910 possumus.
1476 1855 1547 1896 sed
1570 1869 1657 1896 non

185 1912 378 1968 a·loquor
405 1914 456 1953 de
488 1912 637 1953 nobis:
669 1911 720 1952 de
752 1911 831 1952 illis
864 1911 1027 1966 loquor,
1050 1912 1122 1966 qui
1155 1912 1419 1952 oeciderunt.
1481 1911 1659 1953 Fuerint

225 1971 388 2026 cupidi,
420 1970 579 2010 fuerint
610 1969 721 2019 irati,
753 1968 912 2009 fuerint
944 1969 1211 2024 pertinaces:
1246 1969 1413 2010 sceleris
1443 1983 1543 2010 vero
1574 1969 1658 2010 cri-

223 2028 354 2078 mine,
389 2027 558 2075 furoris,
598 2026 829 2082 parricidii,
865 2026 988 2066 liceat
1026 2025 1108 2066 Cn.
1143 2025 1351 2082 Pompeio
1390 2036 1573 2076 mortuo,
1606 2026 1657 2067 li-

221 2095 316 2126 ceat
338 2084 483 2125 multis
505 2084 597 2126 aliis
627 2097 781 2123 carere.
843 2083 1029 2129 Quando
1052 2082 1134 2124 hoc
1157 2084 1381 2138 quisquam
1404 2098 1456 2124 ex
1479 2093 1534 2134 te,
1557 2083 1657 2124 Cae-

221 2156 301 2192 sar,
333 2142 512 2191 audivit,
543 2151 617 2181 aut
648 2149 720 2180 tua
749 2141 849 2194 quid
882 2140 995 2181 aliud
1026 2155 1144 2180 arma
1175 2141 1413 2192 voluerunt,
1445 2141 1525 2181 nisi
1557 2155 1582 2181 a
1613 2149 1656 2181 te

219 2199 524 2239 contumeliam
556 2198 803 2254 propulsare
824 2200 836 2238 ,Ρ
868 2198 970 2251 quid
999 2198 1089 2252 egit
1113 2208 1209 2238 tuus
1233 2198 1300 2238 ille
1324 2198 1508 2239 invictus
1530 2211 1653 2238 exer-

219 2257 344 2306 citus,
369 2256 447 2295 nisi
474 2266 518 2296 ut
540 2270 661 2295 suum
679 2255 752 2309 jus
778 2265 980 2305 tueretur,
1002 2266 1045 2294 et
1068 2255 1326 2310 (lignitatem
1353 2257 1499 2296 tuam?
1520 2254 1655 2310 quid?

219 2322 281 2364 tu,
304 2327 402 2354 cum
427 2327 574 2369 pacem
597 2327 687 2354 esse
710 2313 929 2368 cupiebas,
952 2312 1050 2354 idue
1073 2313 1245 2368 agebas,
1268 2321 1316 2353 ut
1339 2312 1417 2353 tibi
1441 2326 1537 2353 cum
1561 2325 1652 2353 sce-

257 2477 276 2506 9
298 2471 399 2501 saluti
425 2471 502 2500 cir-is
525 2470 707 2500 calamitosi
729 2471 911 2500 consultum
954 2469 1061 2499 viana.

214 2524 278 2544 esse
307 2513 473 2551 vellemus]
505 2513 682 2543 Lambinus
707 2519 739 2541 et
766 2514 912 2541 ervius
1002 2514 1033 2540 ll
1054 2509 1309 2549 novifacinoris]
1329 2509 1416 2540 Libri
1431 2520 1491 2541 scr.
1504 2509 1652 2550 quidam,

216 2556 437 2596 praetulerunt
466 2555 604 2585 alteram
634 2555 794 2584 librorum
824 2559 911 2584 vete.
956 2555 1034 2584 item
1058 2553 1107 2583 ed.
1122 2553 1176 2583 W.
1191 2554 1329 2589 sceleris,
1347 2552 1431 2591 quod
1449 2552 1578 2583 videtur
1599 2561 1650 2582 se.

214 2608 288 2628 rum
312 2598 498 2633 lectionem,
520 2598 621 2627 saluti
644 2598 830 2627 calamitoso
846 2597 908 2626 civi
951 2604 1072 2635 quens:
1099 2597 1200 2625 scelus
1230 2600 1266 2625 tu
1292 2596 1377 2625 illud
1401 2605 1506 2631 vocas,
1537 2599 1650 2634 postus

214 2650 279 2669 esse
301 2641 464 2669 vellemus.
511 2639 573 2669 llla
596 2640 698 2677 inagis
717 2639 836 2677 placet,
853 2638 908 2668 sed
951 2639 1032 2668 lare.
1064 2638 1126 2668 Sed
1140 2647 1204 2667 non
1221 2643 1271 2667 est
1286 2647 1424 2667 necesse.
1459 2638 1648 2677 Suprajarn

213 2688 251 2711 ut
276 2692 341 2712 esse
365 2682 524 2718 deleatur,
548 2681 633 2720 qnod
658 2682 690 2711 in
717 2681 778 2711 hac
800 2681 908 2720 phrasi
951 2686 1013 2715 est,
1027 2682 1107 2710 velle
1119 2690 1151 2710 se
1164 2680 1202 2709 de
1218 2680 1259 2710 L.
1275 2681 1392 2710 scelere
1407 2680 1522 2710 dicere.
1555 2678 1650 2710 Nihil

213 2725 363 2764 nuspiam
379 2724 525 2754 additum
542 2724 656 2762 reperi.
951 2723 1088 2753 omnino
1104 2723 1252 2752 interest.

258 2770 293 2796 10
321 2766 406 2796 Tam
422 2767 556 2805 diceres]
584 2766 621 2795 In
635 2765 685 2795 ed.
701 2764 910 2795 Gronov-”iana
997 2767 1034 2794 12
1058 2765 1173 2797 Liceat
1188 2774 1251 2794 esse
1265 2763 1410 2805 miseros]
1433 2773 1464 2795 v.
1481 2762 1589 2795 Clavis
1612 2762 1649 2796 i-

209 2818 319 2839 errore
334 2818 505 2848 operarum
521 2814 571 2838 est
588 2807 651 2837 Tu.
672 2816 749 2837 nani
766 2809 811 2837 sic
826 2812 858 2837 et
875 2808 909 2837 in
952 2808 1036 2838 licet.
1602 2819 1606 2822 ·

209 2850 261 2883 ed.
276 2852 422 2883 Gruteri:
440 2857 586 2882 servatus
601 2859 690 2881 error
704 2855 753 2888 est
768 2850 801 2881 in
818 2849 910 2881 Grae-

1774 120 1777 128 i

1764 0 1769 60 l

1766 63 1769 93 l

1768 138 1770 157 r

1768 159 1779 182 ,i

1768 184 1779 211 μ
