1785 3185
475 113 831 152 PHILIPPICA
874 112 1077 151 PRIMA.
1391 115 1491 150 125³

69 224 179 268 cent,
203 216 237 258 si
259 216 406 258 velint.
467 215 579 258 Haec
600 223 743 257 utrum
767 214 938 256 tandem
970 214 1038 255 lex
1061 223 1139 265 est,
1161 229 1211 256 an
1235 215 1376 272 legum
1401 219 1551 258 om-Ql

67 276 185 316 nium
219 273 470 315 dissolutio?
500 273 594 327 quis
627 273 741 313 enim
763 281 827 312 est
856 271 998 321 hodie,
1024 271 1146 325 cujus
1176 272 1344 313 intersit
1366 274 1491 314 istam

68 331 206 386 legem
225 332 418 371 manere?
450 343 575 370 nemo
598 343 691 369 reus
715 338 780 369 est
802 329 893 368 istis
915 327 1107 383 legibus:
1149 330 1189 358 43
1205 342 1343 379 nemo,
1366 345 1493 385 quem

67 387 258 428 futurum
285 395 495 443 putemus.
527 385 654 426 armis
676 386 790 426 enim
820 394 954 441 gesta,
978 398 1207 439 numquam
1235 385 1427 440 profecto
1451 388 1495 428 in

61 444 275 500 judicium
314 445 595 485 vocabuntur.
654 442 714 483 At
748 457 811 483 res
845 441 1075 497 popularis·
1135 444 1175 471 4⁴
1190 441 1367 482 Utinam
1401 444 1496 497 qui-

67 501 164 555 dem
195 500 356 541 velletis
378 500 538 555 aliquid
569 514 658 541 esse
691 499 918 555 populare!
952 512 1098 539 omnes
1127 498 1238 538 enim
1256 498 1349 552 jam
1380 500 1495 543 cives

67 557 120 598 de
152 557 400 612 reipublicae
435 557 582 607 salute,
620 571 705 597 una
739 565 781 596 et
814 565 955 596 mente
988 565 1031 596 et
1066 569 1170 596 voce
1205 556 1494 597 consentiunt.

69 614 180 661 Quae
199 624 264 655 est
286 615 417 669 igitur
440 615 520 655 ista
540 613 753 668 cupiditas
779 613 871 667 ejus
893 612 998 668 legis
1019 611 1217 661 ferendae,
1240 627 1336 667 quae
1361 614 1495 668 turpi-

67 670 260 713 tudinem
288 685 496 712 summam
526 670 695 720 habeat,
719 670 899 725 gratiam
931 669 1116 710 nullam?
1146 669 1245 724 quid
1270 669 1385 710 enim
1408 679 1497 710 tur-

69 728 180 783 piUS,
203 743 330 783 quam
353 729 425 783 qui
448 728 714 782 majestatem
739 726 885 782 populi
912 725 1094 766 Romani
1125 740 1199 781 per
1221 726 1307 766 vim
1330 727 1496 767 minue-

67 785 138 836 rit,
169 799 282 836 eum,
301 785 549 825 damnatum
572 783 756 838 judicio,
778 783 883 823 45ad
915 797 1008 823 eam
1040 783 1174 837 ipsam
1207 783 1292 823 vim
1325 784 1493 834 reverti,

69 852 244 898 propter
272 856 399 897 quam
433 841 600 895 sitjure
632 842 883 881 damnatus?
915 840 997 880 Sed
1029 839 1130 894 quid
1167 839 1286 895 plura
1317 840 1369 881 de
1401 840 1555 897 legem

70 899 272 954 disputo?
302 898 421 953 quasi
455 911 554 938 vero
589 897 631 938 id
663 907 829 952 agatur,
850 905 897 936 ut
931 897 1156 951 quisquam
1192 906 1408 952 provocet.
1451 898 1495 939 id

72 956 229 1010 agitur,
252 955 292 995 id
318 955 464 1004 fertur,
486 969 539 995 ne
561 954 656 1009 quis
679 953 855 994 omnino
878 968 1079 1008 umquam
1102 953 1192 994 istis
1214 953 1379 1009 legibus
1403 969 1497 995 reus

70 1011 160 1052 fiat.
222 1011 329 1058 Quis
356 1011 470 1051 enim
503 1022 576 1052 aut
609 1022 829 1051 aecusator
859 1018 946 1050 tam
979 1024 1123 1051 amens
1157 1011 1402 1065 reperietur,
1424 1012 1499 1067 qui

70 1082 142 1109 reo
161 1068 446 1109 condemnato
479 1068 610 1122 objici
647 1082 689 1107 se
722 1067 984 1107 multitudini
1009 1067 1234 1108 conductae
1267 1068 1395 1110 velit?
1426 1078 1500 1110 aut

62 1125 217 1181 judex,
239 1125 312 1180 qui
345 1139 460 1165 reum
495 1125 696 1165 damnare
727 1124 895 1174 audeat,
926 1134 973 1164 ut
1005 1125 1096 1179 ipse
1128 1125 1180 1165 ad
1211 1139 1360 1180 operas
1390 1140 1499 1166 mer-

71 1182 261 1222 cenarias
295 1183 440 1222 statim
464 1182 763 1238 protrahatur?
795 1181 895 1221 Non
918 1181 1049 1237 igitur
1071 1182 1320 1237 provocatio
1340 1183 1421 1223 ista
1443 1183 1501 1224 le-

71 1253 126 1294 ge
157 1238 304 1283 datur:
338 1239 409 1279 sed
445 1239 541 1279 duae
572 1238 760 1278 maxime
792 1238 992 1278 salutares
1021 1237 1135 1293 leges
1157 1240 1502 1295 quaestionesque

73 1294 294 1336 tolluntur.
353 1296 394 1326 46
409 1295 525 1342 Quid
548 1304 612 1335 est
634 1295 746 1336 aliud
775 1295 989 1335 adhortari
1013 1295 1315 1346 adolescentes,
1344 1307 1391 1338 ut
1414 1308 1502 1338 tur-

73 1351 252 1403 bulenti,
273 1361 319 1393 ut
341 1352 546 1402 seditiosi,
569 1361 618 1393 ut
646 1352 872 1407 perniciosi
896 1353 1010 1393 cives
1034 1352 1165 1393 velint
1186 1367 1276 1394 esse
1292 1356 1304 1395 ?
1319 1357 1359 1388 47
1373 1369 1500 1409 quam

72 1418 216 1450 autem
245 1409 296 1450 ad
331 1409 576 1465 reipublicae
615 1417 775 1465 pestem
804 1409 921 1449 furor
944 1409 1197 1450 tribunicius
1233 1410 1392 1466 impelli
1415 1427 1502 1453 non

75 1466 250 1521 poterit,
287 1465 353 1506 his
392 1467 556 1507 duabus
598 1466 924 1521 quaestionibus,
954 1467 1006 1507 de
1050 1467 1105 1517 vi,
1136 1477 1179 1506 et
1217 1467 1269 1508 de
1300 1469 1500 1523 majesta-

74 1531 133 1573 te,
175 1522 378 1564 sublatis?
429 1523 562 1573 Quid,
592 1523 705 1577 quod
728 1523 962 1578 obrogatur
984 1523 1149 1579 legibus
1184 1523 1380 1576 Caesaris,
1403 1529 1561 1581 quae23

66 1579 241 1635 jubent,
262 1579 315 1630 ei,
337 1579 409 1635 qui
441 1581 494 1621 de
525 1580 581 1630 vi,
613 1581 800 1634 itemque
830 1581 883 1630 ei,
907 1581 978 1636 qui
1011 1581 1245 1636 majestatis
1276 1582 1503 1625 damnatus

74 1636 145 1687 sit,
177 1651 287 1692 aqua
316 1647 359 1677 et
392 1637 482 1693 igni
516 1637 740 1678 interdici?
770 1637 924 1692 quibus
956 1652 1054 1678 cum
1086 1639 1336 1693 provocatio
1365 1640 1504 1692 datur,

73 1707 218 1734 nonne
247 1702 344 1734 aeta
369 1693 552 1734 Caesaris
583 1694 906 1736 rescinduntur?
958 1695 1069 1741 Quae
1100 1695 1272 1750 quidem
1303 1711 1400 1752 ego,
1429 1713 1505 1754 pa-

75 1757 159 1791 tres
189 1750 438 1806 conscripti,
460 1751 532 1805 qui
566 1750 638 1791 illa
667 1765 899 1806 numquam
935 1753 1128 1808 probavi,
1161 1752 1221 1792 ita
1249 1759 1548 1796 conservan-b.

75 1805 130 1848 da
149 1807 391 1850 concordiae
414 1822 542 1849 eausa
568 1807 797 1849 arbitratus
822 1823 929 1859 sum,
964 1819 1010 1850 ut
1032 1823 1118 1850 non
1138 1809 1281 1861 modo,
1304 1825 1408 1866 quas
1444 1813 1508 1864 vi-

116 1922 157 1951 43
179 1930 272 1951 nemo
293 1921 353 1961 est]
379 1921 493 1952 Delevi
517 1926 574 1952 est.
618 1922 670 1952 Sic
692 1932 710 1952 e
730 1922 768 1952 li-

78 1962 144 1992 bris
160 1963 301 2001 antiquis
314 1964 414 1993 etiam
432 1963 587 2000 Faernus,
604 1964 767 2001 Muretus,

76 2005 224 2044 proxime
241 2005 397 2035 Graevius.
421 2005 522 2035 Abest
536 2011 569 2035 et
580 2005 643 2035 Ms.
661 2006 723 2036 Gu.
735 2012 769 2036 et

75 2046 146 2076 edd.
178 2046 273 2076 Rom.
301 2047 384 2078 Ven.
416 2048 487 2077 Vic.
519 2049 576 2077 ἃς.
619 2049 768 2078 Vicissim

78 2088 212 2119 mallem
228 2088 300 2119 addi
317 2099 390 2118 mox
406 2089 440 2118 in
461 2091 505 2119 At
520 2099 571 2119 res
579 2091 750 2129 popularis
758 2104 769 2123 ,-

78 2130 134 2160 ubi
149 2130 278 2161 ultimae
304 2131 408 2161 literae
431 2131 463 2160 in
480 2141 530 2161 res
553 2131 703 2161 videntur
716 2132 772 2162 ab-

78 2173 249 2213 sorpsisse:
273 2173 338 2203 sive
354 2173 428 2203 inde
449 2173 546 2203 lectio
570 2172 640 2203 edd.
656 2183 703 2213 pr.
714 2184 772 2214 po-

71 2216 220 2254 pulares.

119 2259 162 2288 44
189 2256 234 2287 Ut
247 2256 376 2295 quidem
397 2257 519 2286 velletis
540 2257 766 2299 aliquidpop]

79 2298 131 2328 Sic
158 2299 241 2329 bene
277 2297 422 2327 Graevius
443 2309 461 2328 e
497 2300 560 2330 Ms.
588 2299 710 2331 Ferrar.
737 2307 772 2332 et

78 2340 156 2378 suis,
182 2340 297 2380 quibus
325 2340 537 2371 consentiunt
559 2341 621 2371 Gu.
645 2346 678 2372 et
700 2342 771 2373 edd.

77 2392 127 2422 pr.
150 2392 208 2422 pro
231 2382 364 2420 vulgato
385 2383 515 2413 utinam
531 2384 659 2423 quidem
680 2386 775 2416 vellet

79 2425 108 2454 is
124 2425 250 2464 aliquid
259 2425 419 2463 populare
429 2436 438 2454 :
463 2425 548 2464 quod
566 2426 650 2456 forte
665 2432 714 2457 est
729 2428 776 2457 vi-

78 2467 166 2496 tium
179 2475 362 2506 operarum.

121 2510 163 2539 45
185 2509 232 2538 ad
253 2517 325 2538 eam
348 2509 452 2547 ipsam
477 2507 558 2548 vim]
585 2508 712 2550 Nempe
727 2512 776 2542 vis

81 2550 258 2590 opponitur
279 2549 415 2589 legibus,
431 2554 465 2580 et
480 2551 534 2589 qui
557 2550 597 2580 ad
611 2552 771 2593 populum

83 2591 291 2631 provocabat,
308 2592 328 2622 i.
345 2602 374 2622 e.
389 2592 429 2622 ad
443 2592 648 2630 concionem,
663 2600 701 2624 ut
714 2595 771 2625 illo

82 2638 243 2673 tempore,
258 2643 275 2663 e
291 2634 496 2664 mercenariis
510 2638 544 2664 et
565 2632 699 2666 armatis
714 2637 772 2667 ho-

81 2675 237 2711 minibus,
252 2675 278 2705 is
292 2675 356 2705 vim
373 2676 551 2715 spectabat.
597 2677 773 2717 Sequentia

83 2715 117 2746 id
131 2716 261 2746 docent.
305 2718 459 2748 Ceterum
475 2719 554 2754 vim,
569 2719 654 2758 quod
669 2731 686 2750 e
708 2721 771 2752 Ms.

84 2767 144 2787 auo
179 2757 301 2788 addidit
337 2758 490 2797 Faernus,
526 2765 576 2790 est
605 2761 703 2792 etiam
738 2764 772 2793 in

85 2798 195 2829 Guelf.
211 2800 302 2831 abest
315 2800 354 2831 ab
369 2801 440 2832 edd.
457 2811 505 2841 pr.

124 2841 167 2872 ⁴6
189 2841 282 2885 ‚Quid
293 2847 339 2874 eet
357 2843 452 2874 aliud
465 2845 571 2884 igitur
586 2845 771 2887 adhortari]

813 1923 948 1953 Inscitia
972 1923 1130 1962 elegantis
1155 1923 1329 1954 latinitatis
1352 1924 1443 1963 fecit,
1471 1931 1511 1959 ut

811 1964 881 1994 haee
909 1965 995 1995 varie
1025 1966 1314 2005 interpolarentur.
1361 1967 1509 2000 Primum

812 2007 917 2044 igitur
945 2018 962 2037 e
990 2007 1147 2047 praecedd.
1177 2013 1301 2038 temere
1331 2011 1510 2049 repetitum

811 2054 873 2085 est,
888 2054 922 2078 et
943 2059 962 2079 a
979 2048 1165 2079 melioribus
1182 2050 1260 2080 Mss.
1277 2050 1378 2082 abest.
1405 2063 1508 2092 eoque

814 2090 921 2121 deleto
936 2091 1083 2130 legitima
1098 2092 1262 2122 Ciceronis
1277 2092 1383 2123 forma
1399 2095 1433 2124 in
1448 2096 1510 2126 hae

815 2133 920 2171 figura
955 2133 1152 2171 restituitur,
1180 2139 1219 2164 ut
1245 2135 1315 2175 jam
1351 2135 1507 2175 Faernus,

816 2175 965 2205 Muretus
980 2173 1099 2214 aliique
1122 2176 1237 2206 fecere.
1283 2177 1361 2206 Post
1381 2178 1508 2211 addunt

815 2217 888 2247 libri
924 2226 1036 2257 quam,
1072 2222 1194 2254 noster,
1229 2219 1293 2248 nisi
1319 2220 1395 2250 adh.
1424 2222 1510 2260 quod

812 2258 967 2298 placeret,
989 2259 1014 2288 si
1036 2263 1113 2289 ante
1137 2264 1222 2290 esset
1244 2260 1336 2300 ‚Quid
1357 2262 1394 2292 id
1417 2267 1463 2293 est
1476 2274 1510 2295 α.

813 2301 875 2331 Sed
904 2307 1080 2340 utrumque
1107 2306 1156 2331 est
1181 2302 1221 2332 ab
1259 2303 1507 2344 interpolatore.

815 2342 874 2373 Est
897 2347 1007 2374 autern
1038 2343 1144 2373 forma
1165 2344 1322 2384 elliptiea,
1352 2346 1509 2385 iutelligi-

815 2389 946 2424 tur-que,
968 2387 995 2416 εὶ
1009 2386 1065 2416 hoc
1088 2395 1151 2416 non
1169 2391 1226 2417 ese.
1270 2387 1362 2429 Saepe
1383 2389 1429 2419 sic
1456 2389 1509 2420 Ci-

818 2437 904 2459 cer-0.

857 2472 896 2503 47
920 2480 1019 2509 quam
1034 2475 1145 2500 autem
1159 2471 1369 2510 ad-impelli
1383 2481 1446 2501 mm
1455 2472 1508 2512 p.]

817 2511 1131 2552 Quem—impellere
1152 2523 1215 2543 non
1233 2514 1364 2552 poterit,
1388 2514 1510 2545 habent

814 2554 893 2585 Mss.
918 2554 1043 2593 aliquot
1066 2555 1155 2591 boni,
1171 2556 1205 2585 in
1229 2555 1277 2585 his
1293 2555 1400 2586 Guelf.
1424 2556 1510 2594 quod

813 2600 848 2625 et
862 2597 1054 2635 praeferebat
1070 2597 1246 2628 Ferrarius.
1291 2597 1436 2627 Faernus
1452 2607 1509 2627 au-

813 2642 882 2668 tem
914 2639 948 2668 in
975 2639 1058 2668 libro
1087 2648 1145 2668 suo
1172 2640 1400 2678 antiquissimo
1425 2640 1507 2678 reip.

815 2689 881 2709 non
895 2680 1047 2717 habebat,
1065 2681 1266 2721 putabatque
1280 2680 1440 2711 efficacius
1453 2681 1510 2711 ab·

813 2731 900 2752 esse:
924 2723 1033 2761 itaque
1047 2727 1080 2754 et
1104 2723 1252 2752 Graevius
1266 2722 1397 2753 delevit.
1441 2722 1509 2753 lm·

815 2773 869 2793 mo
883 2764 1026 2794 efficacia
1040 2769 1090 2795 est
1105 2765 1139 2794 in
1164 2763 1391 2803 magnitudine
1416 2764 1508 2804 mali,

815 2815 890 2845 quae
903 2810 965 2843 est,
980 2806 1006 2836 si
1021 2807 1061 2838 ad
1076 2816 1178 2848 remp.
1193 2806 1348 2847 pertinet.
