1812 3147
399 127 475 166 AD
499 125 750 168 Qumrrns
775 125 907 164 Pos'r
933 123 1195 166 REDITUM.
1439 131 1512 168 321

84 241 254 274 noctem
286 232 366 274 sibi
397 230 449 272 ad
471 229 790 272 deliberandum
823 228 1106 285 postulasset:
1138 243 1234 284 quae
1265 230 1516 276 deliberatio

82 304 169 331 non
211 291 252 331 in
290 288 516 338 reddenda,
553 287 913 342 quemadmodum
950 286 1144 327 nonnulli
1184 287 1517 342 arbitrabantur,

84 347 172 397 sed,
195 356 242 387 ut
274 345 536 402 patefactum
564 355 642 395 est,
674 345 716 385 in
748 343 944 399 augenda
974 343 1169 383 mercede
1191 355 1416 386 consumta
1437 357 1516 389 est.

86 402 242 445 Postea
265 418 327 444 res
349 412 444 443 acta
466 412 530 442 est
553 401 594 441 in
616 413 764 442 senatu
788 401 871 441 alia
890 399 1030 451 nulla;
1061 414 1157 440 cum
1184 401 1308 441 variis
1341 404 1516 444 rationi-

84 461 164 501 bus
187 460 478 516 impediretur,
500 468 543 499 et
566 458 785 499 voluntate
806 467 948 498 tamen
971 455 1161 512 perfecta
1183 467 1352 498 senatus
1374 474 1516 512 causa,

84 517 137 558 ad
162 531 236 557 vos
260 531 402 557 mense
422 515 522 558 Jan.
545 515 829 556 deferebatur.
890 513 978 555 Hic
1002 523 1168 554 tantum
1192 514 1388 556 interfuit
1409 517 1518 559 inter
1533 523 1580 558 12

84 588 153 615 me
174 585 218 615 et
239 574 436 615 inimicos
458 587 589 613 meos,
650 572 760 628 Ego,
782 586 882 612 cum
913 571 1107 612 homines
1138 571 1181 612 in
1206 572 1405 613 tribunali
1428 574 1520 615 Au-

85 631 188 672 relio
210 631 350 686 palam
382 629 592 672 conscribi
625 630 941 685 centuriarique
973 628 1198 670 vidissem:
1232 644 1330 669 cum
1364 630 1520 672 intelli-

85 702 244 744 gerem,
269 699 428 729 veteres
460 688 510 728 ad
537 701 653 742 spem
677 687 808 728 caedis
832 685 1033 727 Catilinae
1056 686 1202 742 copias
1225 700 1315 726 esse
1345 688 1384 717 ‘25
1400 702 1521 729 revo-

84 755 224 796 catas;
255 760 353 786 cum
388 744 588 794 viderem,
619 758 673 784 ex
706 758 755 784 ea
789 753 907 799 parte
940 742 1150 793 homines,
1182 743 1356 797 2chjus
1391 747 1522 800 partis

85 816 164 843 nos
189 802 252 843 vel
283 803 498 858 principes
529 802 872 851 numerabamur,
895 799 1051 857 partim
1073 800 1189 856 quod
1220 801 1327 841 mihi
1358 802 1523 844 invide-

85 870 195 909 rent,
235 860 388 915 partim
423 859 536 914 quod
575 859 656 898 sibi
690 859 904 908 timerent,
934 867 1006 898 aut
1041 858 1281 913 proditores
1315 872 1418 909 esse,
1448 871 1523 900 aut

85 915 319 957 desertores
354 915 500 956 salutis
531 930 663 956 meae:
697 930 792 956 cum
827 915 912 955 duo
943 914 1152 966 consules,
1183 915 1285 955 emti
1324 917 1523 971 pactione

86 973 419 1028 provinciarum,
442 983 637 1014 auctores
667 986 710 1012 se
732 972 918 1013 inimicis
949 971 1197 1027 reipublicae
1221 972 1522 1016 tradidissent:

87 1044 186 1071 cum
216 1041 466 1086 egestatem,
499 1030 738 1079 avaritiam,
774 1029 971 1070 libidines
1005 1043 1100 1069 suas
1135 1030 1327 1070 viderent
1360 1033 1522 1087 expleri

85 1101 173 1128 non
197 1102 334 1143 posse,
358 1088 435 1127 nisi
461 1102 528 1128 me
549 1090 585 1121 27
603 1086 884 1127 constrictum
903 1087 1149 1127 domesticis
1170 1087 1366 1128 hostibus
1385 1089 1527 1130 dedis-

87 1155 206 1196 sent3
227 1159 325 1186 cum
349 1154 519 1185 senatus
541 1145 790 1199 equitesque
816 1144 1000 1184 Romani
1026 1143 1126 1184 flere
1150 1159 1326 1199 prome,
1348 1161 1412 1196 ac,
1435 1162 1528 1187 mu-

88 1209 178 1242 tata
203 1212 332 1253 veste,
355 1203 476 1242 vobis
508 1201 748 1257 supplicare
779 1201 931 1242 edictis
962 1211 1090 1256 atque
1122 1202 1311 1258 imperiis
1334 1214 1528 1245 vetaren-

88 1266 181 1300 tur:
214 1274 312 1300 cum
334 1260 528 1299 omnium
552 1258 868 1314 provinciarum
894 1258 1127 1314 pactioneS‚
1146 1274 1241 1300 cum
1264 1261 1410 1301 omnia
1428 1276 1528 1302 cum

86 1316 288 1357 omnibus
311 1316 491 1367 foedera,
522 1315 891 1357 reconciliationes
923 1316 1172 1372 gratiarum,
1196 1318 1404 1372 sanguine
1430 1333 1528 1359 meo

88 1374 380 1425 sancirentur3
411 1388 507 1414 curn
533 1387 680 1414 omnes
704 1375 805 1414 boni
829 1387 914 1414 non
946 1384 1203 1424 recusarent,
1226 1375 1329 1429 quin
1354 1375 1418 1415 vel
1451 1391 1527 1432 pro

88 1445 174 1480 me,
208 1431 271 1472 vel
304 1445 470 1472 mecum
507 1431 718 1486 perirent:
750 1430 877 1471 armis
908 1430 1123 1471 decertare
1159 1446 1235 1487 pro
1269 1447 1363 1473 mea
1393 1433 1528 1474 salute

87 1487 222 1538 nolui,
244 1489 411 1543 28quod
435 1498 477 1529 et
499 1489 668 1528 vincere
690 1497 733 1529 et
756 1488 869 1528 vinci
894 1487 1138 1528 luctuosum
1162 1489 1410 1544 reipublicae
1434 1490 1527 1531 fore

89 1545 253 1602 putavi.
313 1545 373 1586 At
401 1546 564 1586 inimici
596 1545 695 1595 mei,
719 1559 864 1586 mense
892 1544 992 1586 Jan.
1015 1560 1114 1586 cum
1136 1546 1188 1586 de
1217 1561 1286 1588 me
1315 1556 1526 1603 ageretur,
1545 1567 1592 1600 14

88 1603 341 1658 corporibus
371 1604 531 1643 civium
564 1603 802 1654 trucidatis,
830 1603 1007 1644 flumine
1037 1604 1257 1659 sanguinis
1289 1619 1431 1645 meum
1462 1618 1662 1655 re-p.202.

87 1660 224 1701 ditum
257 1659 624 1701 intercludendum
657 1669 931 1716 putaverunt.
992 1660 1144 1716 Itaque
1167 1676 1263 1701 cum
1287 1676 1369 1717 ego
1391 1662 1526 1713 abfui,
1541 1671 1571 1691 a·

89 1731 183 1758 eam
212 1717 520 1773 rempublicam
553 1718 778 1769 habuistis,
804 1728 852 1758 ut
881 1732 1003 1773 aeque
1028 1733 1111 1769 me,
1142 1729 1270 1773 atque
1303 1720 1433 1770 illam,
1465 1735 1528 1761 re-

87 1775 346 1816 stituendam
387 1776 609 1830 putaretis.
671 1774 766 1832 Ego
804 1785 962 1825 autem,
1002 1776 1044 1816 in
1085 1790 1170 1831 qua
1204 1776 1382 1818 civitate
1422 1777 1531 1818 nihil

87 1832 247 1873 valeret
269 1845 455 1883 senatus,
478 1833 617 1873 omnis
638 1844 749 1874 esset
779 1833 1028 1889 impunitas,
1057 1833 1174 1874 nulla
1196 1833 1379 1888 judicia,
1403 1835 1465 1875 vis
1488 1846 1533 1876 et

91 1888 250 1930 ferrum
274 1890 316 1930 in
339 1889 433 1930 foro
456 1900 748 1942 versarentur3
780 1905 878 1931 cum
901 1891 1059 1946 privati
1084 1906 1128 1932 se
1152 1891 1361 1946 parietum
1385 1892 1533 1948 praesi-

91 1946 180 1998 dio,
204 1961 287 1987 non
311 1946 452 2002 legum
480 1956 722 2000 tuerentur,
744 1948 905 1989 tribuni
930 1947 1081 2004 plebis,
1105 1949 1228 1989 vobis
1251 1948 1532 2005 inspectanti-

92 2003 188 2054 bus,
222 2003 555 2055 vulnerarentur,
586 2005 638 2046 ad
674 2007 1002 2061 magistratuum
1030 2006 1180 2047 domos
1215 2020 1314 2047 cum
1348 2006 1459 2047 ferro
1490 2016 1535 2048 et

92 2059 260 2102 facibus
283 2062 429 2112 iretur,
451 2062 637 2102 consulis
660 2062 794 2104 fasces
826 2062 1139 2119 frangerentur,
1161 2063 1337 2104 deorum
1359 2064 1536 2105 immor-

92 2117 241 2159 talium
267 2118 426 2174 templa
447 2117 800 2162 incenderentur:
833 2121 1142 2176 rempublicam
1161 2135 1253 2162 esse
1274 2120 1433 2162 nullam
1458 2137 1537 2178 pu-

95 2175 198 2216 tavi.
259 2174 411 2231 Itaque
442 2190 595 2231 neque,
619 2177 839 2232 republica
860 2178 1162 2229 exterminata,
1184 2178 1290 2218 mihi
1322 2178 1465 2219 locum
1492 2180 1538 2220 in

92 2231 174 2274 hac
195 2233 301 2273 urbe
322 2247 413 2273 esse
434 2234 538 2274 duxi
557 2251 566 2275 ε
598 2249 691 2285 nec,
715 2234 749 2275 si
772 2234 843 2276 illa
865 2236 1173 2286 restitueretur,
1195 2236 1408 2286 dubitavi,
1431 2237 1536 2291 quin

94 2303 163 2331 me
193 2305 337 2331 secum
367 2291 459 2346 ipsa
487 2292 721 2332 reduceret.
780 2291 850 2333 An
873 2307 971 2348 egO,
994 2307 1093 2333 cum
1124 2293 1231 2334 milii
1253 2302 1365 2333 esset
1386 2294 1537 2350 explo-
1554 2314 1601 2348 15

136 2404 178 2435 25
199 2404 380 2444 revocatas]
406 2405 516 2436 Etiam
534 2405 598 2436 Ms.
613 2405 676 2435 Gu.
693 2405 793 2436 habet
834 2406 956 2436 Aldum
979 2416 1092 2445 usque,
1107 2407 1162 2446 qui
1183 2407 1308 2446 primus
1326 2408 1538 2438 constrictum

93 2451 279 2482 renovatas,
303 2453 341 2478 ut
364 2448 425 2478 Dr.
446 2448 499 2478 Fr.
522 2448 573 2478 ed.
595 2447 650 2478 W.
671 2449 794 2480 usitata
835 2449 958 2486 edidit3
982 2449 1069 2488 quod
1082 2454 1116 2479 et
1138 2449 1306 2479 sententia
1319 2454 1353 2479 et
1368 2449 1475 2480 forma
1489 2449 1538 2481 lo-

94 2488 295 2519 confusione.
836 2491 954 2530 quendi
971 2491 1137 2522 Ciceronis
1151 2491 1185 2521 in
1201 2491 1262 2521 hac
1277 2492 1442 2522 sententia
1456 2491 1539 2523 desi·

137 2530 178 2560 96
199 2529 294 2569 citius
313 2532 425 2570 partis
446 2542 502 2562 nos
520 2531 591 2572 pin]
619 2531 699 2562 Mss.
725 2533 796 2570 qui·
838 2535 941 2564 derat.
987 2533 1092 2564 Miror
1106 2533 1159 2563 hic
1174 2534 1339 2564 Gra-vium
1355 2534 1493 2565 haesisse.

96 2571 184 2608 dam,
213 2573 313 2603 etiam
342 2573 405 2604 Gu.
437 2575 489 2606 ed.
518 2575 572 2605 W.
603 2577 656 2604 cui
689 2575 795 2614 parti,
881 2579 920 2607 5¹8
939 2576 1024 2616 quod
1035 2581 1066 2606 et
1080 2578 1207 2606 vincere
1226 2576 1302 2615 δια]
1329 2577 1408 2606 Mss.
1426 2577 1538 2613 multi,

97 2613 185 2652 quod
210 2615 295 2645 male
322 2615 468 2647 Graevius
498 2618 632 2658 recepit.
677 2617 796 2647 Exem-
838 2620 938 2648 etiam
954 2619 1016 2648 Gu.
1035 2617 1114 2649 item
1137 2618 1208 2648 edd.
1232 2628 1281 2658 pr.
1303 2628 1404 2657 usque
1428 2618 1468 2648 ad
1482 2619 1538 2649 Vi-

97 2655 153 2696 pla
165 2658 233 2695 ejus
247 2658 359 2687 omnia
373 2664 450 2688 sunt
465 2658 583 2690 aliena.
601 2669 679 2690 nam
702 2660 735 2689 iu
757 2659 796 2689 iis
840 2662 980 2691 ctorium
1002 2660 1138 2697 habent,
1153 2661 1237 2700 quod
1251 2663 1356 2699 potui,
1373 2661 1458 2699 qnod
1474 2662 1539 2701 (vel

97 2698 194 2728 verba
215 2704 306 2736 sunt,
330 2709 402 2738 quae
427 2700 573 2732 dativum
602 2708 734 2742 regunt,
757 2706 797 2731 ut
839 2704 1005 2742 quoniam)
1038 2708 1069 2733 et
1092 2714 1123 2733 v.
1153 2705 1210 2732 διο.
1268 2703 1368 2741 quue
1392 2703 1541 2733 Graevius

93 2740 250 2779 proebere,
274 2743 477 2780 promittere,
503 2744 620 2783 quibus
641 2743 796 2775 dissimile
839 2746 997 2776 restituit.
1051 2746 1149 2781 Puto,
1176 2744 1261 2783 quod
1288 2745 1382 2784 potui
1418 2754 1486 2776 esse
1521 2756 1541 2776 a

98 2786 150 2812 est
163 2791 346 2814 nurnerare.
839 2787 958 2826 glossa.
1003 2787 1163 2823 Potuisse,
1178 2796 1237 2816 sua
1250 2790 1366 2826 sponte
1387 2796 1426 2816 ex
1449 2793 1541 2818 antc-

141 2825 182 2857 27
196 2825 418 2865 constrictum]
444 2825 586 2866 Quidam
608 2837 670 2858 scr.
687 2827 721 2857 in
744 2825 796 2857 his
839 2828 1030 2862 cedentibus
1045 2829 1184 2868 intelligi
1199 2834 1320 2869 potest.

98 2863 164 2897 Gn.
186 2874 222 2898 et
245 2866 319 2898 edd.
346 2877 397 2908 pr.
423 2877 537 2899 omnes
558 2869 731 2910 afflictum
755 2868 798 2900 ad
1100 2888 1103 2891 -
