1785 3185
260 131 359 165 1336
851 126 1098 169 ORATIO

177 231 240 278 13
312 230 459 272 Altera
480 244 544 272 res
562 240 626 273 est
646 232 697 274 de
719 230 953 276 honoribus
971 251 980 277 :
1012 235 1066 276 de
1086 234 1241 291 quibus
1261 234 1462 290 deinceps
1482 234 1676 291 intelligo

190 300 241 335 35
255 301 345 328 esse
377 289 618 330 dicendum.
679 290 761 331 Sed
793 291 866 346 qui
896 293 1000 333 ordo
1023 292 1067 332 in
1097 292 1316 333 sententiis
1339 292 1537 345 rogandis
1560 307 1676 333 more

252 345 467 399 majorum
490 346 644 387 servari
668 346 789 396 solet,
812 349 994 389 eundem
1028 348 1183 389 tenebo
1207 349 1248 389 iu
1272 349 1371 388 viris
1395 344 1576 389 fortibus
1598 348 1675 389 ho-

250 402 467 443 norandis
526 401 564 443 A
599 403 735 444 Bruto
767 405 913 459 igitur,
935 405 1161 446 72consiile
1196 405 1434 459 designato,
1456 405 1674 460 capiamus

250 459 501 501 exordium:
534 460 656 515 cujus
686 470 733 500 ut
754 461 971 515 superiora
1002 461 1214 511 omittam,
1238 476 1332 515 quae
1367 470 1465 502 sunt
1487 463 1676 502 maxima

250 513 321 555 illa
353 517 540 570 quidem,
563 517 633 556 sed
655 517 794 557 adhuc
828 516 1049 557 hominum
1079 518 1420 573 magisjudiciis,
1441 533 1568 572 quarn
1597 532 1676 574 pu-

252 571 361 613 blice
395 573 588 614 laudata:
619 573 875 628 quibusnam
904 574 1043 613 verbis
1076 574 1168 628 ejus
1205 573 1345 614 laudes
1379 574 1506 628 liujus
1541 575 1674 630 ipsius

250 631 455 684 temporis
477 630 679 684 consequi
706 632 956 685 possumus?
987 645 1123 686 neque
1150 631 1261 670 enim
1290 630 1674 672 ullammercedem

250 694 372 726 tanta
394 687 540 736 virtus,
561 695 714 742 prce-ter
746 686 856 726 hanc
888 686 1022 727 laudis
1055 687 1302 743 gloriaeque,
1325 687 1559 728 desiderat:
1590 702 1675 742 qua

251 742 417 783 etiamsi
435 753 590 793 careat,
613 753 755 784 tamen
772 743 826 783 sit
848 757 891 783 se
910 745 1001 800 ipsa
1018 753 1238 793 contenta,
1261 754 1388 798 atque
1406 744 1446 784 in
1472 745 1677 784 memoria

253 809 470 854 gratorum
488 800 662 850 civium,
677 809 893 854 tamquam
908 801 948 840 in
965 800 1056 841 luce
1076 801 1214 857 posita
1233 801 1413 841 laetctur.
1437 800 1524 840 laus
1543 800 1676 856 igitur

188 853 240 886 36
253 856 458 910 7³judieii,
481 856 800 911 testimoniique
824 858 964 907 vestri,
990 858 1213 898 tribuenda
1236 857 1370 898 Bruto
1395 867 1472 897 est.
1513 857 1675 903 Quam-

208 900 396 953 b‘obrem
428 914 494 953 his
518 914 673 963 verbis,
697 923 835 968 patres
857 915 1104 970 conscripti,
1132 914 1545 955 senatusconsultum
1569 913 1674 954 faci-

249 971 405 1011 endum
429 984 581 1011 censeo
600 988 608 1011 ε
645 983 746 1011 CUM
776 969 828 1010 D.
847 970 1019 1022 Brutus,
1043 972 1286 1027 imperator,
1305 970 1455 1012 consul
1476 970 1668 1026 designa·

247 1037 329 1077 tus,
352 1027 617 1082 provinciam
650 1026 834 1068 Galliam
865 1029 906 1068 in
941 1038 1109 1068 senatus
1134 1028 1364 1083 populique
1388 1027 1572 1068 Romani
1598 1042 1674 1083 po-

246 1093 400 1124 testate
429 1093 595 1125 teneat:
634 1099 818 1139 cumque
851 1086 1087 1125 exercitum
1112 1095 1292 1134 tanturn,
1316 1096 1402 1125 tarn
1426 1084 1542 1126 brevi
1567 1094 1671 1124 tcm-

244 1154 363 1195 pore,
386 1155 553 1182 summo
581 1141 722 1182 studio
753 1142 1100 1197 municipiorum,
1122 1141 1469 1196 coloniarumque
1502 1143 1672 1196 provin·

243 1197 324 1237 ciae
359 1197 527 1249 Galliae,
550 1198 713 1254 optime
737 1199 789 1240 de
808 1199 1027 1254 republica
1048 1199 1227 1249 meritae,
1249 1200 1547 1253 melentisque,
1569 1212 1672 1238 con-

244 1254 475 1310 scripserit,
496 1256 753 1310 compararit
771 1272 779 1296 :
813 1256 854 1296 id
886 1270 983 1296 eum
1012 1266 1126 1297 rectc
1147 1265 1191 1295 et
1211 1256 1373 1305 ordine,
1392 1269 1531 1309 exque
1550 1269 1675 1310 repu-

243 1309 356 1351 blica
384 1311 560 1353 fecisse:
599 1312 727 1367 idque
753 1312 807 1352 D.
837 1312 959 1353 Bruti
984 1312 1383 1368 praestantissimum
1406 1312 1604 1352 meritum
1628 1312 1671 1352 in

241 1369 551 1424 rempublicam
586 1369 751 1409 senatui
788 1369 1034 1426 populoque
1070 1369 1268 1410 Romano
1301 1378 1469 1425 gratum
1504 1382 1594 1409 esse
1628 1377 1673 1409 et

241 1424 349 1465 fore.
380 1426 524 1481 itaque
543 1435 736 1473 senatum
756 1427 1047 1483 populumque
1066 1426 1311 1467 Romanum
1334 1426 1592 1474 existimare,
1611 1423 1668 1465 D.

243 1480 384 1533 Bruti,
404 1483 670 1538 imperatoris
689 1484 874 1524 consulis
895 1484 1108 1539 designati
1125 1498 1269 1539 opera,
1287 1482 1481 1533 consilio,
1499 1483 1670 1533 virtute,

244 1538 570 1595 incredibilique
592 1540 749 1591 studio,
771 1551 813 1581 et
840 1555 1052 1582 consensu
1080 1540 1313 1596 provinciae
1338 1539 1506 1590 Galliae,
1529 1539 1670 1594 reipu-

177 1595 367 1647 37blicae
389 1597 644 1638 difficillimo
667 1607 859 1653 tempore
879 1612 971 1638 esse
992 1598 1263 1638 subventum.
1300 1596 1416 1638 Huic
1440 1606 1560 1637 tanto
1583 1609 1671 1636 me-

231 1653 323 1694 rito
345 1653 484 1705 Bruti,
500 1663 640 1710 patres
659 1656 907 1711 conscripti,
925 1665 1132 1710 tantoque
1151 1655 1192 1694 in
1216 1653 1521 1710 rempublicam
1543 1653 1670 1693 bene-

238 1709 353 1762 ficio,
375 1712 470 1766 quis
491 1722 556 1752 est
578 1720 721 1752 tantus
744 1712 893 1762 honos,
915 1713 989 1767 qui
1012 1727 1097 1752 non
1119 1712 1349 1753 debeatur?
1394 1711 1506 1751 Nam
1536 1710 1568 1750 si
1600 1709 1668 1750 M.

236 1766 431 1809 Antonio
452 1769 658 1824 patuisset
680 1768 835 1819 Gallia,
853 1770 886 1809 si
910 1770 1122 1825 oppressis
1144 1768 1404 1824 municipiis,
1427 1778 1469 1807 et
1490 1767 1669 1807 coloniis

236 1825 472 1880 imperatis,
494 1826 590 1866 7⁴in
625 1825 738 1866 illam
764 1826 957 1866 ultimam
982 1825 1164 1867 Galliam
1191 1835 1410 1881 penetrare
1434 1824 1667 1880 potuisset:

234 1892 420 1936 quantus
454 1882 702 1938 reipublicae
733 1892 867 1923 terror
898 1883 1189 1939 impenderet?
1250 1881 1495 1930 Dubitaret,
1524 1881 1667 1931 credo,

234 1938 367 1980 homo
389 1940 720 1990 amentissimus,
742 1951 868 1994 atque
897 1941 938 1980 in
971 1940 1170 1980 omnibus
1195 1938 1383 1980 consiliis
1415 1952 1604 1994 praeceps
1625 1947 1670 1978 et

234 1995 398 2048 devius,
413 2011 497 2037 non
519 1996 655 2037 solum
675 2011 771 2037 cuni
791 1997 980 2037 exercitu
1002 2012 1092 2047 suo,
1107 1997 1178 2037 sed
1192 1997 1320 2036 etiam
1336 2009 1431 2036 cum
1452 1996 1568 2034 omni
1589 1995 1668 2035 im-

233 2054 441 2094 manitate
464 2054 671 2094 barbariae
693 2053 848 2094 bellum
871 2053 1026 2094 inferre
1048 2053 1196 2094 nobis:
1224 2063 1270 2093 ut
1291 2052 1382 2106 ejus
1406 2051 1589 2092 furorem
1613 2065 1666 2092 ne

233 2109 410 2166 Alpium
432 2110 605 2166 quidem
628 2124 749 2150 muro
781 2110 981 2151 cohibere
1013 2125 1246 2166 possemus.
1308 2109 1418 2150 Haec
1440 2109 1571 2164 igitur
1592 2107 1668 2149 ha-

233 2168 375 2208 benda
403 2167 543 2223 gratia
574 2177 639 2208 est
663 2167 720 2208 D.
753 2167 905 2218 Bruto,
927 2168 998 2222 qui
1035 2167 1165 2218 illum,
1190 2167 1378 2207 nondum
1413 2165 1664 2221 interposita

233 2224 489 2265 auctoritate
510 2234 662 2274 vestra,
685 2239 762 2265 suo
785 2224 965 2265 consilio
987 2234 1114 2279 atque
1132 2224 1314 2278 judicio,
1338 2231 1491 2264 non-ut
1511 2236 1666 2263 consu-

232 2280 314 2321 lem
337 2282 512 2337 recepit,
535 2281 621 2332 sed,
649 2290 694 2321 ut
723 2281 905 2333 hostem,
925 2282 1062 2322 arcuit
1097 2281 1262 2332 Gallia3
1305 2293 1432 2334 seque
1463 2279 1663 2329 obsideri,

232 2352 360 2393 quam
390 2338 500 2379 hanc
522 2339 687 2390 urbem,
708 2338 873 2379 maluit.
935 2338 1109 2379 Habeat
1130 2353 1232 2394 ergo
1256 2337 1382 2392 liujus
1405 2336 1512 2376 tanti
1545 2335 1663 2387 facti,

229 2494 292 2525 tuli
315 2494 451 2534 vulgato
473 2495 590 2534 quoad,
613 2504 687 2525 cum
711 2496 851 2532 Graevio,
875 2500 924 2526 est
1013 2493 1190 2534 73-7'1111102'1·
1212 2497 1283 2524 test.
1303 2492 1415 2532 vestri]
1440 2493 1541 2523 nostri
1558 2492 1663 2523 ‘edidit

229 2538 318 2567 enim
333 2537 537 2576 exquisitius.
551 2537 688 2567 ψῦξιν.
968 2536 1126 2571 Graevius,
1152 2547 1169 2565 e
1196 2535 1285 2565 libris
1313 2535 1415 2564 bonis.
1460 2534 1523 2565 Sed
1548 2535 1662 2574 vulga·

272 2583 314 2612 72
345 2581 471 2609 consule
505 2580 673 2617 designato
705 2589 792 2609 more
822 2577 924 2618 majo·
966 2585 1039 2608 tum
1072 2578 1206 2614 servavi,
1238 2587 1316 2607 nam
1351 2577 1437 2607 infra
1470 2585 1579 2606 rursus
1611 2580 1660 2607 est

228 2632 306 2651 rum
326 2622 496 2661 capiamus
507 2621 689 2660 exordium]
716 2623 809 2652 ,More
823 2620 924 2660 majo·
967 2625 1040 2659 post
1055 2621 1178 2650 SCtum
1195 2619 1328 2649 Habeat
1343 2619 1586 2657 erga—decreto
1607 2628 1659 2648 ve-

229 2673 306 2693 rum
330 2664 399 2693 sine
423 2663 521 2693 dubio
545 2662 651 2693 alieno
678 2664 750 2693 loco
773 2670 835 2700 est,
861 2663 924 2692 huo
965 2667 1042 2692 stro.
1058 2671 1253 2701 quamquam
1276 2668 1310 2691 et
1332 2661 1376 2690 ibi
1399 2660 1454 2691 ille
1476 2665 1583 2691 nostro
1603 2659 1658 2690 de-

229 2705 426 2735 translatum
466 2716 505 2735 ex
541 2705 831 2736 antecedentibus:
869 2706 923 2743 qui
966 2704 1025 2734 dit.

227 2749 303 2777 ordo
317 2749 351 2777 in
362 2748 526 2777 sententiis
540 2748 694 2785 rogandi-s
709 2757 798 2777 ruore
822 2749 918 2785 majo-
999 2749 1040 2779 74
1051 2746 1188 2775 inillam
1199 2745 1350 2775 ultimam
1366 2744 1526 2783 Galliam]
1537 2743 1659 2775 Trans-

227 2799 299 2819 rum
322 2791 447 2819 servari
469 2791 554 2819 solet.
583 2789 627 2819 Et
649 2790 692 2819 sic
715 2790 810 2821 edidi.
857 2789 920 2818 Hic
963 2787 1120 2827 alpinam,
1138 2798 1234 2826 quain
1250 2787 1391 2817 habebat
1405 2786 1555 2817 Plancus,
1577 2786 1656 2816 Mox

225 2832 304 2861 ordo
328 2831 475 2861 homines
497 2832 636 2862 ornandi
658 2841 724 2862 non
747 2836 797 2861 est
819 2832 918 2862 tradi·
962 2831 997 2859 in
1014 2831 1158 2859 omnibus
1171 2830 1309 2859 consiliis
1323 2839 1397 2859 cum
1422 2828 1549 2859 Graevio
1569 2827 1655 2865 dedi,

225 2878 279 2903 tus
295 2883 384 2904 more
401 2875 573 2913 majorum.
963 2872 1072 2902 addito
1087 2873 1132 2902 in.
