1812 3147
654 121 774 162 PRO
806 124 851 162 P.
883 124 1089 163 SULLA.
1518 135 1594 174 775

152 223 446 272 defendendos
481 241 573 269 esse
604 242 692 269 non
716 237 896 284 putant:
941 228 983 269 in
1015 228 1098 269 hoc
1124 228 1302 270 crimine
1337 245 1421 272 non
1456 234 1593 277 solum

154 287 341 329 levitatis
372 294 437 326 est
457 285 598 341 culpa,
622 300 768 327 verum
798 285 929 326 etiam
960 285 1158 341 quaedam
1180 288 1385 343 contagio
1409 290 1593 342 sceleris,

155 345 189 385 si
211 342 414 384 defendas
437 357 550 392 eum,
574 357 702 398 quem
724 342 983 384 obstrictum
1008 357 1099 384 esse
1123 344 1272 398 patriae
1314 347 1592 400 13parricidi0

156 400 386 457 suspicere.
423 399 541 447 Quid
563 401 808 441 Autronio?
839 414 982 440 nonne
1001 400 1180 450 sodales,
1203 415 1289 441 non
1311 402 1489 459 collegae
1513 406 1629 458 sui‚7

153 468 239 500 non
264 466 426 499 veteres
448 458 592 509 amici,
615 472 797 514 qnorum
829 456 898 497 ille
928 458 1056 513 copia
1086 458 1304 512 quondam
1338 459 1591 514 abundarat,

152 530 240 557 non
262 515 306 556 hi
329 529 492 566 omnes,
515 516 587 570 qui
622 524 722 555 sunt
751 515 795 555 in
826 515 1046 569 republica
1080 514 1311 570 principeS,
1333 516 1590 561 defuerunt?

153 573 287 614 immo
309 573 440 613 etiarn
465 573 713 613 testimonio
737 572 926 628 plerique
950 571 1176 613 laeserunt?
1210 574 1472 625 statuerant,
1496 584 1591 615 tan-

153 639 245 671 tum
270 629 370 670 illud
394 644 484 670 esse
506 629 781 679 maleficium,
803 629 917 684 qnod
945 631 1080 669 ι411011
1104 629 1232 670 modo
1265 645 1349 671 non
1382 632 1586 672 occultari

150 701 226 744 per
249 701 307 737 se,
321 687 394 728 sed
411 688 541 728 etiam
559 687 713 743 aperiri
736 686 1020 741 illustrarique
1043 686 1231 728 deberet.
1294 688 1587 734 Quamobrem
1601 693 1635 740 3

152 744 254 800 quid
278 753 357 795 est,
379 744 493 799 quod
517 745 683 795 mirere,
707 743 740 784 si
763 758 863 784 cum
886 744 1037 784 iisdem
1058 757 1127 784 me
1150 743 1194 784 in
1216 744 1297 785 hac
1319 760 1449 786 causa
1471 747 1589 788 vides

152 802 312 852 adesse,
335 816 433 842 Cum
456 802 612 856 quibus
635 802 677 842 in
709 801 861 842 ceteris
891 800 1095 856 intelligis
1129 800 1345 844 abfuisse?
1377 803 1456 844 nisi
1491 818 1589 845 vero

151 873 221 900 me
244 873 377 899 unum
399 859 463 900 vis
483 858 636 911 ferum,
657 867 813 915 praeter
839 867 1018 909 eete1·OS‚
1038 873 1106 899 me
1136 873 1348 914 asperum,
1374 875 1441 901 ine
1463 861 1590 902 inhu-

149 930 326 957 manum
359 916 612 968 existimari,
635 930 703 956 me
725 916 930 971 singulari
964 916 1234 957 immanitate
1265 926 1309 957 et
1338 918 1591 959 crudelitate

149 973 397 1030 praeditum.
457 973 586 1015 Hanc
618 973 724 1014 mihi
748 983 792 1013 tu
817 973 866 1024 si,
889 982 1066 1029 propter
1096 987 1160 1013 res
1192 987 1307 1015 meas
1331 986 1487 1030 gestas,
1510 975 1626 1019 im—8

148 1030 275 1087 ponis
307 1030 349 1071 in
382 1032 501 1072 omni
539 1031 625 1072 vita
655 1045 751 1071 mea
786 1045 1026 1086 personam,
1058 1030 1290 1086 Torquate,
1315 1032 1590 1074 vehementer

149 1102 277 1129 erras,
308 1102 376 1129 me
407 1097 562 1129 natura
591 1088 927 1138 misericordem,
950 1088 1089 1143 patria
1110 1102 1328 1130 severum:
1373 1090 1587 1131 crudelem
1602 1101 1631 1131 12.

148 1159 229 1186 nec
250 1145 403 1201 patria,
427 1160 506 1187 nee
520 1153 673 1187 natura
693 1159 784 1186 esse
806 1144 956 1186 voluit.
980 1145 1164 1200 deniqne
1188 1146 1313 1186 istam
1334 1147 1469 1203 ipsam
1494 1162 1588 1203 per—

149 1217 300 1244 sonam
331 1204 631 1244 vehementem
666 1211 712 1254 et
743 1217 899 1254 aerem,
931 1217 1059 1257 quam
1091 1203 1198 1243 mihi
1234 1213 1325 1243 tum
1355 1216 1523 1260 tempus
1545 1215 1589 1247 et

148 1259 392 1316 respublica
414 1261 635 1317 imposuit,
660 1261 755 1316 jam
778 1260 976 1301 voluntas
1011 1270 1054 1300 et.
1076 1271 1229 1301 natura
1261 1261 1354 1316 ipsa
1383 1261 1587 1303 detraxit.

147 1316 219 1358 illa
250 1317 362 1358 enim
387 1318 439 1360 ad
466 1320 592 1359 breve
615 1327 783 1374 tempus
817 1318 1089 1358 severitatem
1124 1317 1383 1374 postulavit:
1417 1319 1512 1360 haec
1543 1319 1587 1360 in

148 1375 267 1415 omni
301 1374 391 1416 vita
422 1376 759 1416 misericordiam
800 1375 1108 1430 lenitatemque
1153 1375 1379 1416 desiderat.
1442 1377 1624 1423 Quaref)

147 1431 257 1472 nihil
286 1441 365 1483 est,
394 1433 510 1488 quod
541 1447 596 1473 ex
629 1442 750 1474 tanto
781 1433 990 1474 comitatu
1016 1433 1201 1473 virorum
1227 1433 1586 1488 amplissimorum

147 1503 217 1529 me
238 1504 368 1530 unum
391 1490 626 1531 abstrahas.
651 1490 833 1546 simplex
866 1490 1058 1531 officium
1092 1500 1220 1545 atque
1252 1505 1336 1531 una
1367 1503 1431 1531 est
1454 1493 1590 1533 bono-

147 1560 242 1587 rum
266 1547 458 1588 omnium
478 1562 622 1588 causa.
644 1548 752 1588 nihil
774 1548 870 1598 erit,
890 1547 1004 1602 qnod
1028 1548 1237 1588 admirere
1270 1548 1466 1603 posthac,
1489 1550 1523 1590 si
1546 1550 1589 1591 in

144 1617 196 1644 ea
216 1613 353 1660 parte,
384 1605 427 1645 in
455 1620 540 1660 qua
570 1604 648 1645 hos
680 1605 1046 1655 animadverteris,
1077 1619 1146 1645 me
1168 1605 1348 1646 videbis.
1381 1606 1497 1647 nulla
1526 1616 1592 1648 est

144 1661 260 1703 enim
294 1661 336 1703 in
369 1662 592 1718 republica
624 1677 753 1703 causa
784 1677 879 1703 mea
910 1662 1096 1718 propria.
1130 1671 1299 1717 tempus
1330 1664 1485 1719 agendi
1508 1663 1592 1706 fuit

145 1719 284 1774 magis
308 1719 415 1760 mihi
438 1719 678 1776 proprium,
700 1735 830 1774 quam
853 1720 1030 1761 ceteris:
1064 1719 1223 1760 doloris
1256 1734 1372 1771 vero,
1395 1730 1438 1761 et
1462 1721 1590 1763 timo-

144 1777 215 1828 ris,
237 1785 280 1818 et
301 1777 480 1834 periculi
501 1776 588 1818 ‘fuit
622 1777 694 1818 illa
715 1792 845 1818 eausa
878 1776 1138 1818 60111111111115.
1172 1791 1312 1831 neque
1333 1778 1446 1818 enim
1472 1779 1591 1834 prin-

144 1848 245 1889 ceps
267 1843 371 1876 tunc
393 1835 446 1875 ad
467 1835 649 1875 salutem
667 1849 759 1875 esse
783 1835 1033 1890 potuissem,
1051 1835 1084 1874 si
1105 1847 1195 1875 esse
1218 1834 1288 1874 alii
1313 1835 1494 1877 comites
1511 1851 1589 1878 no-

144 1890 336 1933 luissent.
398 1892 543 1938 Quare
564 1906 737 1934 necesse
760 1901 838 1944 est,
862 1892 976 1948 qnod
1000 1892 1106 1932 mihi
1128 1891 1294 1933 consuli
1318 1894 1585 1950 praecipuum

142 1947 227 1988 fuit
251 1957 405 2004 praeter
426 1949 546 2000 alios,
570 1949 719 2004 idjam
737 1950 906 2005 privato
929 1964 1028 1991 cum
1051 1949 1204 1990 ceteris
1227 1963 1318 1989 esse
1340 1965 1586 1993 commune.

143 2005 299 2061 Neque
321 2021 403 2063 ego
427 2006 510 2048 hoc
528 2007 766 2063 partiendae
786 2007 978 2058 invidiae,
997 2007 1069 2047 sed
1102 2007 1476 2049 communicandae
1497 2009 1587 2050 lau-

140 2063 206 2104 dis
242 2078 370 2105 causa
406 2064 573 2119 loquor.
648 2064 804 2106 Oneris
841 2065 924 2105 mei
959 2073 1126 2120 partem
1167 2064 1328 2105 nemini
1368 2065 1586 2121 impertio,

142 2119 291 2176 gloriae
316 2121 440 2162 bouis
458 2121 674 2163 omnibus.
736 2122 787 2163 In
809 2121 1073 2162 Autronium
1098 2121 1395 2163 testimonium
1418 2124 1586 2176 dixisti,
1602 2129 1650 2162 lo

142 2178 309 2233 inquit:
355 2179 515 2220 Sullam
546 2179 756 2221 defendis.
820 2179 919 2220 Hoc
954 2189 1093 2220 totum
1125 2178 1338 2234 ejusmodi
1369 2180 1586 2236 est,judi-

141 2248 225 2285 ees,
247 2244 309 2286 ut,
329 2236 363 2276 si
385 2251 466 2292 ego
495 2237 575 2277 sim
598 2238 849 2278 inconstans
873 2252 922 2278 ac
945 2237 1064 2286 levis,
1080 2250 1160 2277 1166
1184 2238 1434 2278 testimonio
1455 2239 1584 2280 fidem

142 2292 270 2333 tribui
295 2295 560 2346 convenerit,
577 2309 656 2335 nee
675 2294 915 2336 defensioni
941 2294 1259 2336 auctoritatem.
1280 2295 1343 2335 sin
1367 2306 1431 2335 est
1452 2296 1493 2337 in
1519 2311 1586 2338 me

139 2349 248 2390 ratio
280 2351 544 2407 reipublicae,
575 2352 727 2408 religio
760 2353 915 2407 privati
938 2352 1088 2401 officii,
1122 2351 1312 2392 studium
1347 2353 1583 2395 retinendae

138 2407 373 2449 voluntatis
413 2410 646 2451 bonorum:
690 2409 798 2450 nihil
839 2410 979 2450 minus
1011 2418 1237 2450 accusator
1267 2410 1396 2451 debet
1426 2411 1583 2461 dicere,

138 2479 264 2519 quarn
299 2480 324 2506 a
354 2481 422 2507 me
452 2466 626 2508 defendi
659 2467 836 2518 Sullam,
856 2467 1105 2508 testimonio
1128 2466 1278 2507 laesum
1301 2482 1393 2509 esse
1422 2467 1584 2509 Autro-

134 2615 198 2635 wm
213 2605 371 2642 delevere,
395 2612 432 2637 ut
447 2607 499 2638 Fr.
518 2611 548 2638 2.
565 2608 614 2638 ed.
630 2608 686 2638 W.
702 2613 761 2639 aut
783 2609 836 2639 de-
879 2608 974 2648 idque
990 2609 1140 2649 placebat
1153 2609 1306 2640 Gruter-o.
1334 2608 1406 2639 Nec
1422 2619 1481 2648 ego
1495 2619 1582 2649 sprv-

135 2648 282 2677 serendos
297 2649 412 2685 fecere,
430 2654 467 2679 ut
491 2650 552 2680 Ms.
570 2651 716 2689 Gruteri‚
739 2662 757 2681 e
771 2662 835 2691 quo
881 2653 995 2689 verim,
1012 2661 1086 2681 cum
1103 2656 1137 2681 et
1152 2652 1228 2682 alibi
1252 2652 1298 2681 sic
1320 2658 1398 2681 ante
1412 2653 1582 2683 sedetiam

136 2689 170 2719 id
185 2690 323 2720 inseruit
337 2691 474 2721 editioni
490 2702 568 2723 suae.
881 2694 933 2724 sit.
963 2704 990 2724 v.
1006 2694 1098 2724 (slav.
1114 2695 1148 2724 in
1163 2704 1240 2731 non,
1254 2700 1288 2723 et
1301 2695 1402 2724 modo.
1447 2694 1509 2724 Sed
1531 2701 1582 2727 ut,

183 2734 216 2761 13
235 2733 427 2772 parricidio]
463 2734 490 2764 E
518 2736 581 2766 Ms.
608 2735 676 2764 Erf.
706 2740 740 2766 et
767 2736 836 2767 Pal.
879 2737 904 2766 s}
917 2736 1026 2775 plures
1039 2736 1113 2766 libri
1130 2737 1163 2766 in
1175 2736 1235 2766 hae
1244 2736 1350 2766 forma
1359 2737 1584 2773 consentiant,

137 2772 262 2803 addidit
276 2776 400 2814 primus
416 2776 590 2813 Gruterus,
607 2778 743 2817 optime.
880 2778 1064 2814 defendam,
1081 2779 1128 2808 ita
1142 2779 1183 2808 ob
1198 2779 1307 2814 unius,
1322 2779 1470 2817 quamvis
1495 2779 1583 2817 boni,

184 2818 221 2846 14
243 2825 305 2846 non
319 2818 409 2847 modo
420 2828 483 2848 non
497 2819 670 2858 occultari]
687 2820 840 2850 Alterum
884 2823 1119 2852 anctoritatem
1135 2830 1201 2851 uon
1214 2820 1352 2852 deleam.

134 2866 199 2888 non
213 2859 369 2890 omissum
383 2866 455 2891 erat
469 2862 504 2892 in
518 2862 583 2893 Ms.
600 2862 668 2892 Pal.
683 2862 807 2903 optimo
821 2873 828 2891 z
