1785 3185
241 99 340 134 1360
831 96 1082 134 ORATIO

233 199 402 254 piorum
434 198 575 239 studia
614 198 844 240 tolluntur:
887 215 1118 242 consensus
1163 200 1307 256 populi
1351 201 1551 254 Romani,
1587 203 1661 260 qui

229 256 323 311 jam
356 255 578 297 descendit
611 255 653 296 in
677 270 863 306 causam,
887 257 920 297 si
956 272 1032 298 nos
1062 257 1391 312 languescimus,
1413 259 1661 302 debilitetur

200 318 406 353 suet-esse
427 322 506 353 est.
566 312 646 353 Sed
670 312 771 367 quid
811 313 956 368 plura?
989 313 1046 354 D.
1081 314 1239 354 Brutus
1262 326 1551 370 oppugnatur.
1574 333 1661 359 non

231 380 298 410 est
321 368 504 410 bellum?
537 368 713 410 Mutina
734 370 967 411 obsidetur.
1002 385 1055 410 nc
1086 370 1169 411 hoc
1191 371 1362 425 quidem
1391 373 1543 414 bellum
1565 378 1661 415 cst?

234 426 378 467 Gallia
401 435 613 467 vastatur:
646 440 740 480 quat
780 436 922 480 potest
957 441 1040 481 pax
1078 441 1168 467 esse
1197 428 1383 470 certior?
1417 429 1525 471 Illud
1561 445 1664 472 vero

232 483 327 538 quis
360 493 503 538 potest
543 483 698 523 bellum
733 497 824 522 esse
847 482 1054 524 Tdicere?
1097 483 1345 535 Consulem,
1379 486 1663 528 fortissimum

233 540 386 590 virum,
409 554 508 581 cum
541 539 734 580 exercitu
759 539 979 580 misimus?
1010 539 1083 594 qui
1116 554 1214 580 cum
1247 552 1358 582 essct
1392 543 1584 585 infirmus
1606 559 1662 586 ex

233 597 353 652 gravi
376 597 664 650 diuturnoque
685 596 1026 648 111oi·b0‚‚nullam
1050 596 1128 636 sibi
1156 598 1324 651 putavit
1337 602 1661 643 excusationem

233 668 323 694 esse
345 663 556 709 oportere,
582 666 677 693 cuin
703 651 754 692 ad
777 652 1024 707 reipublicae
1049 653 1295 708 praesidium
1322 667 1557 698 vocaretur.
1609 658 1663 699 C.

233 711 405 766 quidem
431 709 576 750 Caesar
598 723 683 749 non
706 709 975 764 exspectavit
999 713 1016 740 ὃ
1032 719 1176 750 nostra
1204 711 1389 762 decreta,
1426 715 1664 768 praesertim

233 782 332 808 cum
355 776 465 807 esset
489 766 590 806 illud
616 766 780 807 aetatis:
817 766 971 806 bellum
991 777 1140 807 contra
1159 766 1399 809 Antonium
1417 784 1491 811 sua
1510 781 1663 826 sponte

234 824 437 878 suscepit.
460 822 714 863 decernendi
737 822 849 862 enim
877 833 1044 878 tempus
1067 828 1086 858 9
1103 825 1291 865 nondum
1320 835 1435 867 erat:
1471 828 1566 868 belli
1589 844 1663 870 au-

235 892 321 921 tem
347 880 520 936 gerendi
559 889 726 935 tempus
756 879 788 919 si
825 881 1187 935 praeterinisisset3
1220 882 1407 933 videbat,
1446 885 1667 940 republica

199 947 453 994 Goppressa,
488 936 590 976 nihil
633 950 756 991 posse
791 936 978 977 decerni.
1040 937 1155 993 Ergo
1191 938 1248 980 illi
1281 954 1408 990 nunc,
1441 951 1485 981 et
1516 956 1665 983 eorum

191 995 450 1035 nexta-citus
476 993 517 1033 in
550 1007 653 1047 pace
678 1003 911 1034 versantur.
946 1008 1029 1034 non
1057 1005 1122 1035 est
1154 994 1288 1036 hostis
1323 997 1371 1047 is,
1397 998 1521 1053 cujus
1556 1014 1665 1054 prae-

236 1052 392 1092 sidium
428 1050 629 1090 Claterna
660 1049 819 1104 dejecit
853 1050 1045 1092 Hirtius:
1079 1065 1165 1092 non
1192 1064 1256 1094 est
1287 1054 1435 1106 hostis,
1464 1056 1536 1110 qui
1562 1071 1666 1098 con·

235 1108 313 1149 suli
338 1117 524 1148 armatus
547 1106 744 1148 obsistit:
777 1107 1047 1162 designatum
1071 1109 1290 1150 consulem
1311 1123 1560 1168 oppugnat:
1586 1128 1666 1154 nec

236 1165 307 1206 illa
330 1164 501 1205 hostilia
525 1164 666 1213 verba,
700 1178 778 1205 nec
802 1164 968 1214 bellica,
997 1180 1094 1220 quae
1127 1166 1267 1220 paullo
1289 1178 1388 1208 ante
1409 1184 1463 1209 ex
1485 1169 1664 1226 collega:

236 1222 390 1262 litteris
413 1221 553 1262 Pansa
576 1221 792 1262 recitavit:
827 1220 972 1276 Dtjjeci
996 1222 1256 1276 prmsidium:
1291 1223 1487 1267 Claterna
1509 1228 1667 1281 potitus

235 1293 346 1319 sum:
379 1277 532 1334 fugati
572 1277 745 1333 equites:
788 1278 977 1332 praelium
1017 1280 1292 1322 commissum.-
1339 1283 1456 1323 occisi
1493 1283 1665 1339 aliquot.

238 1336 350 1381 Quae
375 1350 459 1391 pax
495 1343 637 1390 potest
669 1349 760 1375 esse
790 1335 951 1390 major?
984 1335 1188 1377 Delectus
1222 1348 1314 1378 tota
1344 1338 1470 1380 Italia
1491 1340 1666 1392 decreti,

237 1393 415 1434 sublatis
440 1391 762 1434 vacationibus:
796 1406 899 1447 saga
927 1407 1019 1434 cras
1043 1403 1291 1438 sumentur:
1324 1397 1475 1438 consul
1503 1411 1547 1438 se
1568 1412 1668 1439 cum

237 1449 439 1505 pracsidio
468 1448 813 1490 ¹0desccnsuru1n
836 1449 964 1490 dixit.

199 1511 226 1550 7
299 1505 499 1548 11Utrum
534 1506 617 1547 hoc
640 1506 797 1547 bellum
820 1521 904 1547 non
928 1509 1019 1548 est?
1050 1521 1104 1548 an
1136 1508 1266 1549 etiam
1301 1519 1470 1552 tantum
1492 1511 1666 1563 bellum¹

235 1573 444 1618 quantum
480 1577 715 1618 numquam
749 1563 858 1604 fuit?
892 1563 1058 1605 Ceteris
1086 1565 1201 1606 enim
1233 1566 1367 1618 bellis,
1396 1569 1669 1625 maximeque

234 1620 451 1669 civilibus,
473 1620 812 1671 contentionem,
845 1620 1096 1677 reipublicae
1129 1637 1257 1663 causa
1289 1623 1490 1667 faciebat.
1551 1626 1670 1668 Sulla

233 1692 334 1718 cum
358 1677 551 1733 Sulpicio
574 1677 737 1733 dejure
756 1678 915 1733 legum,
937 1692 1041 1733 quas
1072 1693 1146 1734 per
1169 1681 1254 1721 vim
1285 1681 1391 1722 latas
1414 1682 1532 1724 Sulla
1552 1684 1668 1724 dice-

234 1734 334 1776 bat:
379 1733 521 1775 Cinna
552 1749 650 1775 cum
691 1734 879 1776 Octavio
910 1735 963 1775 de
997 1749 1205 1778 novorum
1235 1738 1395 1780 civium
1425 1740 1666 1797 suffragiis:

234 1805 378 1832 rursus
401 1805 498 1832 cum
536 1790 680 1832 Mario
699 1802 743 1833 et
765 1791 966 1833 Carbone
989 1792 1118 1844 Sulla,
1142 1808 1195 1834 ne
1215 1795 1537 1838 dominarentur
1559 1798 1670 1838 indi-

235 1849 325 1904 gni.
348 1859 392 1888 et
414 1858 461 1889 ut
482 1847 814 1890 clarissimorum
838 1849 1062 1890 hominum
1084 1851 1420 1894 crudelissimam
1448 1856 1483 1885 12
1499 1856 1670 1909 punire-

235 1915 304 1946 tur
326 1919 490 1946 necem.
552 1905 722 1947 Horum
754 1905 948 1947 omnium
983 1906 1190 1949 bellorum
1217 1924 1357 1951 causae
1387 1925 1442 1952 ex
1466 1912 1675 1968 reipubli-

275 2040 294 2070 7
318 2037 449 2067 dieere?
477 2036 642 2067 Consulem
660 2036 732 2076 &c.]
779 2037 832 2067 Sic
848 2047 924 2067 cum

234 2079 367 2108 Graevio
385 2086 421 2109 et
442 2079 514 2110 aliis
536 2085 614 2109 ante
637 2088 714 2109 eum
728 2090 746 2108 e
761 2078 825 2109 Ms.
849 2079 924 2110 Vat.

233 2120 320 2156 dedi,
336 2120 421 2159 quod
436 2127 470 2151 et
485 2121 545 2161 ipsi
560 2121 702 2152 Grutero
717 2120 879 2159 placebat,
899 2124 925 2152 si

979 2048 1044 2068 esse
1057 2038 1259 2070 inculcatum
1276 2041 1310 2071 in
1324 2042 1447 2072 verbis:
1467 2051 1530 2081 per
1539 2044 1606 2073 vim
1623 2045 1667 2073 la-

979 2085 1031 2111 tas
1054 2081 1153 2112 Sulla
1173 2083 1310 2114 dicebat.
1355 2084 1406 2115 De
1422 2086 1518 2115 verbo
1541 2086 1668 2115 descen-

979 2123 1055 2153 dere
1068 2123 1099 2152 h.
1117 2123 1138 2154 l.
1155 2135 1183 2154 v.
1202 2124 1293 2155 Clav.

234 2173 252 2192 e
274 2162 394 2193 Codice
416 2163 538 2203 scripto
560 2170 654 2194 esset.
698 2160 798 2202 vulg.
821 2164 928 2194 dicere

234 2214 296 2243 quo
313 2203 448 2244 Jbrciss.
472 2215 504 2235 τ’.
548 2204 589 2235 In
614 2204 725 2245 Huyd.
754 2210 804 2235 est
825 2207 926 2236 etiam

236 2247 356 2276 bellum
372 2256 435 2277 mm
450 2258 525 2278 esse.
549 2246 714 2283 librarius,
736 2247 801 2277 sive
821 2257 927 2278 corre-

236 2292 309 2319 ctor
321 2292 388 2318 non
404 2289 499 2325 vidit,
514 2288 636 2320 ironice
652 2289 713 2319 hoc
729 2288 790 2318 dici
805 2300 814 2326 3
831 2294 869 2319 ut
879 2300 928 2320 se-

237 2331 385 2368 quentia.
429 2329 540 2361 Etiam
556 2341 620 2361 esse
635 2341 702 2361 non
716 2331 795 2361 satis
809 2331 928 2371 placet.

235 2372 361 2406 Consul
375 2372 608 2411 intelligendus
627 2373 768 2403 Hirtius.

278 2416 297 2444 8
314 2418 427 2444 nostra
437 2414 582 2454 decreta]
601 2415 665 2446 Ms.
681 2416 744 2445 Gu.
757 2420 878 2452 vestra,
892 2421 929 2447 ut

234 2456 291 2487 alii
321 2466 373 2496 ap.
405 2456 600 2487 Ferrarium.
644 2457 722 2487 Mox
748 2467 823 2488 cum
851 2463 930 2489 esset

234 2498 322 2528 illud
332 2499 450 2535 oetatis,
467 2499 587 2529 rectius
599 2509 695 2537 quam
709 2500 798 2529 illius
811 2502 929 2538 oetatis,

236 2539 344 2571 Vatic.
360 2540 399 2570 L.
414 2540 501 2579 quod
516 2551 592 2571 cum
609 2541 737 2571 Graevio
755 2542 869 2581 recepi.

278 2587 299 2618 9
313 2583 462 2613 nondum·
472 2583 567 2622 erat]
585 2582 693 2622 Vulgo
708 2588 840 2613 venerat
855 2583 928 2614 edd.

236 2633 287 2666 pr.
310 2629 458 2661 πονεῖ-αι,
480 2629 519 2655 ut
541 2632 575 2656 et
597 2635 658 2655 scr.
679 2625 823 2663 quidam.
847 2626 928 2657 illud

236 2665 354 2696 melius
370 2666 510 2702 videtur,
526 2672 639 2706 estque
654 2677 672 2697 e
687 2666 763 2697 vat.

284 2711 320 2738 10
347 2709 576 2739 descensurum
603 2719 668 2739 esse
695 2708 794 2747 ‹iu-ie]
827 2710 927 2740 Abest

236 2759 301 2780 esse
316 2750 381 2781 Ms.
400 2750 462 2781 Gu.
479 2756 518 2781 ut
530 2751 570 2781 ab
582 2751 654 2782 edd.
671 2755 750 2781 vett.
765 2751 859 2790 idque
872 2752 926 2782 ‹le-

235 2791 311 2823 levi.
355 2792 502 2823 Offendit
517 2802 568 2823 me
583 2798 673 2830 ante,
689 2803 787 2832 quam
802 2804 820 2824 a
836 2794 926 2824 libris

237 2839 317 2866 vett.
330 2834 439 2868 abesse
449 2835 606 2868 videram.
629 2834 739 2869 Etiam
756 2845 831 2868 mox
843 2836 925 2868 illud

1016 2168 1045 2194 Η
1072 2164 1279 2196 Utrum—em
1295 2167 1408 2208 etiam]
1430 2169 1573 2199 Faernus
1586 2169 1671 2199 dele-

979 2207 1026 2236 vit
1050 2217 1107 2244 an,
1131 2208 1261 2239 sublata
1285 2210 1555 2250 interrogatione.
1585 2212 1671 2250 quod

979 2257 1109 2279 secutus
1145 2256 1195 2280 est
1231 2252 1388 2282 Graevius.
1432 2254 1518 2289 Scio,
1555 2258 1668 2283 utrum

980 2291 1081 2321 etiam
1103 2292 1171 2322 sine
1194 2303 1238 2322 an
1260 2299 1415 2333 sequente
1436 2295 1520 2335 apud
1541 2297 1671 2326 Cicero—

982 2342 1056 2363 nem
1072 2343 1150 2364 csse.
1172 2345 1201 2365 v.
1225 2336 1368 2367 Clavem.
1413 2336 1458 2366 Et
1470 2343 1519 2367 est
1534 2346 1611 2368 sane
1626 2340 1672 2368 ef·

983 2375 1113 2405 ficacior
1125 2379 1243 2413 oratio,
1255 2379 1280 2407 si
1291 2388 1333 2408 an
1345 2379 1446 2409 abest.
1470 2379 1532 2409 Sed
1545 2386 1671 2415 tamen,

983 2418 1058 2455 quia
1073 2427 1138 2448 non
1155 2419 1283 2449 evidens
1299 2421 1473 2450 necessitas
1491 2427 1554 2458 cst,
1579 2422 1669 2452 nolui

982 2458 1099 2490 delere.
1144 2461 1176 2490 Si
1191 2462 1268 2500 quid
1282 2462 1508 2501 corrigendum
1524 2464 1579 2499 sit,
1602 2474 1671 2495 ma-

983 2500 1040 2530 lim
1057 2512 1114 2541 pro
1127 2512 1170 2532 nn
1185 2504 1323 2534 scribere
1338 2514 1410 2534 non.
1421 2505 1506 2544 quod
1521 2506 1668 2545 profecto

981 2544 1142 2573 efficacius
1157 2546 1209 2574 sit.

1029 2588 1065 2615 1²2
1081 2587 1275 2627 puniretur]
1300 2588 1379 2618 Mss.
1393 2589 1456 2619 Gn.
1474 2589 1510 2619 L.
1522 2590 1669 2628 punt'ret.

981 2625 1052 2656 edd.
1075 2633 1155 2658 vett.
1178 2629 1252 2660 inde
1275 2631 1316 2660 ab
1342 2631 1426 2661 Aldo
1449 2632 1670 2662 ulcisceretur.

981 2668 1053 2699 edd.
1077 2680 1125 2709 pr.
1142 2670 1181 2700 R.
1198 2671 1280 2702 Ven.
1295 2673 1367 2703 vic.
1384 2673 1440 2703 ΒΓ.
1457 2673 1545 2703 Med.
1569 2674 1668 2703 medi-

981 2714 1129 2741 taretur.-
1166 2714 1252 2751 quod
1285 2715 1355 2745 sine
1384 2715 1482 2745 dubio
1515 2715 1671 2745 vitiosum

979 2758 1060 2783 erat.
1105 2753 1230 2785 Puniri
1246 2766 1304 2797 pro
1313 2757 1437 2798 punire
1450 2761 1500 2788 est
1516 2758 1617 2789 etiam
1634 2758 1669 2788 iu

979 2794 1175 2829 Miloniana.
