1812 3147
559 90 678 129 PRO
706 89 751 126 L.
778 88 1019 128 FLACCO.
1436 95 1510 133 761

74 195 364 252 frugalissimi,
403 193 676 244 sanctissimi,
709 208 734 234 a
767 192 1021 235 Graecorum
1056 192 1226 233 luxuria
1256 202 1300 234 et
1340 194 1514 236 levitate

75 253 364 303 remotissimi,
386 250 712 308 patresfamilias
735 265 812 291 suo
832 250 1041 300 contenti,
1061 259 1262 301 aratores,
1283 252 1513 294 rusticani:

74 325 200 366 agros
231 311 389 352 habent
420 318 464 349 et
494 318 647 349 natura
679 309 908 363 perbonos,
939 317 982 348 et
1009 307 1235 363 diligentia
1264 307 1516 363 culturaque

70 368 281 409 meliores.
341 366 393 407 In
415 365 533 407 hisce
553 365 667 421 agris
691 374 735 405 tu
760 365 923 421 praedia
943 364 1101 405 habere
1124 364 1311 405 voluisti.
1335 367 1513 405 omnino

71 424 256 476 mallem,
278 428 341 477 (et
370 423 508 479 magis
529 431 620 463 erat
642 430 778 474 tuum,
809 422 842 462 si
867 430 909 462 te
932 422 1061 463 crassi
1093 422 1182 478 agri
1206 421 1513 473 delectabant,)

74 481 146 523 hic
166 481 323 523 alicubi
346 481 389 522 in
413 479 708 530 Crustumnio,
731 489 805 522 aut
827 480 867 520 in
894 479 1104 534 Capenati
1127 480 1377 535 paravisscs.
1430 479 1512 520 Ve-
1524 490 1574 528 72

73 553 168 580 rum
189 549 306 580 esto:
340 537 519 580 Catonis
550 547 616 578 est
646 537 835 579 dictum:
870 536 1059 577 Pedibus
1083 536 1350 592 compensari
1383 551 1513 592 pecu-

76 596 206 637 niam.
268 596 418 652 Longe
447 595 625 636 omnino
657 609 681 635 a
710 593 857 635 Tiberi
889 594 942 635 ad
976 593 1182 635 Caicum:
1215 609 1300 648 quo
1335 594 1376 634 in
1417 593 1512 635 loco

72 653 203 694 etiam
226 652 525 710 Agamemnon
548 667 647 694 cum
669 651 862 693 exercitu
894 663 1087 702 errasset,
1113 652 1192 692 nisi
1216 652 1369 692 ducem
1391 650 1512 692 Tele-

73 710 209 767 phum
244 710 489 751 invenisset.
549 709 633 750 Sed
665 709 857 750 concedo
891 709 933 749 id
967 723 1162 764 quoque:
1196 708 1358 764 placuit
1387 709 1513 764 oppi-

73 768 202 810 dum:
253 768 371 824 regio
407 766 652 808 delectavit.
687 766 921 807 ¹7emisses.
981 765 1193 821 Amyntas
1235 775 1300 806 est
1342 769 1597 822 genere,30

75 824 251 876 honore,
272 824 607 875 existimatione,
631 823 827 880 pecunia,
849 823 1048 880 princeps
1078 823 1188 864 illius
1211 824 1416 864 civitatis.
1439 838 1514 864 cu-

70 882 144 938 jus
172 897 355 933 socrum,
386 881 609 923 mulierem
642 880 845 922 imbecilli
879 881 1063 932 consilii,
1095 881 1196 921 satis
1238 880 1514 936 locupletem,

77 939 252 996 pellexit
274 938 492 981 Decianus
521 940 574 980 ad
605 953 719 980 sese:
752 947 809 988 et,
832 953 931 980 cum
962 938 1048 988 illa,
1070 939 1173 994 quid
1206 949 1417 994 ageretur,
1440 952 1514 978 ne-

76 996 216 1048 sciret,
239 997 282 1038 in
304 997 571 1053 possessione
600 996 861 1052 praediorum
887 995 979 1051 ejus
1001 995 1208 1036 familiam
1241 1010 1358 1037 suam
1383 995 1514 1036 collo-

73 1054 213 1095 cavit:
245 1068 424 1095 uxorem
455 1054 639 1096 abduxit
670 1054 724 1094 ab
751 1053 945 1109 Amynta
976 1061 1289 1110 praegnantem,
1312 1068 1408 1108 quae
1440 1067 1514 1109 pe-

76 1112 186 1166 perit
217 1112 329 1167 apud
359 1110 600 1153 Decianum
623 1111 770 1162 filiam,
792 1111 1007 1166 hodieque
1038 1111 1152 1166 apud
1185 1110 1427 1152 Decianum
1450 1119 1515 1151 est

74 1182 185 1209 uxor
206 1167 409 1224 Amyntae
433 1178 477 1210 et
499 1169 599 1210 filia.
661 1168 885 1224 Numquid
907 1168 1057 1210 harum
1081 1183 1220 1209 rerum
1249 1184 1274 1209 a
1295 1183 1364 1209 me
1387 1167 1512 1223 fingi·
1525 1180 1575 1217 73

75 1234 158 1276 tur,
183 1224 401 1268 Deciane?
432 1226 573 1268 sciunt
602 1226 697 1268 haec
724 1241 873 1267 omnes
901 1226 1082 1276 nobiles,
1115 1226 1257 1267 sciunt
1290 1226 1393 1267 boni
1419 1225 1512 1274 viri,

74 1283 217 1324 sciunt
237 1283 420 1339 denique
441 1285 575 1325 nostri
599 1283 810 1335 homines,
832 1284 974 1325 sciunt
1000 1283 1236 1324 mediocres
1269 1283 1513 1339 negotiato—
1526 1294 1558 1324 b.

73 1354 154 1381 res.
213 1339 646 1398 Exsurge-Amynta:
679 1351 824 1397 repete
857 1357 882 1382 a
914 1340 1123 1391 Deciano,
1150 1355 1235 1382 non
1269 1340 1513 1396 pecuniam,

74 1411 162 1439 non
195 1398 381 1454 praedia:
415 1413 583 1439 socrum
621 1399 805 1453 denique
844 1399 926 1439 sibi
959 1398 1141 1439 habeat:
1174 1398 1373 1439 restituat
1404 1412 1515 1438 uxo-

77 1468 190 1497 rem:
223 1455 372 1496 reddat
400 1455 554 1497 misero
577 1456 687 1512 patri
710 1456 857 1497 filiam.
889 1470 987 1496 nam
1013 1457 1220 1507 membra,
1243 1470 1340 1511 quae
1363 1455 1515 1496 debili-

76 1512 185 1553 tavit
212 1512 439 1569 lapidibus,
463 1513 662 1564 fustibus,
685 1512 813 1564 ferro,
842 1528 1009 1564 manus,
1033 1528 1138 1567 quas
1169 1513 1382 1564 contudit,
1404 1512 1517 1568 digi-

77 1577 158 1620 tos,
191 1583 297 1624 quos
326 1570 555 1627 confregit,
587 1585 755 1622 nervos,
790 1585 898 1626 quos
930 1571 1137 1621 concidit,
1170 1571 1394 1611 restituere
1429 1584 1515 1610 non

77 1635 234 1682 potest.
267 1626 414 1678 filiam,
451 1628 598 1680 filiam,
631 1628 822 1684 inquam,
859 1643 1103 1669 aerumnoso
1140 1629 1267 1684 patri,
1310 1627 1516 1677 Deciane,

75 1683 217 1725 redde.
277 1684 389 1726 Haec
417 1685 572 1727 Flacco
595 1700 681 1726 non
712 1687 916 1741 probasse
947 1694 995 1726 te·
1019 1685 1215 1727 miraris?
1245 1685 1330 1736 cui,
1352 1697 1577 1740 quaeso,7'4

76 1742 248 1786 tandem
272 1742 491 1798 probasti?
527 1741 752 1784 Emtiones
781 1742 922 1794 falsas,
942 1743 1206 1799 praediorum
1236 1742 1518 1798 proscriptio—

76 1812 150 1841 nes
172 1813 270 1840 cum
302 1800 575 1851 mulierculis,
599 1811 746 1857 aperta
767 1801 1184 1856 circumscriptione,
1207 1799 1363 1841 fecisti.
1399 1802 1518 1839 1fitu-

78 1865 147 1897 tor
177 1855 242 1897 his
270 1857 396 1898 rebus
420 1858 672 1899 Graecorum
704 1858 873 1915 legibus
903 1858 1209 1899 adscribendus
1233 1857 1330 1898 fuit.
1394 1856 1519 1898 Pole-

77 1922 311 1954 mocratem
340 1915 563 1971 scripsisti,
585 1916 896 1958 mercenarium
918 1924 962 1956 et
992 1915 1293 1957 administrum
1315 1914 1519 1956 consilio-

77 1984 173 2010 rum
205 1979 391 2013 tuorum.
429 1973 640 2014 adductus
671 1983 736 2014 est
770 1973 814 2014 in
847 1973 1065 2029 judicium
1107 1972 1427 2013 Polemocrates
1466 1971 1519 2012 de

77 2027 176 2068 dolo
207 2028 319 2069 malo
349 2038 394 2070 et
424 2030 476 2070 de
509 2029 657 2071 fraude
689 2046 715 2072 a
746 2030 905 2082 Dione,
934 2030 1064 2085 hujus
1097 2030 1231 2085 ipsius
1265 2029 1410 2070 tutelae
1442 2044 1520 2069 no-

77 2085 208 2126 mine.
268 2086 354 2132 Qui
390 2101 621 2128 concursus
654 2103 708 2129 ex
746 2087 918 2144 oppidis
959 2087 1156 2128 finitimis
1195 2087 1414 2142 undique?
1444 2086 1520 2142 qui

77 2140 198 2182 dolor
217 2144 488 2186 animorum?
518 2160 614 2200 quae
637 2146 831 2200 querela?
877 2145 1200 2186 Condemnatus
1223 2154 1288 2185 est
1320 2143 1521 2185 Polemo-

77 2208 213 2240 crates
235 2201 456 2242 sententiis
478 2202 694 2253 omnibus,
717 2203 848 2243 irritae
872 2202 1156 2253 venditiones,
1179 2202 1312 2243 irritae
1335 2201 1521 2258 proscri-

76 2256 261 2310 ptiones,
322 2261 359 2292 19
376 2258 491 2299 Num
532 2260 747 2301 restituis?
778 2259 917 2300 defers
953 2260 1006 2300 ad
1039 2259 1346 2315 Pergamenos,
1381 2268 1428 2299 ut
1458 2258 1519 2299 illi

77 2313 315 2369 reciperent
337 2315 378 2356 in
402 2331 496 2357 suas
519 2315 681 2358 litteras
705 2317 897 2373 publicas
927 2317 1151 2373 praeclaras
1183 2316 1520 2372 proscriptiones

78 2379 122 2410 et
154 2372 363 2414 emtiones
403 2383 510 2415 tuas.
545 2375 787 2430 repudiant,
819 2374 1035 2430 rejiciunt.
1096 2374 1157 2415 At
1189 2374 1263 2430 qui
1293 2374 1519 2415 homines?

122 2502 156 2533 17
172 2501 308 2532 emisses.
334 2502 496 2542 Amyntas
509 2503 570 2543 est]
594 2503 697 2535 Valde
716 2504 772 2534 ab·
816 2506 905 2536 venit
935 2505 1018 2535 bene
1049 2505 1271 2544 sequentibus.
1317 2503 1378 2533 Sed
1407 2507 1518 2533 tamen

76 2546 171 2590 rupte
186 2543 279 2574 dixit.
322 2543 411 2575 Nam
427 2546 529 2576 lector
540 2546 699 2577 desideret
713 2547 773 2577 ali·
816 2556 883 2577 non
899 2551 949 2577 est
965 2556 1104 2577 necesse.
1132 2547 1198 2578 His
1212 2548 1306 2576 rebus
1321 2547 1382 2576 int.
1398 2546 1520 2576 tabulis

78 2583 154 2622 quid
175 2591 249 2625 post
265 2588 402 2623 emisses,
419 2588 504 2626 quod
524 2590 703 2619 transitum
725 2589 773 2620 fa-
815 2591 1012 2619 emtionum.

78 2626 150 2674 ciat.
163 2627 204 2657 ad
218 2629 452 2666 narrationem,
469 2640 540 2669 quae
557 2631 701 2661 criminis
717 2631 773 2661 ob—
863 2635 900 2665 19
913 2632 990 2662 Non
1001 2631 1160 2670 restituis]
1180 2630 1260 2661 Mss.
1274 2630 1383 2670 plures
1395 2634 1428 2659 ct
1444 2629 1522 2658 boni

70 2671 152 2707 Jecti
187 2670 468 2702 confirmationem
519 2672 613 2703 habet
632 2685 641 2711 ;
687 2673 776 2712 quod
819 2673 915 2704 Num
938 2674 1109 2704 restituis?
1133 2673 1354 2704 Consentiunt
1377 2672 1449 2702 edd.
1471 2681 1521 2711 pr.

80 2716 167 2739 nunc
181 2711 320 2752 intelligi
338 2713 444 2750 debet,
463 2715 523 2744 nisi
538 2715 616 2753 quid
630 2715 760 2746 excidit.
818 2725 942 2746 omnes.
987 2716 1027 2746 In
1051 2716 1086 2745 P.
1106 2715 1251 2745 Manutii
1275 2714 1324 2744 ed.
1345 2716 1434 2743 1540.
1458 2713 1523 2753 pri-

125 2753 161 2782 18
185 2757 272 2783 tutor
296 2755 345 2784 his
365 2757 459 2786 rebus
479 2757 517 2786 G.
535 2757 570 2796 l.]
599 2757 678 2788 Mss.
704 2757 777 2796 qui·
821 2767 912 2787 inum
928 2764 978 2788 est
992 2768 1056 2788 non
1069 2758 1227 2793 restituis,
1243 2762 1279 2786 ut
1294 2761 1327 2785 et
1343 2755 1441 2785 habet
1456 2755 1523 2785 Ms.

81 2791 155 2838 dam
170 2799 208 2824 ut
222 2795 328 2826 Gnelt'.
352 2798 400 2827 his
420 2799 533 2828 verbis.
555 2799 650 2829 male.
687 2799 778 2829 Grae-
820 2804 943 2830 noster.
971 2800 1072 2830 Vetus
1087 2799 1227 2830 restitui.
1272 2799 1351 2828 Mox
1371 2807 1428 2837 pro
1444 2799 1523 2828 reci—

81 2842 151 2864 vrus
179 2837 309 2877 conjicit
340 2841 544 2872 mulieribus:
583 2841 668 2879 quod
701 2850 778 2872 con·
815 2846 935 2881 pererit
948 2842 1154 2872 scribendum
1171 2846 1253 2881 puto
1269 2841 1439 2879 recipiant.
