1785 3185
453 145 803 184 PHILIPPICA
838 145 1176 184 UNDECIMA.
1407 150 1506 187 1380

77 250 232 306 irrupit
252 249 424 300 cursim,
441 249 509 290 cui
530 249 571 290 in
592 248 757 304 Syriam
780 248 954 304 patebat
973 249 1041 290 via
1058 258 1187 300 certa,
1205 262 1344 304 neque
1361 247 1506 305 longa.

74 308 180 363 quid
201 322 308 364 opus
339 307 421 348 fuit
447 320 543 347 cum
574 304 770 360 legione?
812 305 1032 360 praemisso
1064 305 1212 346 Marso
1246 307 1389 348 nescio
1417 320 1506 362 quo

78 364 277 415 Octavio,
308 363 511 405 scelerato
549 361 713 403 latrone
748 371 877 417 atque
914 371 1082 419 egente,
1113 363 1185 416 qui
1228 363 1504 418 popularetur

72 435 216 478 agros,
238 430 413 462 vexaret
443 421 584 470 urbes,
604 434 690 460 non
727 419 778 460 ad
813 433 932 475 spem
963 419 1276 460 constituendae
1299 421 1359 460 rei
1378 419 1504 461 fami·

74 476 204 530 liaris,
225 492 352 533 quam
386 487 527 519 tenere
559 490 657 517 eum
690 490 828 532 posse,
862 485 1022 532 negant
1043 477 1115 531 qui
1149 486 1331 517 norunt:
1374 477 1502 531 (mihi

75 535 189 576 enim
222 534 292 576 hic
315 544 484 576 senator
513 535 685 590 ignotus
707 543 771 574 est
786 535 816 584 z)
857 533 930 574 sed
962 533 1015 574 ad
1048 541 1302 588 praesentem
1331 544 1502 588 pastum

74 591 363 633 mendicitatis
397 607 499 633 suae.
560 590 829 632 Consecutus
861 599 925 631 est
959 589 1197 639 Dolabella,
1219 589 1334 630 nulla
1365 591 1537 646 susm-5

71 649 197 690 cione
222 649 332 690 belli.
372 650 465 704 quis
487 649 601 689 enim
624 648 665 688 id
690 649 888 704 putaret?
926 656 1083 688 secutae
1107 647 1414 688 collocutiones
1441 647 1505 688 fa-

74 705 372 747 miliarissimae
403 721 498 747 curn
533 704 775 746 Trebonio:
818 704 1154 760 complexusque
1184 707 1395 745 'lsummae
1432 705 1508 745 be-

74 763 337 813 nivolentiae,
355 763 447 804 falsi
470 762 629 803 indices
648 763 906 802 exstiterunt
924 763 967 802 in
989 775 1133 802 amore
1151 759 1375 802 simulato:
1398 761 1506 802 dex-

73 827 165 869 trae,
188 835 285 876 quae
317 820 413 861 fidei
447 829 574 860 testes
603 832 694 859 esse
729 819 936 869 solebant,
960 818 1138 874 perfidia
1163 827 1262 859 sunt
1282 828 1325 859 et
1346 818 1504 859 scelere

71 877 270 920 violatae:
313 886 546 918 nocturnus
580 875 780 919 introitus
814 876 1055 931 Smyrnam,
1085 875 1205 930 quasi
1236 874 1279 915 in
1314 875 1502 916 bostium

74 935 246 987 urbem3
278 948 374 989 quae
396 944 460 975 est
489 933 831 974 fidelissimorum
863 933 1343 988 antiquissimorumque
1364 933 1502 973 socio-

69 1003 190 1033 rum:
233 1005 460 1046 oppressus
481 989 745 1032 Trebonius:
790 991 823 1031 si
846 1001 894 1031 ut
911 990 965 1031 ab
1000 1004 1066 1040 eo,
1085 990 1158 1044 qni
1189 999 1334 1045 aperte
1366 989 1502 1030 hostis

70 1059 195 1099 esset,
219 1049 438 1090 incautus:
483 1048 516 1088 si
549 1057 595 1087 ut
625 1047 679 1088 ab
710 1062 776 1098 eo,
797 1047 870 1102 qui
901 1047 1007 1088 civis
1038 1047 1168 1088 etiam
1198 1056 1290 1087 tum
1314 1047 1546 1102 speciemb-

71 1103 262 1157 haberet,
294 1106 434 1146 miser.
497 1104 564 1146 Ex
587 1118 672 1159 quo
700 1105 901 1145 nimirum
924 1104 1229 1145 documentum
1252 1118 1328 1144 nos
1351 1118 1502 1159 capere

68 1160 240 1203 fortuna
273 1162 421 1214 voluit,
451 1162 554 1217 quid
585 1170 695 1202 esset
726 1161 850 1202 victis
883 1160 1266 1202 extimescendum.
1328 1160 1498 1202 Consu-

67 1217 198 1260 larem
221 1219 454 1270 hominem‚
477 1217 687 1260 consulari
720 1218 899 1274 imperio
931 1218 1196 1274 provinciam
1217 1217 1364 1258 Asiam
1388 1219 1502 1259 obti-
1559 1228 1563 1232 “

68 1286 257 1327 nentem,
279 1279 297 1307 8
314 1277 523 1317 Samiario
545 1275 682 1316 exsuli
709 1275 907 1317 tradidit:
940 1275 1178 1316 interficere
1207 1284 1383 1330 captum
1415 1287 1503 1316 sta-

69 1333 144 1374 tim
177 1334 330 1384 noluit,
359 1349 410 1375 ne
441 1333 582 1384 nimis,
607 1333 750 1382 credo,
781 1332 824 1373 in
845 1333 1024 1374 victoria
1054 1331 1237 1373 liberalis
1271 1333 1498 1374 videretur.

66 1404 166 1430 cum
191 1392 415 1432 verborum
446 1390 718 1432 contumeliis
747 1389 959 1446 optimum
994 1389 1128 1430 virum
1152 1390 1315 1429 incesto
1345 1404 1417 1430 ore
1439 1389 1500 1430 la-

66 1459 265 1499 cerasset,
297 1458 386 1488 tum
420 1449 665 1489 verberibus
697 1462 746 1487 ac
777 1447 1000 1488 tormentis
1030 1447 1314 1502 quaestionem
1344 1445 1498 1488 habuit

64 1506 260 1560 pecuniae
284 1506 483 1561 publicae,
503 1505 630 1560 idque
653 1519 727 1561 per
746 1504 937 1546 biduum.
969 1515 1068 1560 post
1088 1507 1146 1544 9a
1167 1503 1405 1545 cervicibus
1427 1518 1500 1545 ca⁴

65 1570 144 1616 put
165 1563 364 1613 abscidit,
387 1562 514 1618 idque
545 1563 680 1603 fixum
713 1562 869 1618 gestari
893 1562 1024 1617 jussit
1054 1562 1098 1602 in
1129 1561 1241 1618 pilo:
1287 1561 1497 1616 reliquum

65 1633 221 1674 corpus
246 1629 429 1661 tractum
452 1630 580 1675 atque
600 1619 806 1660 laniatum
836 1620 997 1675 abjecit
1017 1619 1061 1660 in
1089 1633 1220 1659 mare.
1281 1617 1393 1659 Cum
1416 1618 1539 1662 hoco*

67 1675 312 1718 bellandum
350 1676 474 1717 hoste
494 1686 584 1729 est;
626 1691 651 1716 a
683 1676 805 1731 cujus
838 1676 1071 1717 taeterrima
1091 1675 1342 1717 crudelitate
1360 1675 1500 1716 omnis

67 1732 266 1775 barbaria
287 1743 485 1790 superata
502 1743 581 1775 est.
631 1734 750 1780 Quid
772 1733 920 1789 loquar
942 1734 994 1774 de
1015 1733 1133 1774 caede
1154 1734 1315 1775 civium
1338 1732 1503 1774 Roma·

65 1793 248 1832 norum?
288 1791 341 1832 de
371 1791 612 1848 direptione
644 1791 869 1833 fanorum?
899 1791 994 1846 quis
1024 1801 1104 1840 est,
1139 1791 1212 1845 qui
1250 1805 1326 1846 pro
1360 1804 1499 1831 rerum

65 1847 292 1889 atrocitate
313 1848 534 1904 deplorare
566 1857 705 1891 tantas
727 1847 990 1889 calamitates
1020 1850 1174 1902 queat?
1205 1857 1248 1888 et
1269 1862 1385 1888 nunc
1408 1856 1501 1887 tota

63 1902 170 1944 Asia
193 1914 386 1960 vagatur,
411 1905 562 1946 volitat
582 1916 630 1946 ut
661 1919 750 1955 rex,
773 1919 849 1946 nos
873 1905 956 1946 alio
991 1904 1100 1945 bello
1130 1904 1324 1945 distineri
1358 1913 1496 1959 putat.

62 1961 186 2015 ,quasi
226 1976 325 2003 vero
365 1977 452 2003 non
502 1977 635 2004 unum
684 1962 883 2017 idemque
934 1961 1089 2003 bellum
1130 1963 1186 2003 sit
1222 1971 1373 2002 contra
1412 1961 1496 2001 hoc

58 2017 219 2072 jugum
256 2018 488 2075 impiorum
520 2018 745 2060 nefarium.
805 2019 1047 2075 Imaginem
1087 2018 1153 2060 M.
1190 2018 1369 2059 Antonii
1403 2013 1544 2061 cru-3

65 2074 254 2116 dentatis
287 2076 332 2118 in
368 2075 594 2118 Dolabella
626 2076 822 2118 cernitis:
858 2078 972 2118 ‘¹0ex
1009 2076 1092 2117 hoc
1126 2075 1196 2116 iila
1231 2075 1375 2116 efficta
1409 2084 1498 2116 est:

103 2217 123 2249 7
144 2225 173 2246 s.
191 2214 315 2254 &falsi
327 2213 461 2255 indices]
477 2215 568 2247 Facsi
583 2214 757 2246 delendum

65 2257 205 2298 putabat
222 2257 378 2295 Faernus,
395 2257 488 2288 valde
501 2257 657 2298 speciose.
680 2268 759 2288 nam

62 2298 145 2331 alias
160 2299 224 2331 hoc
237 2309 305 2330 non
323 2300 404 2330 bene
421 2299 594 2340 respondet
609 2300 703 2330 alteri
719 2300 759 2330 de

62 2340 205 2372 dextris:
228 2342 387 2384 quoefidec'
411 2345 505 2372 testes
518 2352 580 2372 esse
605 2343 759 2373 solebant.

63 2381 182 2422 Itaque
195 2388 231 2414 et
242 2383 424 2414 Lambinus
437 2383 568 2415 delevit.
594 2384 655 2415 Sed
669 2389 704 2415 et
714 2384 761 2414 sic

65 2424 209 2457 alterum
224 2427 405 2457 extiterunt
419 2427 455 2456 in
469 2436 581 2457 amore
594 2427 760 2463 simulato,

64 2475 134 2498 non
163 2468 334 2506 commode
362 2468 494 2499 dicitur.
546 2468 631 2499 Mihi
660 2469 762 2499 inter·

62 2509 278 2550 pungendum
290 2510 418 2541 videtur
432 2515 506 2551 post
516 2511 736 2541 benevoleneioe
749 2522 758 2539 .-

63 2555 102 2582 ut
117 2557 168 2582 est
184 2552 218 2582 in
235 2551 344 2583 Guelf.
393 2552 583 2593 completus
596 2563 623 2584 e.
639 2554 666 2583 b.
681 2558 760 2583 sunt

65 2592 254 2632 frequentes
267 2599 301 2624 et
310 2594 496 2631 arctissimi,
505 2595 616 2634 quales
628 2604 696 2625 esse
708 2604 760 2624 so-

64 2633 138 2666 lent
152 2636 187 2666 in
200 2645 333 2666 summa
343 2636 586 2669 benevolentia:
602 2642 701 2676 atque
713 2637 759 2667 sic

63 2676 266 2717 interpunxi.
312 2677 352 2708 In
374 2677 478 2709 altera
500 2684 592 2718 parte
615 2679 757 2710 Faernus

65 2719 251 2758 corrigebat
264 2719 537 2762 dez-troequefidei
552 2726 656 2758 teste&
672 2721 721 2751 del
727 2731 758 2751 e-

63 2761 109 2791 tis
123 2770 188 2792 esse
197 2762 351 2792 solebant.
373 2762 553 2801 eleganter.
568 2763 691 2794 Lenius
707 2767 758 2794 ta-

65 2811 144 2834 men
158 2803 214 2840 sit,
229 2804 390 2843 corrigere
404 2814 469 2834 esse
483 2806 594 2836 solent.

107 2847 126 2876 8
153 2844 321 2876 Samiario
335 2846 454 2886 exsuli]
472 2849 524 2878 Sic
546 2853 580 2878 et
594 2847 703 2878 Guelf.
717 2857 758 2878 ne

65 2886 166 2922 nimis
180 2888 324 2918 liberalis
336 2898 369 2919 v.
385 2889 441 2928 qui
463 2898 508 2923 sc.
533 2890 647 2923 statim
663 2890 759 2924 bene·

124 2941 236 2978 VOL·
257 2943 312 2974 11.
334 2943 376 2978 Ρ.
396 2943 454 2974 11.

799 2216 911 2246 ficium
922 2216 1048 2253 mortis,
1060 2222 1099 2246 ut
1112 2225 1210 2256 supra
1221 2214 1316 2251 dixit,
1326 2215 1500 2245 tribueret.

841 2262 861 2292 9
883 2268 905 2288 a
918 2259 1093 2289 cervicibus
1104 2269 1132 2288 c.
1146 2258 1196 2297 ιι]
1212 2258 1265 2288 Sic
1279 2257 1383 2287 voluit
1403 2256 1499 2291 edere,

801 2310 818 2330 e
835 2300 940 2331 Palat.
957 2310 1020 2331 sec.
1037 2301 1197 2331 Gruterus
1213 2309 1271 2339 pro
1284 2299 1416 2338 vulgato
1431 2308 1500 2329 cer-

800 2343 922 2373 vicibus
937 2353 965 2374 c.
980 2352 1012 2372 a.
1027 2343 1083 2373 sed
1108 2352 1215 2382 operae
1231 2341 1497 2382 praepositionem

803 2385 951 2415 omisere.
997 2386 1049 2415 Sic
1064 2390 1099 2415 et
1115 2385 1178 2415 Ms.
1195 2384 1258 2414 Gu.
1283 2384 1393 2414 habet.
1439 2383 1497 2413 Fa-

804 2430 901 2458 ernus
917 2437 935 2457 e
948 2427 1024 2458 Vat.
1041 2426 1129 2457 dedit
1140 2432 1212 2467 post
1237 2425 1412 2457 cervicibus
1416 2423 1498 2465 sra-

804 2470 875 2506 ctis,
890 2470 976 2509 quod
989 2475 1123 2500 secutus
1133 2474 1182 2499 est
1195 2468 1353 2499 Graevius.
1378 2476 1495 2505 nempe

802 2517 880 2541 ante
896 2511 1140 2550 strangulatum
1158 2511 1307 2550 putabat.
1331 2520 1352 2540 a
1367 2508 1498 2538 cervici·

803 2554 860 2584 bas
875 2554 1062 2584 abscindere
1079 2560 1113 2584 et
1130 2553 1184 2583 alii
1197 2552 1318 2582 dixere.
1341 2561 1401 2581 nec
1416 2550 1498 2580 bene

801 2594 943 2636 affi'rum
958 2595 1072 2626 dedere
1085 2595 1274 2636 profatum.
1298 2593 1411 2624 Latini
1425 2601 1494 2623 non

801 2639 846 2668 sic
859 2639 984 2670 dieunt.
1009 2638 1184 2677 prcrfirum
1199 2636 1316 2675 reperi,
1329 2644 1397 2665 non
1423 2632 1499 2673 affi-

797 2689 893 2716 ,τ-ιιηι,
911 2680 1012 2711 hastae
1027 2687 1086 2710 aut
1102 2680 1178 2719 pilo.
1203 2679 1283 2709 Mox
1295 2676 1497 2718 proepositio·

800 2731 875 2752 nem
888 2732 910 2752 a
925 2728 960 2752 et
973 2722 1038 2752 Gu.
1053 2722 1162 2751 babet.

846 2767 882 2793 10
908 2774 948 2794 ex
970 2766 1001 2794 Ιι.
1025 2765 1048 2793 i.
1072 2762 1181 2804 ςῇῖοεα
1203 2760 1263 2800 est]
1289 2760 1342 2791 Sic
1364 2763 1452 2790 recte
1474 2768 1493 2790 ι

799 2804 875 2836 Vat.
892 2806 1017 2836 editum
1032 2810 1081 2835 est
1094 2816 1114 2836 a
1123 2805 1262 2839 Faenio,
1274 2802 1366 2832 Man.
1379 2800 1496 2832 Lamb-

801 2847 940 2879 Graevio.
954 2847 1038 2877 male
1051 2847 1212 2877 Gruterus
1221 2843 1340 2886 effecta
1349 2843 1500 2874 retinuit-

800 2889 956 2921 Alterum
973 2891 1032 2921 illa
1046 2889 1166 2921 delevit
1182 2887 1329 2920 Graevius
1341 2885 1454 2923 tacite.

794 2937 875 2974 4x
