1817 3169
464 105 580 144 PRO
607 104 652 143 L.
682 103 993 142 CORNELIO
1020 103 1226 140 BALBO.
1469 103 1569 152 1109

131 222 190 258 se,
214 210 273 239 ¹⁰⁰
286 207 319 248 si
354 215 474 250 tanta
504 207 614 249 bella
643 207 816 263 egisset,
835 216 996 262 quanta
1025 214 1068 246 et
1101 206 1316 260 gessisset,
1347 212 1391 245 et
1420 203 1570 245 confe-

128 265 268 316 cisset,
291 265 324 305 si
346 275 410 306 tot
428 265 674 307 consulibus
700 264 937 314 meruisset,
959 263 1127 318 quoties
1160 262 1250 317 ipse
1281 262 1429 302 consul
1465 261 1570 302 fuis-

129 329 206 371 set,
231 322 489 378 omniajura
512 322 610 363 belli
634 321 887 378 perdiscere,
909 335 958 362 ac
979 334 1102 360 nosse
1124 319 1340 374 poluisse:
1375 319 1457 359 sibi
1482 333 1570 358 non

128 377 260 418 fuisse
280 379 474 430 dubium,
493 380 597 435 quin
615 379 730 420 nullo
748 377 911 419 soedere
939 381 948 408 ¹
967 392 992 418 a
1013 375 1233 432 republica
1255 376 1361 415 bene
1383 375 1572 430 gerenda

130 434 430 490 impediretur:
463 452 488 477 a
509 451 552 477 se
583 450 637 478 ex
660 435 1016 491 conjunctissima
1038 432 1448 488 atque-amicissima
1465 432 1572 472 civi-

132 500 219 533 tate
242 493 522 535 fortissimum
543 507 757 549 quemque
780 506 870 533 esse
892 491 1131 532 delectum:
1165 503 1301 544 neque
1330 487 1572 543 Iguvinati-

131 563 218 600 um,
242 564 378 606 neque
401 551 700 592 2Can1er1ium
730 549 895 590 foedere
916 563 1007 589 esse
1028 557 1287 602 exceptum3
1320 559 1405 600 quo
1428 546 1570 585 minus

130 618 278 648 eorum
297 608 464 649 civibus
482 624 506 649 a
529 608 688 664 populo
719 607 916 648 Romano
936 605 1115 662 praemia
1135 603 1306 645 virtutis
1331 603 1570 643 tribueren-

132 670 215 704 tur.
275 664 443 720 Itaque,
465 680 562 707 cum
588 664 733 721 paucis
755 665 877 705 annis
901 673 998 719 post
1028 662 1140 702 hanc
1161 659 1350 702 civitatis
1373 659 1569 699 donatio-
1586 659 1651 706 21

131 734 232 761 nem
262 724 468 763 acerrima
497 723 550 764 de
579 722 756 763 civitate
785 721 984 776 quaestio,
1012 718 1178 760 Licinia
1210 728 1252 758 et
1288 715 1441 756 Mucia
1463 715 1571 771 lege,
1587 730 1637 763 48

135 778 345 821 venisset:
369 794 471 820 nuin
486 780 580 835 quis
603 793 764 829 eorum,
779 778 852 833 qui
875 777 926 818 de
947 776 1169 818 foederatis
1192 773 1442 816 civitatibus
1465 783 1576 813 esset

136 834 313 878 civitate
344 837 542 887 donatus,
576 836 618 877 in
645 835 860 890 judicium
904 844 968 875 est
1009 835 1214 875 vocatus?
1259 845 1357 871 nam
1391 829 1578 886 Spoleti-

138 905 217 932 nus
241 893 291 933 L.
314 895 333 923 3
348 893 582 934 Matrinius
607 908 714 934 unus
737 907 789 933 ex
818 892 883 942 iis,
905 906 1012 946 quos
1037 890 1088 931 C.
1112 889 1282 930 Marius
1304 888 1480 928 civitate
1502 887 1579 927 do-

138 960 294 999 nasset,
317 950 431 991 dixit
451 964 621 991 causam
651 964 704 990 ex
737 949 908 990 colonia
931 948 1101 999 Latina,
1133 947 1177 987 in
1211 945 1360 1002 primis
1394 944 1514 985 firma
1537 954 1581 984 et

139 1005 307 1047 illustri.
338 1022 465 1063 quem
493 1022 593 1048 cuin
623 1007 806 1048 disertus
839 1006 970 1047 homo
993 1005 1077 1045 4L.
1099 1003 1314 1044 Antistius
1346 1011 1581 1052 accusaret,

140 1062 388 1117 Spoletinus
409 1065 538 1115 dixit,
559 1064 738 1105 fundum
764 1064 968 1120 populum
995 1061 1266 1118 Spoletinum
1289 1074 1374 1100 non
1399 1073 1488 1100 esse
1518 1058 1581 1099 fa-

139 1131 272 1161 ctum.
333 1122 520 1163 Videbat
539 1122 669 1172 enim,
693 1120 872 1177 populos
903 1120 956 1160 de
989 1134 1066 1160 suo
1082 1118 1196 1173 jure,
1227 1132 1313 1158 non
1336 1117 1389 1157 de
1418 1126 1581 1166 nostro,

143 1176 300 1219 fundos
335 1179 423 1219 fieri
457 1179 613 1230 solere3
647 1180 734 1229 sed,
765 1193 863 1220 cum
900 1177 996 1233 lege
1031 1175 1249 1231 Appuleia
1280 1173 1462 1215 coloniae
1497 1188 1581 1214 non

142 1245 283 1276 essent
315 1236 526 1286 deductae,
558 1251 643 1291 qua
670 1236 764 1291 lege
798 1235 1055 1276 Saturninus
1088 1232 1140 1274 C.
1166 1231 1312 1272 Mario
1336 1231 1505 1281 tulerat,
1537 1241 1584 1270 ut

142 1291 187 1332 in
225 1293 414 1348 singulas
445 1293 634 1334 colonias
668 1303 813 1334 ternos
849 1293 964 1333 cives
994 1290 1217 1331 Romanos
1246 1288 1387 1330 facere
1425 1298 1584 1344 posset,

143 1350 333 1405 negabat
372 1350 456 1391 hoc
501 1350 771 1401 beneficium,
814 1363 859 1390 re
900 1349 994 1405 ipsa
1031 1347 1212 1398 sublata,
1244 1346 1383 1387 valere
1415 1346 1584 1386 debere.

193 1504 250 1531 100
272 1502 299 1531 si
315 1501 410 1532 tanta
426 1502 509 1532 bella
524 1503 662 1541 legisset,
678 1511 730 1541 qu.
743 1501 844 1540 gessit

886 1501 992 1530 mines
1005 1500 1189 1530 incitantur
1202 1498 1243 1530 ad
1254 1498 1337 1528 bene
1360 1497 1399 1528 de
1422 1497 1589 1538 republica

146 1547 179 1573 et
192 1543 355 1583 conficta]
382 1544 464 1574 Haec
478 1544 607 1584 quidem
624 1543 741 1574 vitiosa
753 1546 844 1573 sunt.

886 1542 1092 1573 merendum.

147 1586 295 1616 Primum
317 1596 417 1625 quare
439 1586 526 1617 dicat
541 1586 679 1623 Marius,
699 1586 727 1616 si
749 1588 846 1615 tanta

149 1628 231 1658 bella
248 1626 373 1667 legisset
384 1629 400 1658 Ζ
421 1638 517 1667 quain
531 1629 597 1658 vim
621 1628 673 1658 hic
692 1628 791 1657 habet
805 1628 847 1656 le-

147 1680 225 1708 gere
240 1671 321 1700 bella
332 1673 348 1700 ,7
360 1670 445 1709 quod
459 1680 518 1700 nec
530 1671 564 1700 in
577 1670 744 1700 hominem
762 1669 848 1699 mili-

146 1717 253 1742 tarem
275 1718 385 1743 totuin
409 1712 508 1749 cadit,
529 1722 588 1743 nec
611 1713 777 1742 consentit
799 1720 848 1741 se-

151 1755 338 1793 quentibus.
384 1754 464 1784 Edd.
488 1764 538 1794 pr.
567 1754 688 1784 habent
718 1755 847 1792 egisset,

149 1796 236 1827 unde
251 1807 307 1838 per
321 1806 465 1827 errorem
487 1799 611 1826 lactum
628 1797 768 1836 legisset,
784 1795 849 1836 pri-

152 1848 244 1869 mum
273 1839 305 1869 in
327 1838 376 1868 ed.
396 1838 534 1869 Aldina:
559 1837 634 1868 inde
659 1838 699 1868 ad
723 1844 848 1868 ceteros

152 1890 265 1911 omnes
275 1887 474 1920 propagatus
487 1880 690 1916 error,nullo
702 1879 851 1910 animad-

154 1928 316 1960 vertente,
331 1923 418 1962 quod
431 1923 542 1953 sciam.
567 1922 711 1952 Restitui
725 1923 850 1962 egisset.

154 1964 291 1995 Bellum
316 1975 414 2003 agere
438 1975 497 2005 pro
525 1974 635 2003 gerere
669 1974 753 2004 saepe
782 1973 852 1994 cor-

154 2012 304 2047 ruptum,
320 2011 354 2037 at
377 2017 451 2037 vero
471 2007 570 2036 etiam
588 2006 788 2036 vindicatum
804 2010 853 2036 est

156 2059 176 2079 a
190 2050 265 2080 viris
280 2049 487 2084 doctissimis,
499 2054 536 2078 ut
551 2049 717 2078 Gronovio
731 2048 809 2078 obs.
826 2052 854 2077 2.
868 2045 872 2049 ”

155 2095 190 2121 et
205 2091 288 2122 aliis.
336 2093 399 2121 Ms.
416 2098 530 2121 tamen
546 2090 655 2120 Guelf.
673 2090 770 2120 habet
783 2100 856 2128 ges-

154 2134 256 2171 sisset,
271 2133 355 2173 quod
379 2144 397 2163 a
418 2133 525 2172 glossa
546 2140 606 2162 cst.
651 2131 790 2162 Videtur
804 2132 858 2162 Ci-

156 2185 230 2206 cero
257 2175 409 2206 consulto
437 2175 553 2204 dixisse
589 2175 716 2212 egisset,
742 2183 784 2204 ne
808 2174 855 2203 bis

157 2218 270 2248 eodem
287 2218 384 2248 verbo
401 2222 560 2247 uteretur.
606 2217 692 2246 Nam
713 2226 787 2245 mox
807 2222 856 2246 est

154 2261 273 2298 gessit-.·
299 2260 384 2299 quod
398 2264 432 2289 et
446 2261 551 2299 ipsum
566 2264 690 2287 metum
707 2268 774 2288 esse
790 2267 856 2288 non

158 2308 279 2341 potest,
289 2301 528 2341 legendumque
543 2309 592 2330 cst
604 2301 763 2338 gessisset,
777 2300 815 2330 itt
825 2311 855 2330 in

159 2348 233 2384 post
245 2344 440 2383 conjecisset.
486 2343 584 2374 Clara
600 2352 648 2372 res
671 2348 721 2372 est
735 2353 774 2371 cx
788 2343 857 2382 ip<a

159 2386 265 2417 forma
279 2385 449 2422 orationis,
464 2395 536 2424 quae
559 2391 607 2415 est
623 2385 766 2423 obliqua,
783 2390 855 2414 tuin

159 2429 301 2459 maxime
321 2438 338 2458 e
364 2428 586 2467 sequentibus,
601 2428 656 2457 uhi
681 2433 729 2456 cst
744 2426 855 2456 eadem

159 2469 277 2506 forma,
291 2471 318 2500 si
331 2475 376 2500 lot
391 2471 572 2500 consulibus
587 2470 766 2503 meruisset,
783 2479 857 2508 ιμω-

161 2513 219 2542 ties
230 2513 296 2552 ipse
307 2511 555 2551 consulfuisset.
600 2512 698 2541 ¹side:
727 2520 791 2540 non
811 2511 859 2541 di-

160 2554 219 2590 cit,
243 2556 369 2593 quoties
382 2554 472 2593 sitit,
485 2553 540 2583 sed
552 2552 696 2592 sitisset.-
725 2563 803 2592 ergo
826 2561 859 2582 ct

162 2600 239 2626 ante
255 2597 301 2625 sic
316 2596 412 2627 debet
427 2606 494 2626 esse
510 2595 701 2626 necessario.
746 2596 860 2633 ltaque

162 2638 208 2667 sic
224 2637 369 2677 legitime
381 2638 594 2668 correximus.
627 2638 777 2677 Denique
790 2637 862 2667 edd.

164 2688 214 2718 pr.
229 2679 352 2709 babent
365 2685 396 2710 et
405 2690 443 2718 g.
457 2685 488 2710 et
495 2679 586 2720 smil:
601 2679 693 2710 bene.

211 2723 223 2750 1
248 2731 269 2750 a
291 2731 358 2760 rep.
375 2723 452 2752 bene
471 2722 633 2761 gerenda]
659 2723 680 2751 i.
705 2732 734 2752 e.
757 2721 864 2760 dignis

165 2764 300 2802 pra-mio
315 2764 422 2802 jin-to,
438 2770 478 2793 ut
501 2764 642 2794 civitatis
660 2765 749 2802 jure,
765 2764 865 2793 affici-

162 2804 274 2834 endis:
298 2815 374 2835 nam
389 2806 424 2836 in
444 2815 484 2836 eo
507 2815 635 2845 quoque
650 2812 699 2835 est
715 2815 790 2845 pars
806 2806 866 2836 rei-

164 2845 302 2885 publium
330 2847 412 2878 bene
440 2847 606 2887 gerendae,
633 2847 719 2886 quod
745 2848 783 2877 iis
806 2847 866 2877 ho-

934 1587 954 1616 9
989 1585 1022 1615 C.
1039 1583 1168 1623 foedere
1202 1592 1266 1613 esse
1300 1581 1484 1622 exceptum]
1524 1583 1598 1613 ΜΞ.Δ

891 1627 1002 1658 Guelf.
1029 1626 1130 1656 habet
1153 1624 1278 1662 sindus.-
1306 1625 1392 1663 quod
1419 1630 1454 1654 et
1481 1625 1588 1665 ipsum

889 1670 1012 1699 bonum
1040 1677 1171 1698 sensum
1194 1667 1291 1697 facit:
1319 1667 1374 1697 sed
1384 1665 1515 1706 foedere
1536 1678 1590 1697 ve-

892 1721 964 1742 rum
979 1720 1046 1741 esse
1062 1709 1260 1748 intelligitur
1282 1720 1299 1739 e
1322 1709 1541 1749 superioribus
1557 1719 1587 1739 e.

894 1756 945 1784 14.
960 1754 1014 1783 ubi
1029 1757 1075 1783 est
1090 1750 1391 1792 exceptumfieclere
1412 1751 1590 1782 Gaditano-

891 1806 982 1832 rum,
998 1805 1038 1825 ne
1052 1804 1147 1834 quem
1162 1795 1221 1824 &c.

932 1841 950 1868 3
974 1837 1158 1868 ΛΙαινίηὶιιε
1178 1845 1264 1865 unus
1278 1845 1317 1865 ex
1339 1836 1389 1870 iis,
1407 1834 1478 1874 qu]
1503 1835 1592 1866 Male

892 1880 990 1920 vulgo
1017 1878 1264 1919 inter-pungitur
1289 1882 1362 1917 post
1388 1877 1571 1908 Matrinius
1582 1891 1591 1907 .-

893 1928 943 1953 est
955 1923 1058 1958 enim,
1074 1921 1251 1951 Matrinius
1266 1919 1354 1949 solus
1368 1929 1407 1949 ex
1423 1921 1514 1950 omni
1532 1930 1594 1951 nu·

896 1974 986 1994 mero
1003 1965 1061 1994 ἃς.
1079 1973 1144 1993 non
1160 1962 1292 2002 quidam
1306 1972 1345 1991 ex
1361 1961 1411 1992 iis.

938 2008 959 2036 4
982 2007 1023 2037 L.
1035 2004 1212 2043 Antistius]
1239 2004 1272 2033 P.
1297 2003 1524 2043 corrigendum
1549 2006 1595 2035 vi-

898 2049 1035 2078 debatur
1052 2049 1086 2079 P.
1103 2045 1270 2082 Manum),
1281 2046 1435 2076 Abramio
1451 2047 1510 2078 ἀρ.
1526 2058 1596 2078 cre-

899 2091 940 2120 do
956 2101 1068 2121 verum
1084 2099 1165 2126 esse,
1181 2093 1217 2118 ut
1235 2088 1442 2128 intelligatur
1456 2089 1494 2125 is,
1504 2090 1595 2128 cujus

900 2134 933 2162 in
952 2133 1056 2163 Bruto
1073 2131 1210 2167 mentio,
1227 2134 1265 2160 ut
1280 2131 1420 2160 oratoris
1434 2143 1440 2159 :
1464 2132 1596 2171 ejusque

899 2182 977 2205 aetas
993 2174 1107 2204 incidit
1129 2173 1164 2202 in
1187 2172 1244 2203 illa
1265 2179 1414 2213 tempora
1433 2173 1595 2204 Mariana.

897 2218 986 2247 Tum
1014 2217 1074 2246 viri
1098 2215 1228 2255 quidam
1251 2214 1353 2251 docti,
1372 2220 1412 2245 ut
1433 2215 1597 2255 Pantaga-

898 2259 989 2295 thus,
1014 2258 1165 2294 Ursinus,
1191 2257 1376 2294 Manutius,
1400 2257 1596 2295 Lambinus,

899 2307 933 2332 et
950 2301 1018 2336 alii,
1033 2310 1092 2340 pro
1110 2299 1293 2339 Spoletinus
1307 2299 1390 2329 davit
1406 2300 1465 2330 &c.
1482 2300 1598 2339 legunt

899 2354 960 2373 ηοη
976 2344 1005 2373 ei
1019 2343 1107 2372 istud
1119 2343 1150 2372 d.
1163 2342 1316 2381 negativa
1330 2341 1460 2381 quidem
1476 2348 1525 2372 est
1542 2352 1598 2373 ne-

900 2386 1049 2419 cessaria,
1076 2389 1110 2415 et
1140 2383 1321 2423 Spoletinus
1355 2389 1405 2414 est
1441 2384 1598 2415 alienum.

900 2428 1018 2458 Dicere
1034 2426 1106 2457 vult
1119 2426 1245 2463 Cicero,
1261 2426 1339 2464 quid
1353 2426 1517 2456 Antistius
1533 2436 1600 2456 non

901 2470 1030 2504 dixerit,
1046 2474 1084 2498 ut
1101 2469 1286 2499 ostenderet
1309 2469 1426 2498 xitiuin
1451 2469 1599 2506 rationis,

902 2523 965 2550 qua
979 2521 1056 2542 usus
1068 2516 1138 2541 erat
1152 2511 1294 2540 Cornelii
1316 2516 1486 2541 accusator
1498 2522 1506 2541 :
1532 2521 1600 2541 non

903 2555 984 2584 dixit
1011 2555 1045 2583 in
1072 2553 1254 2584 accusando
1279 2553 1461 2592 Spoletino,
1477 2553 1600 2583 benefl-

905 2597 992 2626 cium
1009 2596 1120 2632 Marii,
1136 2605 1162 2625 5.
1178 2594 1348 2635 Appuleiae.
1372 2595 1464 2634 legis,
1476 2597 1510 2625 in
1523 2606 1601 2626 eum

907 2648 972 2668 non
989 2639 1115 2674 cadere,
1129 2637 1214 2676 quod
1236 2639 1264 2667 ei
1289 2637 1354 2676 legi
1368 2637 1508 2677 populus
1523 2639 1603 2677 Spo-

906 2681 1028 2711 letinus
1054 2679 1174 2710 fundus
1200 2689 1266 2709 non
1289 2686 1372 2709 esset
1399 2680 1526 2709 factus:
1549 2680 1604 2710 sed

906 2723 1001 2759 dixit,
1017 2723 1049 2753 id
1063 2722 1257 2752 beneficium
1280 2731 1347 2750 non
1361 2721 1480 2751 habere
1492 2721 1603 2752 locum

908 2765 942 2794 in
957 2765 1026 2804 ipso
1041 2775 1080 2795 ex
1091 2763 1252 2804 Appuleia
1266 2763 1350 2801 lege,
1365 2763 1441 2802 quia
1464 2763 1513 2793 lex
1536 2765 1606 2805 ipsa

908 2807 1048 2843 sublata,
1064 2807 1085 2837 i.
1100 2816 1128 2835 e.
1153 2815 1220 2835 non
1243 2805 1381 2844 perlata,
1403 2805 1530 2843 fuisset,
1546 2817 1605 2838 nec

910 2848 988 2880 adeo
1004 2849 1142 2879 coloniae
1157 2846 1317 2878 deductae.
