1785 3185
281 86 380 122 1356
857 84 1104 127 ORATIO

282 185 366 227 frui
399 186 618 231 volumus:
650 186 805 233 bellum
840 192 1074 248 gerendum
1106 201 1185 234 est.
1223 191 1258 234 si
1296 190 1454 235 bellum
1485 191 1707 236 ⁸4omitte-

234 250 400 305 7mus:
434 259 539 301 pace
570 261 801 303 numquam
827 249 1030 291 fruemur.
1091 249 1168 291 Est
1199 260 1340 292 autem
1365 249 1492 291 vestri
1522 251 1707 301 consilii,

279 311 422 397 patres
445 304 694 360 conscripti,
718 306 761 346 in
787 316 1004 362 posterum
1037 322 1165 362 quarn
1192 307 1440 363 longissime
1468 308 1708 363 providere.-

305 358 450 400 dcirco
473 359 515 400 in
548 360 627 403 hac
655 364 864 413 custodia,
891 373 934 404 et
965 373 1182 419 tamquam
1214 365 1256 406 in
1289 365 1476 420 specula,
1506 364 1705 405 collocati

277 428 438 466 sumus,
464 427 510 457 ut
533 432 711 460 vacuum
736 429 851 460 metu
877 420 1079 475 populum
1113 421 1358 462 Romanum
1390 431 1536 462 nostra
1557 420 1707 476 vigilia

275 482 322 512 et
355 475 662 529 prospicientia
698 477 981 518 redderemus.
1041 477 1184 532 Turpe
1215 487 1293 528 est,
1326 493 1492 518 summo
1523 477 1706 519 consilio

277 529 394 569 orbis
417 540 555 582 terrae,
576 534 811 587 praesertim
835 532 877 573 iu
900 548 943 574 re
967 543 1054 574 tam
1083 534 1320 589 perspicua,
1341 537 1380 565 35
1395 535 1618 576 consilium
1641 535 1705 576 in·-

213 586 413 642 20telligi
444 588 644 629 defuisse.
706 589 792 630 Eos
823 590 1018 630 consules
1057 590 1278 642 habemus,
1309 605 1401 632 eam
1433 591 1580 647 populi
1613 591 1703 632 Ro-

276 646 391 684 mani
429 644 708 697 alacritatem,
743 661 841 687 cum
880 661 1135 688 consensum
1174 647 1331 698 Italiae,
1360 663 1432 689 eos
1464 648 1608 699 duces,
1629 662 1703 689 eos

274 700 504 752 exercitus,
530 712 576 741 ut
598 702 758 744 nullam
780 703 1067 745 calamitatem
1091 704 1331 760 respublica
1351 704 1545 759 accipere
1568 705 1703 760 possit

273 757 363 797 sine
382 757 508 813 culpa
530 770 715 801 senatus.
779 759 989 815 Equidem
1020 776 1104 802 non
1130 762 1282 803 deero:
1316 762 1516 811 monebo,
1537 763 1578 792 36
1593 775 1701 817 prae-

270 813 427 864 dicam,
445 816 725 868 denuntiabo,
749 818 938 858 testabor
959 833 1125 874 semper
1147 819 1247 860 deos
1269 818 1565 873 hominesque,
1597 817 1700 873 quid

271 871 449 912 sentiam
468 888 476 913 :
512 887 590 913 nec
611 874 749 914 solum
772 874 900 915 fidem
923 889 1085 917 meam:
1117 877 1231 931 quod
1257 875 1435 917 fortasse
1456 878 1494 908 37
1507 875 1700 916 videatur

271 927 373 967 satis
394 942 499 979 esse,
520 930 591 971 sed
615 931 657 971 in
682 931 876 987 principe
898 931 983 972 civi
1013 947 1099 972 non
1125 943 1190 974 est
1213 933 1340 975 satis:
1372 947 1534 984 curam,
1555 931 1696 973 consi-

271 983 391 1034 lium,
412 985 764 1042 vigilantiamque
788 989 1017 1043 praestabo.

206 1050 254 1087 21
331 1040 437 1081 Dixi
460 1043 513 1083 de
536 1044 750 1098 periculo:
783 1046 964 1096 docebo,
987 1059 1040 1086 ne
1062 1047 1355 1102 coagmentari
1375 1047 1547 1102 quidem
1573 1059 1698 1101 posse

270 1113 434 1153 pacem.
457 1099 509 1140 de
532 1101 667 1142 tribus
690 1102 819 1152 enim,
854 1117 951 1157 quae
987 1104 1204 1159 proposui,
1236 1104 1317 1146 boc
1347 1113 1587 1145 extremum
1617 1112 1696 1144 est.

222 1160 255 1208 8
271 1155 381 1201 Quae
406 1165 548 1210 potest
568 1172 658 1199 esse
681 1174 764 1214 pax
790 1158 855 1200 M.
879 1158 1072 1201 Antonio
1096 1161 1280 1216 primum
1299 1175 1395 1202 cum
1417 1171 1561 1202 senatu
1580 1163 1592 1201 ἲ
1610 1174 1697 1215 quo

127 1232 161 1264 p,
179 1226 341 1257 213,orc
363 1211 432 1253 ille
456 1227 529 1254 vos
563 1217 734 1270 poterit,
759 1216 916 1270 quibus
948 1216 1136 1257 vicissim
1165 1233 1239 1258 vos
1262 1217 1382 1259 illum
1415 1218 1549 1259 oculis
1581 1217 1696 1258 intu-

222 1279 252 1300 ²-
267 1269 355 1312 eri?
386 1269 481 1325 quis
517 1272 703 1312 vestrum
742 1273 876 1324 illum,
914 1288 1042 1329 quem
1080 1274 1149 1315 ille
1185 1283 1371 1316 vestrum
1408 1290 1491 1316 non
1532 1273 1695 1315 oderit?

264 1326 376 1382 Age,
401 1342 475 1367 vos
509 1328 578 1370 ille
594 1330 754 1380 solum,
777 1339 820 1370 et
850 1345 925 1371 vos
952 1330 1101 1373 illum?
1131 1331 1258 1387 quid?
1290 1332 1334 1384 ii,
1367 1332 1440 1387 qui
1474 1331 1695 1372 Mutinam

263 1383 593 1437 circumsedent,
615 1387 688 1443 qui
712 1387 754 1427 in
780 1386 922 1428 Gallia
950 1387 1139 1429 delectus
1168 1389 1343 1440 habent,
1366 1389 1439 1444 qui
1463 1389 1505 1430 in
1528 1397 1694 1429 nostras

263 1441 457 1483 fortunas
491 1442 732 1495 imminent,
763 1445 891 1486 amici
923 1460 1127 1500 umquam
1165 1447 1290 1487 nobis
1328 1455 1468 1498 erunt,
1509 1454 1585 1487 aut
1614 1459 1692 1485 nos

262 1499 372 1541 illis?
403 1499 471 1539 An
495 1501 660 1555 equites
697 1500 919 1543 Romanos
942 1501 1249 1557 amplectetur?
1280 1503 1451 1545 occulta
1472 1503 1587 1544 enim
1609 1500 1697 1542 fuit

262 1569 411 1597 eorum
435 1556 633 1599 voluntas
663 1558 961 1615 judiciumque
982 1558 1035 1600 de
1058 1559 1126 1600 M.
1147 1560 1366 1604 Antonio:
1397 1560 1469 1616 qui
1494 1559 1691 1614 frequen-

264 1613 420 1655 tissimi
444 1614 487 1655 in
510 1616 714 1671 gradibus
738 1616 996 1658 Concordize
1031 1625 1260 1660 steterunt:
1293 1618 1367 1675 qui
1390 1633 1466 1658 vos
1489 1617 1542 1658 ad
1564 1617 1691 1657 libcr-

265 1679 397 1713 tatem
420 1674 754 1728 recuperandam
773 1675 1098 1715 excitaverunt:
1129 1689 1262 1726 arma,
1291 1690 1408 1731 saga,
1432 1674 1591 1716 bellum
1614 1673 1690 1714 fla-

263 1729 536 1783 gitaverunt:
568 1744 637 1771 mc
679 1746 765 1772 una
794 1746 892 1772 cum
935 1730 1094 1787 populo
1128 1732 1326 1774 Romano
1362 1732 1406 1773 in
1436 1731 1688 1773 concionem

196 1799 247 1834 22
264 1796 538 1829 vocaverunt.
600 1787 661 1829 Hi
685 1787 925 1829 Antonium
953 1788 1161 1844 diligent?
1193 1805 1291 1830 cum
1324 1789 1390 1830 his
1423 1803 1573 1845 pacem
1604 1801 1695 1828 ser-

260 1845 380 1885 vabit
401 1843 646 1887 Antonius?
678 1845 791 1886 Nam
815 1845 917 1901 quid
939 1859 1021 1901 ego
1045 1845 1097 1886 de
1119 1846 1318 1888 universo
1341 1846 1502 1902 populo
1524 1845 1688 1886 Roma-

256 1914 314 1940 no
337 1902 477 1943 dicam
497 1904 511 1943 ἓ
542 1903 616 1957 qui
639 1902 766 1958 pleno
787 1918 837 1944 ac
860 1901 1015 1944 referto
1035 1901 1145 1954 foro,
1168 1904 1232 1944 bis
1255 1918 1323 1944 mc
1351 1919 1436 1945 uua
1458 1912 1600 1944 mente
1621 1911 1689 1942 at-

254 1972 338 2012 que
375 1974 479 2001 voce
517 1960 559 2000 in
592 1960 845 2001 concioncm
880 1960 1068 2011 vocavit,
1098 1960 1414 2015 declaravitque
1448 1959 1682 2001 maximam

254 2014 465 2058 libertatis
505 2017 808 2074 recuperandae
848 2016 1147 2074 cupiditatem.
1228 2017 1396 2073 Itaque,
1435 2017 1553 2073 quod
1593 2024 1684 2057 erat

255 2074 447 2128 optabile
469 2083 609 2125 antea,
634 2083 681 2114 ut
700 2073 905 2131 populum
933 2075 1177 2115 Romanum
1197 2076 1402 2116 comitem
1417 2074 1686 2123 haberemus,

255 2143 370 2173 nunc
391 2131 598 2173 habemus
621 2131 789 2173 ducem.
851 2131 963 2178 Quae
985 2142 1051 2172 est
1072 2132 1204 2188 igitur
1226 2147 1337 2189 spes,
1357 2132 1431 2188 qui
1464 2131 1684 2172 Mutinam

255 2187 584 2240 circumsedent,
619 2189 922 2245 imperatorem
955 2189 1102 2245 populi
1141 2189 1328 2232 Romani
1361 2189 1685 2241 exercitumque

191 2259 241 2294 23
255 2256 526 2302 oppugnant,
550 2247 600 2287 iis
623 2260 771 2302 pacem
794 2261 894 2287 cum
917 2245 1077 2302 populo
1101 2246 1301 2288 Romano
1323 2261 1414 2288 esso
1435 2247 1582 2302 posse?
1612 2243 1682 2284 An

253 2316 352 2342 cum
375 2304 622 2360 municipiis
652 2318 737 2358 pax
768 2303 863 2354 erit,
885 2317 1068 2359 quorum
1100 2311 1220 2345 tauta.
1249 2304 1392 2345 studia
1411 2316 1684 2357 cognoscun-

254 2369 323 2400 tur
354 2360 396 2400 in
428 2361 611 2401 decretis
642 2360 866 2411 faciendis,
901 2361 1112 2402 militibus
1142 2361 1308 2414 dandis,
1341 2360 1533 2417 pecuniis
1559 2358 1683 2414 polli-

293 2476 335 2504 34
362 2474 560 2513 omittemus]
592 2474 656 2504 ΜΞ.
685 2474 724 2504 V.
752 2475 943 2506 omittimus.
989 2475 1049 2513 lig-i
1066 2475 1183 2513 recepi,
1199 2475 1285 2515 quod
1300 2479 1412 2505 tamen
1427 2473 1570 2503 latinum
1587 2476 1647 2503 est.

250 2515 338 2554 quod
360 2522 490 2547 secutus
512 2523 563 2546 est
584 2517 754 2546 Graevius:
779 2517 833 2556 qui
853 2522 886 2546 et
907 2527 946 2547 ex
1031 2517 1071 2547 36
1092 2517 1284 2556 proedicnbo]
1313 2517 1460 2546 Grau-ius
1475 2525 1549 2545 cum
1571 2514 1682 2545 Mure-

251 2557 366 2589 eodem
382 2559 470 2590 dedit
485 2559 573 2589 omni
587 2563 687 2589 metu.
731 2558 881 2588 Eundem
898 2568 946 2589 se-
988 2564 1039 2589 to:
1052 2559 1244 2598 proedicam.
1260 2566 1358 2589 recte.
1376 2558 1436 2588 boc
1452 2558 1548 2587 verbo
1566 2557 1680 2587 Cicero

250 2605 347 2631 cutus
361 2602 446 2633 edidi
468 2606 499 2632 et
521 2607 598 2632 ante
620 2605 796 2641 lanqueum
822 2611 898 2631 nam
913 2609 947 2632 et
989 2610 1116 2641 semper
1131 2601 1163 2630 in
1185 2601 1244 2631 hae
1258 2601 1422 2631 sententia
1445 2601 1562 2635 utitur,
1585 2598 1681 2638 idque

250 2644 396 2676 custodia
410 2644 574 2684 tropicum
588 2649 649 2673 est.
666 2643 832 2673 consentit
849 2643 893 2673 H.
986 2653 1061 2674 cum
1078 2652 1186 2673 moneo
1200 2644 1383 2683 conjungit,
1401 2647 1435 2673 et
1448 2644 1494 2672 sic
1507 2642 1570 2672 Ms.
1588 2640 1679 2673 Leid.

292 2688 333 2717 35
346 2688 515 2716 consilium
527 2686 729 2724 intelligendi
743 2685 823 2724 degli]
841 2685 868 2715 E
881 2685 943 2716 ΜΞ.
988 2686 1067 2717 Mox
1089 2695 1164 2715 cum
1187 2685 1300 2716 iisdem
1317 2690 1347 2716 ec
1369 2690 1447 2716 ante
1470 2684 1611 2715 testabor
1625 2683 1682 2713 dc-

249 2728 327 2759 vat.
345 2728 460 2759 dedere
473 2728 629 2766 intelligi.·
649 2727 735 2767 quod
747 2736 796 2758 est
810 2727 942 2758 melius:
987 2728 1064 2759 levi.

248 2770 304 2800 sed
318 2776 353 2801 et
368 2771 473 2811 ipsum
491 2770 571 2800 mihi
588 2779 654 2801 non
675 2769 796 2809 placet,
823 2780 882 2800 nec
908 2771 942 2800 in
1026 2773 1063 2804 37
1089 2769 1256 2809 videatur]
1281 2769 1383 2800 Recte
1398 2768 1443 2799 sic
1459 2768 1536 2799 Vat.
1554 2772 1587 2798 et
1603 2766 1678 2797 inde

246 2811 306 2842 hac
323 2822 357 2842 re
373 2817 459 2843 recte
475 2812 609 2843 dicitur.
653 2812 840 2851 Utrumque
863 2818 942 2851 puto
986 2812 1128 2843 Faernus
1142 2816 1176 2842 et
1191 2812 1298 2843 Graev.
1322 2821 1380 2853 pro
1392 2811 1525 2851 vulgato
1538 2810 1677 2842 videtur.

243 2853 362 2886 falsum
377 2861 478 2895 atque
497 2853 683 2885 delendum.
699 2853 838 2886 Interim
850 2855 945 2885 intel·
987 2854 1066 2886 item
1087 2853 1178 2886 Leid.
