1785 3185
274 133 371 168 1234
864 133 1109 172 ORATIO

271 234 389 274 omni
414 243 530 275 metu
560 235 807 288 liberavisti,
840 236 1056 294 hospitem
1087 236 1318 294 agnovisti,
1350 248 1493 291 regem
1526 231 1697 286 reliqul-

271 291 341 331 sti.
375 294 408 322 ¹¹
426 306 562 347 neque
587 294 701 334 enim
732 294 800 334 ille
822 295 920 335 odio
945 296 1006 336 tui
1029 310 1290 351 progressus,
1313 293 1385 334 sed
1417 305 1556 354 errore
1578 302 1698 329 com-

271 348 392 388 muni
422 348 562 405 lapsus
591 361 668 391 est.
732 350 773 391 Is
808 365 897 402 rex,
930 367 1054 407 quem
1079 362 1247 392 senatus
1279 351 1360 391 hoc
1383 361 1554 390 nomme
1583 358 1698 407 soepe

272 403 716 447 honorificentissimis
738 408 918 448 decretis
939 408 1250 464 appellavisset,
1269 408 1426 462 quique
1446 405 1563 446 illum
1583 401 1697 464 ordr-

271 475 370 502 nem
401 464 455 504 ab
477 463 762 504 adolescentia
792 465 1089 519 gravissimum
1120 464 1519 517 sanctissimumque
1550 459 1698 520 duxrs-

272 527 351 568 set,
374 519 523 560 iisdem
556 521 678 560 rebus
710 529 773 560 est
803 521 1087 574 perturbatus,
1112 521 1241 561 horno
1263 520 1521 575 longinquus
1550 525 1593 556 et
1620 514 1697 554 alt-

272 576 468 631 enigma,
483 578 638 631 quibus
661 591 736 617 nos
760 577 801 616 in
817 577 957 617 media
978 578 1196 633 republica
1218 578 1321 627 nati,
1341 587 1589 631 semperque
1603 585 1695 612 ver-

225 626 368 673 4sati.
430 632 542 674 Cum
563 633 742 683 audiret,
766 643 935 674 senatus
958 634 1264 674 consentientis
1295 632 1697 693 auctoritate-arma

212 697 255 730 11
272 698 433 731 sumta:
466 690 726 739 consulibus,
751 691 1020 744 praetoribus,
1039 691 1221 731 tribunis
1244 691 1394 746 plebis,
1419 691 1454 719 ¹2
1471 687 1594 728 nobis
1617 699 1697 726 irn-

271 747 538 801 peratoribus
572 746 876 801 rempublicam
905 747 1214 788 defendendam
1246 747 1413 788 datam:
1444 744 1698 805 movebatur

268 804 427 853 animo,
449 813 492 843 et
525 804 602 854 vir,
626 803 726 843 huic
758 803 938 859 imperio
973 805 1269 855 amicissimus,
1291 804 1344 845 de
1376 801 1510 844 salute
1548 797 1696 863 popull

269 858 454 900 Romani
478 860 802 909 extimescebat,
826 862 867 901 in
891 875 975 915 qua
997 861 1125 902 etiam
1152 866 1186 893 ¹3
1206 876 1325 902 suam
1348 859 1555 901 inclusam
1581 855 1696 920 vide-

267 916 355 956 bat.
418 916 467 957 In
491 932 657 958 summo
683 927 821 957 tamen
849 917 1001 958 timore
1031 919 1335 973 quiescendum
1358 917 1438 958 sibi
1471 928 1561 956 esse
1583 913 1697 954 arbl-

266 974 472 1014 trabatur.
508 974 696 1014 maxime
729 988 825 1014 vero
861 975 1131 1029 perturbatus
1160 986 1237 1025 cst,
1262 985 1308 1016 ut
1340 973 1521 1036 audivit,
1540 983 1696 1012 consu-

265 1028 324 1070 les
343 1044 396 1070 ex
423 1029 547 1070 Italia
566 1030 820 1086 profugisse,
834 1045 1066 1086 omnesque
1087 1030 1435 1085 consulares,(sic
1456 1043 1570 1070 enim
1591 1041 1699 1068 nun-

267 1087 488 1137 tiabatur,)
519 1098 722 1128 cunctum
761 1098 969 1139 senatum,
1004 1098 1138 1129 totam
1179 1088 1346 1130 Italiam
1379 1101 1469 1128 esse
1502 1085 1698 1148 effusam.

267 1142 423 1183 talibus
446 1143 558 1184 enim
582 1145 742 1184 nuntiis
765 1154 807 1184 et
830 1146 1069 1186 rumoribus
1094 1147 1267 1201 patebat
1288 1145 1339 1186 ad
1365 1144 1587 1207 Orientem
1602 1156 1695 1206 yla,

267 1214 347 1240 nec
377 1198 449 1239 ulli
474 1201 558 1241 veri
591 1202 973 1257 subsequebantur.
1037 1202 1158 1243 Nihil
1189 1202 1256 1244 illc
1290 1203 1342 1243 de
1375 1199 1697 1263 conditionibus

268 1256 368 1307 tuis,
391 1256 497 1297 nihil
520 1257 572 1298 de
594 1258 736 1310 studio
769 1259 1010 1300 concordia:
1037 1269 1079 1299 et
1112 1260 1242 1315 pacis,
1265 1259 1372 1300 nibil
1401 1259 1452 1298 de
1477 1270 1697 1311 conspira-

268 1312 386 1353 tione
408 1314 609 1355 audiebat
629 1327 841 1355 certorum
863 1316 1083 1356 hominum
1108 1327 1257 1357 contra
1288 1315 1544 1372 dignitatem
1565 1322 1697 1353 tuam.

272 1370 382 1416 Quae
406 1385 501 1410 cum
529 1371 587 1411 ita
609 1381 764 1421 essent,
783 1382 923 1412 tamen
947 1388 1080 1428 usque
1096 1388 1146 1414 eo
1166 1388 1208 1414 se
1231 1375 1382 1422 tenuit,
1404 1371 1544 1426 quoad
1567 1385 1593 1434 a
1614 1368 1697 1410 Cn.

211 1432 255 1465 1‘2
273 1426 481 1482 Pompeio
505 1428 556 1468 ad
579 1443 676 1469 eum
698 1429 826 1484 legati
853 1429 1070 1484 literaeque
1095 1440 1314 1472 venerunt.
1352 1429 1550 1485 Ignosce,
1574 1440 1699 1490 1809-

269 1498 352 1534 sce,
389 1484 550 1536 Caesar,
585 1486 617 1526 si
657 1485 749 1539 ejus
783 1486 861 1526 viri
902 1488 1145 1528 auctoritati
1182 1503 1256 1529 rex
1293 1487 1522 1529 Deiotarus
1555 1491 1697 1532 cessa,

268 1555 395 1595 quem
418 1556 494 1582 nos
517 1557 666 1583 omnes
689 1543 822 1583 secuti
845 1558 1008 1585 sumus:
1043 1546 1086 1584 in
1118 1559 1245 1600 quem
1268 1559 1365 1586 cum
1387 1544 1446 1584 dii
1469 1554 1598 1597 atque
1614 1539 1698 1604 ‘ho-

267 1598 402 1639 mines
424 1599 570 1639 omnia
592 1610 843 1640 ornamenta
871 1602 1200 1656 congessissent,
1224 1613 1313 1643 tum
1339 1611 1383 1642 tu
1404 1601 1493 1656 ipse
1517 1599 1699 1655 plurtma

266 1656 529 1696 etmaxima.
592 1657 743 1712 Neque
761 1657 891 1708 enim,
913 1658 947 1698 si
973 1669 1055 1699 tuae
1080 1673 1143 1699 res
1172 1669 1304 1715 gestae
1337 1668 1575 1699 ceterorum
1608 1654 1699 1695 lau-

267 1712 392 1752 dibus
414 1713 721 1754 obscuritatem
744 1714 994 1765 attulerunt,
1023 1716 1184 1757 idcirco
1208 1716 1289 1757 Cn.
1315 1714 1511 1770 Pompeii
1535 1725 1697 1753 memo·

136 1785 164 1813 p.
186 1775 253 1804 14⁰».
266 1768 371 1809 riam
391 1770 625 1811 amisimus.
686 1771 909 1817 Quantum
928 1787 1082 1813 nomen
1105 1774 1197 1828 ejus
1218 1774 1360 1823 fuerit,
1382 1781 1556 1827 quantae
1577 1783 1698 1825 opes,

224 1828 428 1880 ³·quanta
450 1827 491 1867 in
515 1828 630 1867 omni
655 1842 810 1883 genere
834 1828 1039 1870 bellorum
1073 1830 1222 1886 gloria,
1245 1830 1393 1886 quanti
1415 1830 1596 1869 honores
1621 1840 1697 1882 po-

267 1883 355 1938 puli
382 1883 583 1934 Romani,
605 1886 753 1939 quanti
777 1895 962 1936 senatus,
983 1889 1131 1941 quanti
1157 1888 1233 1939 tui,
1256 1888 1350 1943 quis
1374 1887 1572 1942 ignorat?
1603 1893 1697 1948 tan-

269 1950 314 1980 to
338 1940 404 1980 illc
427 1942 663 1996 superiores
686 1943 845 1983 vicerat
866 1943 1016 1999 gloria,
1039 1954 1201 1999 quanto
1224 1955 1269 1986 tu
1303 1944 1503 1985 omnibus
1531 1950 1699 1998 praesti·

270 1997 373 2037 tisti.
437 1997 588 2052 Itaque
611 1998 693 2039 Cn.
718 1999 912 2055 Pompeii
938 2000 1061 2050 bella,
1084 2003 1299 2052 victorias,
1320 2000 1575 2057 triumphOS,
1594 2012 1698 2040 con-
1742 2052 1744 2056 Ι

235 2097 253 2105 -
268 2053 428 2094 sulatus
451 2055 708 2096 admirantes
726 2058 1080 2099 numerabamus:
1113 2068 1206 2100 tuos
1224 2072 1471 2100 enumerare
1492 2071 1578 2098 non
1601 2070 1701 2111 pos-

223 2112 255 2143 ·ἒ)
270 2126 428 2152 sumus.
488 2111 556 2152 Ad
579 2127 674 2154 eum
699 2113 832 2169 igitur
853 2128 928 2155 rex
950 2114 1180 2156 Deiotarus
1204 2118 1334 2167 venit,
1356 2116 1439 2156 hoc
1459 2115 1612 2156 misero
1635 2115 1697 2156 fa-

211 2167 254 2200 13
272 2167 427 2223 talique
451 2169 575 2220 bello,
594 2185 721 2225 quem
743 2180 868 2212 antea
883 2171 1013 2225 justis
1034 2172 1349 2229 hostilibusque
1382 2171 1500 2213 bellis
1522 2173 1698 2227 adjuve-

269 2235 346 2274 rat,
369 2241 555 2279 quocum
574 2238 664 2268 erat
694 2243 781 2267 non
815 2229 1005 2284 hospitio
1038 2230 1189 2280 solum,
1211 2246 1355 2271 verum
1388 2230 1518 2270 etiam
1541 2230 1698 2271 famili-

269 2282 419 2322 aritate
442 2284 727 2338 conjunctus:
759 2297 801 2326 ct
824 2286 941 2326 venit
963 2285 1029 2326 vel
1050 2297 1240 2343 rogatus,
1263 2297 1310 2328 ut
1331 2288 1521 2338 amicus3
1545 2288 1611 2328 vel
1632 2302 1698 2328 ar-

313 2408 345 2435 11
382 2416 482 2446 neque
513 2409 597 2437 enim
631 2409 955 2448 ille—progressus]

270 2446 404 2477 Videtur
419 2449 539 2483 aliquid
555 2449 680 2487 deesse3
706 2461 763 2480 nec
776 2452 862 2481 enim
880 2451 958 2482 alias
978 2468 982 2475 ·

262 2491 419 2528 progredi
434 2491 626 2530 simpliciter
639 2492 684 2522 sic
699 2493 830 2523 dicitur.
854 2494 958 2524 Patri-

1002 2410 1102 2441 redux
1118 2410 1158 2441 ad
1172 2411 1284 2441 urbem
1307 2412 1381 2448 fnit,
1397 2411 1602 2452 triumphum
1626 2423 1697 2453 spe-

1001 2462 1088 2488 rans,
1104 2458 1202 2491 atque
1215 2453 1294 2483 adeo
1310 2454 1502 2493 Imperator.
1545 2455 1622 2485 Non
1637 2456 1697 2486 du-

1001 2495 1102 2525 bitavi
1118 2495 1256 2534 recipere
1273 2497 1314 2525 ob
1334 2496 1441 2526 locum
1466 2498 1645 2534 Ciceronis,
1660 2500 1695 2530 in

268 2532 335 2561 cius
353 2534 544 2571 conjiciebat
561 2544 594 2563 co
610 2535 678 2563 odio
691 2537 740 2565 tui
751 2545 785 2573 p.
802 2545 867 2565 non
892 2536 960 2575 pla-

266 2579 318 2603 cet
341 2575 429 2604 sati&
456 2576 570 2605 melius
593 2578 712 2615 aliquo,
729 2578 755 2607 si
779 2577 851 2607 libri
875 2578 960 2608 fave-

267 2622 340 2647 rent
355 2629 361 2645 z
386 2622 483 2655 :itque
498 2617 527 2647 311
543 2618 657 2648 saltem
673 2619 810 2657 intelligi
827 2619 933 2650 debet.

313 2661 348 2687 12
380 2661 469 2688 voris
503 2661 632 2699 hup-⁰12]
670 2661 841 2692 nbi-auxius
877 2662 958 2692 bene

267 2702 405 2730 correxit
432 2702 529 2738 nohis,
547 2703 631 2740 ‹gv-ind
655 2703 803 2733 Olivetns
823 2714 862 2734 ex
883 2715 955 2744 epp.

267 2742 306 2771 ml
321 2742 395 2772 Div.
413 2743 503 2779 xvi,
526 2747 571 2773 il.
587 2744 742 2774 defendit.
768 2747 877 2776 (Iaesar
891 2748 957 2786 ipse

267 2783 298 2812 in
325 2783 384 2814 hac
410 2795 443 2814 re
469 2792 706 2817 commemorat
735 2787 958 2824 proconsules,

267 2827 442 2863 quiessent
457 2828 495 2858 ad
520 2829 655 2858 urbem:
681 2829 766 2867 quod
788 2834 821 2860 et
844 2830 883 2859 ad
906 2832 960 2861 Ci-

267 2877 416 2900 ceronem
441 2871 595 2909 pertinet,
623 2872 675 2909 qui
702 2877 774 2901 tum
802 2884 819 2902 e
846 2873 961 2904 Cilicia

1002 2546 1066 2576 quo
1080 2543 1142 2573 est,
1158 2542 1188 2567 et
1202 2538 1301 2575 nobis,
1317 2539 1371 2577 qui
1390 2538 1535 2569 Procas-s.
1551 2548 1674 2571 snmus.

1048 2581 1083 2609 13
1106 2589 1130 2608 s.
1159 2580 1318 2610 inclusam
1347 2591 1412 2610 esse
1439 2581 1581 2620 videbat]
1612 2581 1698 2612 Esse

1001 2620 1175 2651 delendum
1200 2628 1293 2660 puto,
1309 2622 1394 2661 qnod
1415 2632 1500 2662 saepe
1523 2634 1542 2654 a
1557 2623 1697 2654 librariis

1001 2662 1201 2693 inculcatum
1226 2670 1286 2694 cst.
1309 2665 1356 2694 ita
1376 2664 1522 2695 clausula
1544 2665 1698 2697 hexame-

1000 2705 1044 2735 tri
1067 2715 1092 2735 s.
1109 2704 1260 2735 dimidius
1280 2707 1470 2736 hexameter
1491 2709 1524 2737 in
1549 2707 1697 2740 clausula

1001 2753 1145 2783 cavetur,
1161 2748 1247 2785 quod
1265 2755 1314 2779 est
1339 2753 1373 2778 et
1397 2749 1466 2787 ipso
1488 2751 1644 2780 Cicerone
1660 2755 1697 2782 et

1002 2789 1209 2828 Quintiliano
1223 2796 1355 2820 auctore
1368 2791 1592 2821 {oedissimutm
1611 2792 1697 2823 Cen-

1003 2832 1063 2860 ties
1084 2831 1166 2861 illud
1188 2841 1252 2862 csse
1276 2831 1485 2864 inculcarunt
1507 2834 1630 2864 librarii
1645 2833 1697 2865 vel

1004 2873 1209 2911 glossator-es.
