1785 3185
293 75 392 110 1260
866 77 1111 116 ORATIO

287 184 411 216 cutus
434 185 557 227 esset,
570 186 756 219 exstaret
778 181 1031 222 constantim
1055 195 1160 221 meae
1185 180 1494 232 testimonium,
1509 190 1552 223 et
1573 197 1666 224 sum
1688 199 1714 226 a

289 232 410 295 vobis
435 233 619 289 benigne
641 250 689 276 ac
713 236 939 293 diligenter
961 238 1145 278 auditus.
1207 238 1318 284 Quae
1342 247 1529 293 potestas
1549 240 1583 280 si
1606 240 1712 282 mihi

286 303 443 345 saepius
485 291 574 332 sine
605 306 700 333 meo
744 304 966 350 vestroque
1002 295 1189 350 periculo
1233 294 1320 344 fiet,
1352 303 1459 335 utar.
1493 296 1525 335 si
1557 297 1713 348 minus,

284 355 490 400 quantum
517 357 679 403 potem,
701 364 785 390 non
810 360 896 391 tam
929 351 1032 391 mihi
1057 366 1137 401 me,
1160 366 1287 406 quam
1311 351 1557 406 reipublicae
1580 367 1712 394 reser-

284 403 410 443 vabo.
444 403 558 445 Mihi
592 406 677 446 fere
696 407 796 446 satis
827 417 904 459 est,
927 407 1039 461 quod
1065 408 1168 458 vixi,
1193 407 1257 448 vel
1287 408 1339 447 ad
1363 418 1549 459 aetatem,
1569 409 1635 450 vel
1655 410 1708 452 ad

283 458 478 513 gloriam.
511 461 593 502 huc
616 462 647 501 si
671 464 771 517 quid
795 464 1032 514 accesserit,
1055 478 1140 504 non
1173 475 1258 504 tam
1277 464 1396 515 mihi,
1418 480 1546 520 quain
1567 467 1703 518 vobis,

282 516 427 571 reique
448 518 631 572 publicae
655 520 892 560 accesserit.

239 748 271 780 b.
586 731 654 777 M.
706 730 964 779 TULLII
1009 732 1421 781 CICERONIS

376 904 1601 975 MANTONIUM

475 1032 995 1086 PHILIPPICA
1050 1033 1500 1090 SECUNDA.

402 1164 628 1202 ORATIO
671 1164 919 1204 QUARTA
963 1165 1036 1201 ET
1078 1165 1569 1207 QUADRAGESIMA.

832 1266 1102 1285 ψ.

783 1344 1184 1384 ARGUMENPUM.

270 1416 411 1455 Habita
428 1429 451 1452 α
480 1416 645 1452 Cicerone
664 1415 727 1451 IV.
750 1416 841 1451 Nou.
862 1416 960 1463 Sept.
981 1417 1143 1452 oratione
1158 1417 1278 1463 prima
1298 1417 1333 1451 in
1355 1413 1565 1462 Antonium,
1585 1420 1647 1456 ille
1663 1434 1700 1458 se

321 1471 359 1506 in
377 1470 502 1506 villam
527 1469 751 1504 Tiburtinam
779 1469 943 1507 contulit,
966 1468 1082 1514 ibique
1108 1469 1355 1514 septemdecim
1385 1470 1468 1509 (lies,
1486 1473 1581 1518 quod
1601 1473 1699 1509 Cice-

320 1523 401 1557 roni
418 1522 658 1568 responderet,
678 1524 934 1555 commentatus
954 1524 1014 1554 est.
1038 1520 1150 1555 XIII.
1172 1520 1256 1555 Kal.
1280 1521 1398 1556 Octob.
1419 1521 1540 1558 habito
1557 1530 1695 1568 senatu,

319 1576 357 1610 in
375 1574 553 1609 absentem
582 1574 794 1610 Ciceronem,
817 1574 878 1618 qui
904 1584 940 1607 se
959 1576 1036 1606 tuto
1055 1573 1092 1606 in
1118 1577 1279 1606 senatum
1297 1574 1415 1608 venire
1432 1586 1502 1609 non
1519 1587 1623 1622 posse
1640 1579 1695 1613 in-

320 1626 516 1672 telligebat,
537 1637 614 1672 qzcoe
632 1626 864 1671 cogitaverat,
884 1625 1048 1658 evomuit.
1106 1624 1175 1658 His
1190 1625 1348 1659 omnibus
1361 1624 1449 1673 fuse
1465 1629 1695 1677 graviterque

317 1678 517 1725 respondet,
538 1689 581 1712 ac
596 1678 703 1712 simul
731 1678 851 1711 omnia
877 1676 1029 1710 Antonii
1056 1676 1188 1710 scelera
1213 1680 1246 1710 et
1260 1676 1415 1725 flagitia
1443 1686 1694 1716 commemorat

318 1730 385 1765 hac
412 1731 574 1764 oratione
603 1728 747 1767 (Ἰωνίη
791 1739 879 1774 quce,
899 1732 939 1762 ut
968 1727 1011 1763 P.
1043 1728 1231 1762 Manutius
1254 1732 1375 1775 putat,
1396 1740 1466 1764 non
1493 1731 1604 1772 dicta,
1631 1734 1695 1769 sed

315 1783 454 1828 scripta
472 1785 624 1820 tantum,
645 1785 680 1815 et
695 1781 821 1815 deinde
838 1781 875 1815 in
895 1780 1005 1814 liccem
1025 1781 1123 1814 edita
1141 1784 1203 1815 est.

224 1890 250 1935 1
273 1854 582 1928 QUONAM
614 1893 710 1920 meo
742 1878 845 1930 fato,
877 1886 1016 1933 patres
1047 1877 1294 1932 conscripti,
1326 1877 1413 1917 fieri
1451 1878 1605 1932 dicam,
1645 1890 1692 1923 ut

268 1951 392 1977 nemo
424 1937 489 1977 his
520 1936 641 1976 annis
673 1936 826 1991 viginti
860 1934 1104 1990 reipublicae
1134 1934 1289 1975 lfuerit
1318 1934 1470 1986 hostis,
1500 1937 1573 1991 qui
1604 1952 1690 1979 non

268 1994 421 2035 bellum
452 1993 601 2034 eodem
625 2003 816 2047 tempore
846 1992 951 2032 mihi
981 2005 1151 2046 quoque
1185 1992 1414 2032 indixerit?
1475 1992 1568 2035 Nec
1590 2009 1690 2036 vero

262 2065 432 2092 necesse
453 2060 517 2091 est
547 2066 571 2090 a
601 2064 667 2090 me
689 2063 945 2104 quemquam
973 2048 1199 2088 nominari.
1242 2052 1260 2078 2
1277 2049 1496 2089 vobiscum
1521 2050 1601 2106 ipsi
1625 2066 1690 2092 re-

261 2108 513 2149 cordamini.
558 2107 672 2147 Mihi
697 2120 922 2162 poenarum
944 2105 1000 2146 illi
1024 2109 1042 2136 3
1063 2105 1170 2160 plus,
1189 2119 1315 2159 quam
1335 2114 1543 2161 optarem,
1563 2108 1691 2149 dede-

260 2173 387 2216 runt3
420 2174 460 2204 te
482 2164 625 2214 miror,
648 2163 827 2213 Antoni,
846 2176 1026 2217 quorum
1051 2163 1163 2202 facta
1186 2162 1364 2212 imitere,
1383 2176 1526 2203 eorum
1544 2164 1686 2206 exitus

260 2235 347 2262 non
370 2221 701 2276 perhorrescere.
759 2220 903 2274 Atque
936 2219 1017 2260 hoc
1041 2220 1082 2259 in
1105 2219 1197 2258 aliis
1220 2219 1360 2259 minus
1381 2219 1579 2260 mirabar.
1611 2236 1686 2262 ne-

257 2293 331 2320 mo
374 2277 540 2318 illorum
572 2276 906 2318 inimicus'niihi
939 2277 1021 2317 suit
1051 2275 1336 2316 voluntarius:
1385 2290 1531 2316 omncs
1564 2292 1589 2317 a
1617 2293 1687 2319 me

256 2334 503 2390 reipublicae
526 2349 653 2375 causa
675 2334 871 2374 lacessiti.
905 2343 963 2384 tu,
987 2347 1040 2373 ne
1072 2333 1201 2372 verbo
1223 2332 1394 2386 quidem
1418 2333 1614 2386 violatus,
1637 2345 1684 2376 ut

255 2392 472 2442 audacior,
495 2406 620 2446 quam
645 2391 692 2431 L.
714 2390 920 2441 Catilina3
954 2389 1165 2440 furiosior,
1186 2403 1312 2444 quam
1332 2389 1382 2429 P.
1406 2388 1597 2442 Clodius,
1621 2392 1684 2432 vi-

298 2515 308 2542 l
325 2513 436 2553 fuerit
453 2511 561 2550 hostis]
588 2512 639 2541 Sic
655 2516 774 2551 practer
785 2511 892 2541 vatic.
909 2516 943 2541 et
986 2511 1083 2547 rario,
1109 2509 1194 2548 quod
1221 2509 1355 2539 verbum
1382 2515 1431 2540 est
1457 2510 1489 2540 in
1519 2510 1681 2550 plerisque

252 2554 451 2588 Graevianos,
468 2553 576 2583 Guelf.
600 2553 697 2592 Vulg.
718 2553 942 2593 lwsstsfiwrst.
984 2552 1088 2587 libris,
1112 2551 1211 2581 ctiam
1236 2551 1344 2581 Guelf.
1371 2561 1430 2582 nce
1454 2558 1566 2583 tamen
1587 2557 1680 2583 vetus

251 2596 315 2627 Illa
330 2596 503 2626 collocatio
518 2596 647 2625 suavior
663 2599 722 2625 cst.
986 2594 1066 2624 iliud
1080 2594 1321 2623 commiserim.

294 2640 314 2669 2
336 2639 495 2668 vobiscum
530 2638 591 2677 ipsi
625 2635 856 2675 recordamini]
905 2635 942 2665 In
1028 2638 1046 2665 3
1066 2637 1141 2674 plus
1173 2645 1272 2673 quum
1307 2640 1464 2675 optarem,
1501 2635 1673 2676 dederunt]

247 2680 321 2710 edd.
337 2690 387 2720 pr.
403 2679 648 2718 interpungitur
667 2684 738 2718 post
753 2679 850 2707 vobis.
887 2678 939 2708 Sic
982 2678 1126 2708 Scribam
1151 2681 1300 2715 optaram
1313 2690 1322 2706 :
1346 2687 1422 2707 nain
1448 2677 1528 2708 illud
1543 2677 1674 2717 quidem

246 2727 283 2752 et
295 2722 358 2753 Ms.
376 2722 440 2753 Gn.
462 2722 686 2761 interpungit:
711 2720 874 2750 nominari
889 2729 939 2749 tvo·
982 2720 1208 2759 imperfectum
1233 2719 1280 2749 illi
1303 2721 1443 2760 tempori
1469 2729 1535 2750 non
1558 2729 1675 2750 conve-

245 2765 303 2800 bis,
319 2773 390 2794 cum
414 2765 475 2803 ipsi
497 2763 718 2793 recordemini.
763 2761 939 2801 lntcrpun-
982 2762 1043 2792 nit.
1090 2761 1168 2790 Mox
1194 2761 1326 2792 imitare
1351 2762 1446 2793 malit
1470 2773 1488 2794 e
1520 2762 1587 2793 Ms.
1614 2771 1674 2792 suo

244 2807 312 2837 ctio
338 2805 474 2846 vulgata
487 2810 522 2837 et
536 2805 752 2836 recordamini
767 2809 816 2835 est
833 2813 853 2836 a
866 2803 940 2835 Fer·
983 2803 1140 2834 Graevius.
1165 2812 1232 2834 non
1246 2804 1338 2836 bene.
