1785 3185
258 123 358 160 1404
857 117 1106 159 ORATIO

262 224 408 275 tionis,
429 237 556 278 quam
588 221 713 264 amici
749 236 894 278 pacem
925 224 1199 280 appellarent,
1222 223 1274 266 de
1297 224 1580 281 imponendiS,
1602 240 1686 269 non

263 282 316 321 de
358 280 616 335 accipiendis
658 279 822 335 legibus
864 284 1068 336 cogitare.
1131 282 1325 323 Auxerat
1364 294 1505 324 autem
1549 298 1684 324 meam

263 339 435 395 quidem
470 352 602 393 spem,
632 338 759 377 credo
796 338 896 377 item
928 350 1123 389 vestram,
1154 338 1268 394 quod
1302 339 1473 381 domum
1509 339 1686 381 Antonii

264 396 466 437 afflictam
506 395 713 435 moestitia
748 394 986 445 audiebam,
1011 394 1258 435 ‘tlamentari
1298 411 1487 438 uxorem.
1523 397 1592 438 hic
1625 407 1686 437 et-

266 453 346 494 iam
372 452 557 493 fautores
575 451 768 500 Antonii,
788 465 969 505 quorum
993 451 1034 490 in
1061 451 1177 491 vultu
1202 451 1429 493 bhabitant
1451 453 1562 494 oculi
1587 453 1686 503 mei,

227 526 251 558 3
268 510 471 551 tristiores
496 509 706 548 videbam.
767 507 932 553 Quodsi
967 521 1050 547 non
1085 508 1144 547 ita
1175 517 1252 558 est,
1275 522 1349 549 cur
1375 524 1400 549 a
1424 510 1578 550 Pisone
1599 519 1641 550 et
1663 525 1689 550 a

267 566 428 608 Caleno
461 565 743 621 potissimum,
765 578 840 603 cur
874 563 954 603 lioc
987 573 1191 619 tempore,
1215 578 1290 605 cur
1322 575 1406 606 tam
1439 566 1686 622 improvisO,

128 652 163 684 ν,
179 639 339 674 240,cur
362 635 446 664 tam
471 631 643 678 repente
667 621 781 676 pacis
804 630 865 660 est
890 619 1002 660 facta
1026 621 1213 663 mentio?
1255 622 1274 652 6
1293 622 1436 677 Negat
1460 622 1558 663 Piso
1581 623 1686 664 scire

220 694 250 715 a.
265 696 322 732 se,
345 689 472 735 negat
495 679 660 719 audisse
681 677 938 733 quidquam:
970 687 1100 732 negat
1131 677 1328 729 Calenus,
1351 694 1438 720 rein
1461 679 1587 720 ullam
1611 694 1687 720 no-

265 753 360 778 vam
395 737 564 777 allatam
598 749 703 775 esse.
726 744 853 789 atquc
887 733 927 774 id
962 748 1074 774 nunc
1105 745 1278 789 negant,
1301 745 1578 792 posteaquam
1612 751 1689 776 nos

262 792 553 851 pacificatoria
574 791 787 846 legatione
810 789 1050 846 implicatos
1082 802 1248 846 putant.
1310 792 1426 839 Quid
1456 807 1558 848 ergo
1581 806 1687 848 opus

216 858 247 904 ρ
263 863 326 892 est
349 865 460 891 novo
482 848 675 898 consilio,
698 848 730 888 si
756 848 796 888 in
820 862 863 887 re
887 847 989 888 nihil
1013 849 1187 889 omnino
1211 849 1309 890 novi
1333 851 1426 890 est?
1487 849 1686 905 Decepti,

261 907 445 963 decepti,
469 907 656 961 inquam,
678 919 837 953 sumus,
861 914 999 960 patres·
1022 905 1277 960 conscripti:
1307 905 1484 947 Antonii
1508 915 1572 947 est
1593 917 1688 947 acta

261 980 390 1006 causa
420 965 472 1004 ab
504 962 651 1004 amicis
674 961 780 1016 ejus,
805 976 886 1001 non
913 961 1097 1017 publica.
1119 963 1233 1017 quod
1258 963 1452 1004 videbam
1474 963 1687 1019 equidem,

263 1022 334 1062 sed
371 1021 494 1075 quasi
529 1033 602 1076 per
640 1018 866 1073 caliginem
899 1020 1250 1073 7praest1·inxerat
1284 1020 1418 1060 aciem
1458 1021 1589 1061 animi
1629 1019 1686 1061 Ι).

264 1079 385 1120 Bruti
413 1077 538 1118 salus.
600 1075 763 1122 Quodsi
790 1076 830 1115 in
858 1075 965 1116 bello
987 1076 1076 1116 dari
1102 1076 1246 1117 vicarii
1270 1077 1476 1121 solerent:
1509 1077 1689 1118 libenter

225 1150 346 1186 4me,
369 1144 415 1175 ut
442 1133 495 1175 D.
517 1134 672 1175 Brutus
694 1132 973 1182 emitteretur,
998 1147 1071 1187 pro
1095 1133 1166 1174 illo
1189 1133 1346 1174 includi
1372 1145 1549 1189 paterer.
1608 1133 1689 1175 At·-

261 1193 335 1248 qui
366 1191 446 1233 hac
469 1206 574 1232 voce
607 1191 663 1236 Q.
685 1189 795 1230 Fufii
824 1190 938 1244 capti
971 1204 1138 1230 sumus:
1172 1204 1219 1230 ne
1234 1191 1269 1230 si
1289 1205 1314 1231 a
1338 1190 1509 1232 Mutina
1531 1190 1688 1247 quidem

261 1249 472 1299 recesserit,
496 1251 513 1279 8
530 1248 734 1289 audiemus
757 1245 1018 1287 Antoniam?
1047 1261 1095 1287 ne
1113 1247 1148 1287 si
1168 1247 1212 1287 in
1236 1254 1394 1288 senatus
1414 1247 1572 1303 quidem
1596 1254 1690 1303 pot-

258 1313 422 1348 estatem
441 1304 639 1361 sutnrum
665 1319 704 1344 se
730 1302 912 1344 dixerit?
942 1303 1092 1344 durum
1117 1304 1354 1345 videbatur.
1389 1305 1532 1360 itaque
1565 1303 1690 1346 fracti

259 1379 429 1405 sumus:
461 1363 679 1404 cessimus.
720 1360 901 1401 Recedit
922 1360 1055 1416 igitur
1078 1376 1102 1401 a
1126 1360 1329 1404 Mutina?
1369 1361 1526 1403 Nescio.
1564 1361 1691 1403 Paret

260 1421 456 1462 senatui?
519 1418 662 1469 Credo,
696 1417 835 1472 inquit
866 1417 1074 1458 Calenus:
1115 1417 1183 1458 secl
1211 1418 1285 1469 ita,
1320 1426 1364 1459 ut
1394 1426 1526 1460 teneat
1555 1418 1692 1475 digni-

260 1485 398 1519 tatem.
459 1476 592 1517 Valde
625 1475 794 1516 hercule
828 1475 948 1516 vobis
984 1475 1262 1516 laborandum
1297 1485 1374 1527 est,
1410 1484 1550 1532 patres
1587 1490 1692 1517 con-

258 1535 424 1591 scripti,
446 1543 493 1574 ut
518 1543 698 1574 vestram
728 1532 981 1587 dignitatem
1015 1529 1237 1582 amittatis,
1259 1547 1356 1587 quae
1386 1533 1576 1574 maxima
1597 1541 1661 1574 est
1681 1548 1690 1574 :

257 1592 456 1640 Antonii,
478 1606 574 1645 quae
607 1603 743 1643 neque
773 1598 837 1629 est
867 1589 964 1639 ulla,
987 1603 1124 1643 neque
1153 1604 1243 1630 esse
1266 1599 1422 1645 potest,
1444 1590 1688 1631 retineatis:

251 1661 308 1701 „ut
329 1662 421 1690 eam
447 1662 520 1704 per
543 1662 617 1688 vos
640 1656 874 1701 recuperet,
897 1660 1022 1701 quam
1049 1660 1121 1701 per
1144 1661 1186 1686 se
1210 1647 1408 1702 perdidit.
1469 1647 1515 1688 Si
1540 1647 1691 1702 jacens

260 1707 482 1747 vobiscum
507 1703 698 1759 9aliqnid
733 1711 892 1758 ageret,
919 1703 1107 1743 audirem
1144 1704 1346 1745 sortasse:
1382 1707 1691 1759 ¹0quamquam

258 1764 350 1817 (sed
375 1763 457 1804 hoc
481 1761 592 1802 malo
615 1761 773 1811 dicere)
793 1760 997 1801 audirem.
1024 1760 1199 1801 ¹lstanti
1222 1761 1502 1802 resistendum
1523 1771 1602 1811 est,
1619 1769 1693 1801 aut

257 1896 307 1923 ost
330 1892 363 1922 in
389 1891 431 1922 H.
478 1890 539 1920 Ed.
557 1890 689 1920 Gruteri
712 1889 832 1920 habet:
856 1899 954 1929 quam

255 1945 310 1974 spe
323 1936 431 1964 allata
444 1933 645 1971 (deditionem
660 1942 757 1971 quam
775 1933 884 1966 amici,
893 1941 954 1971 pa-

256 1987 325 2007 cem
345 1977 547 2015 appellarent
569 1975 681 2011 alieni)
701 1975 738 2004 de
761 1975 956 2013 imponendis

258 2020 317 2049 ἀς.
349 2018 388 2048 ln
404 2019 468 2047 fine
484 2022 516 2047 et
533 2022 645 2056 putem
663 2016 778 2046 melius
793 2018 957 2056 appellare

257 2061 389 2095 malint,
406 2065 443 2089 ut
460 2060 609 2090 Muretus
626 2060 771 2088 mallent.

301 2106 319 2133 4
342 2103 519 2132 lamentari
541 2100 689 2139 uxorem]
716 2100 879 2141 Suspicor,
903 2100 954 2130 liic

258 2143 379 2184 aliquid
402 2144 567 2179 excidisse,
594 2143 680 2181 quod
707 2143 750 2172 sit
776 2153 813 2172 ex
842 2142 955 2172 eodem

258 2196 387 2226 genere.
405 2186 501 2215 nimis
518 2185 694 2224 abruptum
710 2189 760 2214 est
781 2184 854 2215 hoc.
872 2184 956 2214 infra

259 2228 388 2267 quidem
414 2229 505 2258 liberi
522 2231 834 2257 commemorantur.
880 2226 955 2256 Post

258 2270 331 2300 dedi
355 2280 413 2309 pro
437 2271 510 2299 hinc
533 2279 606 2298 cum
631 2267 760 2298 Groevio
782 2269 846 2306 hic,
862 2277 905 2298 sc.
923 2268 956 2297 in

258 2318 388 2343 senatu.
419 2312 472 2342 Sic
487 2317 519 2341 ct
533 2311 641 2341 Guels.
662 2310 705 2341 H.

303 2357 320 2385 5
358 2354 521 2393 hubitant]
568 2354 630 2383 Ms.
671 2352 718 2384 H.

247 2395 351 2427 mene.

300 2439 319 2469 6
345 2438 458 2475 Negat
486 2437 563 2467 Piso
589 2437 671 2466 scire
694 2436 739 2475 se]
768 2437 819 2468 Sic
846 2445 863 2465 e
890 2434 953 2465 Μς.

256 2479 362 2519 Lang.
380 2480 556 2515 Ferrarius,
573 2480 617 2509 sic
638 2479 744 2509 Guelf.
762 2478 804 2508 H.
848 2477 954 2516 Vulgo

258 2523 308 2553 N.
325 2522 367 2553 P.
384 2532 416 2552 se
430 2523 531 2552 scire.-
556 2521 702 2550 Graerius
725 2531 742 2551 e
765 2529 822 2550 suo
841 2520 955 2558 Negat

255 2574 288 2595 se
302 2574 346 2595 sc.
365 2563 454 2595 Piso.
471 2568 504 2594 ct
520 2564 564 2593 sic
580 2562 650 2592 edd.
668 2572 717 2601 pr.

299 2610 317 2640 7
340 2607 555 2636 restrinxerat
577 2604 694 2644 aciem]
719 2604 772 2634 Sic
794 2603 954 2634 Gruterus

256 2658 332 2678 cum
355 2648 426 2678 aliis
449 2647 692 2678 recentioribus.
722 2646 801 2677 Mss.
824 2651 858 2675 et
881 2643 952 2674 cdd.

255 2695 337 2720 vett.
351 2690 601 2730 perstrimrerat.
613 2698 697 2718 unus
710 2695 856 2728 repertus
871 2690 920 2716 est
935 2697 954 2716 a

255 2730 416 2768 Feri-ario,
440 2732 494 2771 qui
524 2731 658 2762 haberet
678 2731 949 2770 proestrin.rerat:

253 2775 342 2812 quod
357 2784 432 2805 cum
449 2773 577 2804 Groevio
601 2772 791 2812 recepimus.
806 2770 905 2801 habet
919 2775 953 2801 et

253 2815 319 2846 Ms.
351 2816 395 2847 H.
440 2815 477 2846 Id
503 2815 638 2846 verbum
669 2814 703 2844 in
734 2814 822 2844 libris
853 2823 954 2854 prope

251 2866 382 2899 semper
405 2861 572 2890 mutatum
592 2860 642 2889 est
665 2856 700 2888 in
717 2855 951 2898 perstringere.

756 2353 956 2383 habitabant.

996 1893 1072 1919 sunt
1088 1893 1199 1919 tamon
1216 1888 1274 1918 viri
1291 1888 1482 1927 doctissimi,
1498 1889 1551 1929 qui
1574 1899 1633 1929 pro
1655 1898 1695 1923 eo

998 1931 1169 1971 legendnm
1182 1932 1301 1970 ubique
1314 1936 1431 1971 putent
1440 1932 1692 1972 proestinguereae

997 1984 1035 2003 ex
1051 1984 1114 2012 quo
1131 1974 1182 2003 hic
1203 1983 1270 2003 esse
1292 1974 1423 2004 deberet
1440 1975 1691 2014 proestinoeeratc

999 2015 1022 2045 i.
1035 2026 1063 2045 e.
1080 2016 1280 2045 obscum-at.

1040 2059 1057 2087 8
1080 2057 1248 2087 audiemus
1271 2056 1363 2096 Ant]
1393 2057 1527 2098 Semper
1549 2057 1697 2097 judicavi

997 2110 1035 2129 ex
1053 2100 1120 2139 ipsa
1136 2100 1240 2130 forma
1257 2099 1424 2139 loquendi:
1448 2100 1601 2139 quoniam
1618 2104 1696 2131 sunt

999 2141 1111 2171 Caleni
1151 2142 1396 2181 interrogantis,
1428 2151 1495 2172 non
1530 2142 1697 2174 ciceronis

998 2184 1203 2220 affirmantis,
1228 2185 1344 2214 verba:
1369 2185 1414 2214 sic
1437 2183 1611 2223 legendum
1635 2193 1694 2223 pro

999 2225 1133 2264 vulgato
1156 2227 1340 2256 audiamus.
1384 2225 1501 2266 Reperi
1524 2224 1639 2256 deinde
1661 2230 1696 2255 et

999 2267 1032 2297 in
1056 2268 1149 2298 codd.
1174 2268 1216 2297 H.
1233 2268 1342 2299 Guels.
1365 2273 1400 2298 et
1421 2267 1493 2298 edd.
1516 2277 1564 2307 pr.
1586 2267 1696 2305 itaque

1000 2310 1115 2349 recepi.
1126 2314 1317 2349 potestatem
1338 2314 1388 2340 est
1411 2310 1444 2340 in
1466 2308 1579 2340 eodem
1597 2309 1694 2346 libro,

1000 2357 1099 2388 recte,
1117 2362 1174 2391 pro
1184 2356 1357 2390 potestate.

1038 2398 1058 2427 9
1081 2394 1219 2434 aliquid]
1265 2394 1366 2425 Abest
1395 2393 1459 2424 Ms.
1487 2391 1596 2433 Iluyd.
1626 2401 1694 2423 nou

998 2435 1094 2466 male.

1044 2481 1079 2507 10
1102 2487 1300 2517 quamquam
1326 2478 1394 2509 (sed
1415 2478 1444 2506 Ιι.
1463 2486 1505 2507 m.
1523 2475 1570 2511 d.)
1597 2476 1692 2506 audi-

997 2520 1081 2558 rem]
1109 2519 1235 2558 Nempe
1261 2522 1394 2559 corrigit
1420 2529 1466 2555 se,
1488 2518 1696 2549 dubitatione

995 2563 1186 2599 eijrtasse
1198 2562 1338 2592 sublata.

1042 2605 1074 2633 11
1092 2604 1192 2633 stanti
1210 2604 1284 2643 &c.]
1302 2604 1412 2633 Statili
1425 2602 1525 2632 habet
1535 2605 1568 2631 et
1584 2601 1693 2632 Gucls.

996 2644 1027 2676 id
1045 2646 1166 2685 primus
1181 2646 1281 2676 edidit
1299 2645 1384 2675 Ferr.
1402 2644 1523 2684 priores
1538 2645 1673 2674 instanti
1683 2657 1690 2670 :

996 2687 1109 2727 prixnae
1133 2688 1258 2723 statim,
1284 2686 1370 2726 quod
1394 2697 1412 2717 c
1440 2686 1541 2717 stanti
1569 2685 1694 2715 factum

994 2730 1122 2759 vitiose.
1151 2731 1254 2759 stanti
1280 2729 1458 2769 opponitur
1476 2726 1618 2768 jacenti,
1640 2727 1694 2765 qui

994 2776 1044 2802 est
1059 2776 1148 2801 ante.
1198 2770 1402 2801 concedenda
1425 2770 1458 2800 in
1480 2769 1621 2800 deterius
1645 2768 1694 2798 di-

995 2814 1094 2849 citur,
1118 2812 1259 2843 aliorum
1282 2813 1436 2852 potestati
1462 2810 1694 2850 permittenda,

997 2856 1099 2887 immo
1116 2854 1297 2888 amittenda
1312 2860 1372 2886 est.
1389 2864 1418 2886 v.
1437 2853 1527 2886 Clav.
