1785 3185
487 112 605 150 PRO
630 109 792 149 REGE
818 109 1144 149 DEIOTARO.
1434 113 1536 150 1239

102 214 222 263 Quid
239 215 424 256 deinde?
455 213 631 256 furcifer
651 229 738 269 quo
754 214 1053 270 progreditur?
1084 213 1158 263 ait,
1175 213 1257 255 hac
1273 213 1426 256 laetitia
1446 215 1534 257 De·
1545 219 1597 254 26

99 273 283 314 iotarum
306 272 479 322 elatum,
494 272 593 312 vino
613 285 656 312 se
678 272 884 320 obruisse,
909 270 950 310 in
972 271 1259 325 convivioque
1278 273 1436 312 nudum
1457 273 1538 314 sal-

104 329 274 370 tavisse.
310 330 422 375 Quae
445 343 550 369 crux
575 328 675 369 huic
698 328 883 384 fugitivo
906 336 1049 383 potest
1069 327 1169 368 satis
1192 328 1389 383 supplicii
1413 329 1538 371 affer·

103 388 176 428 re?
237 385 491 427 Deiotarum
524 385 748 426 saltantem
768 386 1008 440 quisquam,
1031 394 1103 425 aut
1124 384 1288 425 ebrium
1314 385 1423 425 vidit
1447 401 1539 427 um·

102 445 261 497 quam?
319 444 359 474 :32
374 441 537 484 Omnes
559 452 659 483 suut
681 442 721 483 in
747 442 819 482 illo
842 455 940 497 rege
963 443 1092 497 regiae
1117 441 1309 490 virtutes,
1332 442 1446 496 quod
1480 452 1538 494 te,

96 500 265 550 -Caesar,
290 499 486 555 ignorare
514 514 602 540 non
638 500 845 541 arbitror:
879 498 951 539 sed
984 497 1203 554 praecipue
1236 498 1462 552 singularis
1494 510 1539 540 et

98 556 352 598 admiranda
375 555 614 613 frugalitas.
645 557 724 597 etsi
744 555 828 597 hoc
849 556 980 596 verbo
1004 555 1092 596 scio
1122 555 1283 595 laudari
1308 569 1428 612 reges
1451 571 1536 597 non

104 613 253 655 solere.
278 643 281 645 -
331 613 462 670 Frugi
486 614 704 654 hominem
726 613 827 664 dici,
849 627 934 654 non
959 611 1139 653 multum
1173 611 1306 652 habet
1338 611 1473 653 laudis
1494 613 1538 653 in

104 685 229 727 rege:
262 670 632 725 fortem,justum‚
655 683 862 720 severum,
885 684 1074 726 gravem,
1098 669 1435 724 magnanimum,
1458 669 1539 710 lar-

106 742 226 784 gum,
263 727 534 776 beneficium,
567 726 781 767 liberalem
800 743 815 778 ;.
854 727 921 768 hae
956 736 1056 767 sunt
1091 727 1219 781 regiae
1255 725 1422 767 laudes:
1468 726 1540 767 illa

103 785 274 841 privata
294 793 372 825 est.
405 783 466 826 Ut
489 783 616 834 volet,
638 784 817 838 quisque
840 780 1049 839 accipiat:
1082 797 1163 838 ego
1189 792 1327 823 tamen
1363 781 1541 839 frugali-

108 851 255 891 tatem,
292 841 334 882 id
367 849 446 890 est,
476 840 729 881 modestiam
763 849 806 881 et
842 840 1185 896 temperantiam,
1209 841 1411 880 virtutem
1450 855 1542 881 esse

105 899 340 940 maximam
365 897 534 952 judico.
597 896 708 938 Haec
736 897 777 938 in
802 897 873 937 illo
897 908 961 937 est
979 898 1032 938 ab
1067 897 1240 937 ineunte
1274 906 1416 948 aetate,
1448 907 1541 938 tum

103 970 131 996 a
148 964 305 996 cuncta
325 954 443 1004 Asia,
465 964 558 995 tum
580 968 604 994 a
625 954 962 1010 magistratibus,
993 954 1230 1010 legatisque
1257 954 1425 1005 nostris,
1450 964 1542 994 tum

105 1013 160 1053 ab
181 1012 398 1067 equitibus
422 1010 645 1062 Romanis,
668 1012 741 1067 qui
762 1011 805 1051 in
823 1010 928 1052 Asia
949 1012 1159 1066 negotiati
1184 1020 1297 1061 sunt,
1319 1022 1542 1068 perspecta

105 1077 149 1110 et
175 1069 367 1125 cognita.
428 1067 584 1109 Multis
618 1068 689 1109 ille
721 1068 893 1123 quidem
928 1069 1131 1124 gradibus
1164 1068 1405 1109 officiorum
1439 1069 1605 1125 erga2Y

113 1125 423 1182 rempublicam
445 1134 635 1166 nostram
658 1125 710 1166 ad
735 1127 816 1166 hoc
840 1126 1005 1181 regium
1027 1139 1183 1166 nomen
1220 1126 1436 1177 ascendit3
1468 1127 1542 1168 sed

110 1193 253 1224 tamen
272 1183 481 1238 quidquid
501 1197 526 1223 a
548 1183 667 1223 bellis
691 1182 837 1238 populi
862 1182 1048 1223 Romani
1073 1183 1266 1233 vacabat,
1286 1198 1384 1224 cum
1405 1182 1544 1225 homi·

106 1241 235 1282 nibus
257 1239 412 1281 nostris
435 1240 779 1291 consuetudines,
804 1240 1030 1291 amicitias,
1050 1253 1118 1280 res
1149 1240 1420 1295 rationesque
1439 1240 1545 1296 jun-

110 1298 266 1352 gebat:
298 1305 346 1338 ut
368 1311 452 1337 non
478 1297 615 1338 solum
638 1297 850 1338 tetrarcha
878 1296 1050 1347 nobilis,
1073 1297 1145 1337 sed
1181 1297 1371 1352 optimus
1404 1308 1546 1354 pater-

109 1354 308 1405 familias,
329 1363 372 1395 et
393 1354 746 1410 diligentissimus
769 1354 958 1410 agricola
977 1364 1020 1394 et
1060 1355 1281 1410 pecuarius
1303 1355 1544 1396 haberetur.

111 1411 199 1458 Qui
222 1411 355 1468 igitur
376 1411 636 1462 adolescens,
659 1412 849 1452 nondum
875 1421 995 1452 tanta
1024 1411 1161 1466 gloria
1193 1412 1414 1466 praeditus,
1437 1411 1546 1453 nihil

110 1482 329 1524 umquam,
352 1468 433 1509 nisi
464 1468 729 1509 severissime
760 1480 804 1509 et
825 1468 1089 1525 gravissime,
1111 1468 1286 1521 fecerit3
1319 1469 1353 1510 is
1382 1484 1431 1510 ea
1453 1470 1546 1510 exi-

106 1526 373 1577 stimatione,
391 1539 525 1581 eaque
560 1535 687 1567 aetate
719 1526 916 1567 saltavit?
979 1524 1144 1565 Imitari
1182 1526 1340 1581 potius,
1376 1515 1629 1577 Cast0r‚10

110 1583 179 1624 avi
211 1583 271 1624 tui
295 1597 448 1634 mores,
470 1583 825 1639 disciplinamque
843 1583 1042 1633 debebas,
1061 1597 1189 1638 quam
1208 1584 1373 1638 optimo
1397 1593 1439 1624 et
1460 1583 1545 1625 cla·
1556 1587 1606 1620 28

109 1640 279 1681 rissimo
312 1640 402 1680 viro
439 1639 614 1695 fugitivi
656 1655 728 1681 ore
765 1640 1032 1680 maledicere.
1095 1640 1263 1686 Quodsi
1301 1640 1546 1682 saltatorem

107 1710 238 1738 avum
255 1697 490 1747 habuisses,
515 1711 651 1752 neque
671 1712 768 1739 eum
794 1698 945 1746 virum,
970 1697 1082 1737 unde
1107 1697 1280 1752 pudoris
1305 1698 1546 1752 pudicitiae·
1561 1703 1592 1734 P·
1613 1699 1681 1731 149.

110 1768 198 1809 que
215 1754 415 1810 exempla
432 1763 701 1810 peterentur:
735 1764 875 1795 tamen
901 1754 985 1794 hoc
1005 1754 1282 1794 maledictum
1304 1755 1481 1795 minime
1503 1754 1589 1796 ina.

110 1810 228 1852 illam
267 1821 440 1852 aetatem
472 1813 736 1852 conveniret.
799 1812 969 1858 Quibus
1003 1811 1072 1851 ille
1106 1811 1257 1851 studiis
1292 1812 1345 1852 ab
1374 1812 1549 1853 ineunte

111 1877 241 1909 aetate
263 1882 307 1909 se
328 1868 554 1919 imbuerat,
575 1883 660 1909 non
683 1869 880 1920 saltandi,
904 1868 977 1909 sed
999 1869 1108 1908 bene
1130 1877 1177 1907 ut
1211 1869 1353 1919 armis,
1386 1870 1550 1925 optime

114 1933 164 1965 ut
184 1925 304 1980 equis
327 1934 542 1974 uteretur,·
573 1939 623 1966 ea.
644 1935 787 1967 tamen
806 1926 924 1966 illurn
942 1924 1217 1979 cunctajam‚
1236 1936 1364 1966 aetate
1381 1937 1550 1978 exacta,

111 1980 374 2023 defecerant.
434 1982 586 2038 Itaque
607 1982 861 2024 Deiotarum
884 1997 983 2023 curn
1007 1982 1145 2038 plures
1170 1982 1211 2022 in
1234 1997 1390 2038 equum
1412 1993 1552 2025 sustu-

115 2038 278 2091 iissent,
299 2037 414 2095 quod
432 2040 595 2081 haerere
612 2040 655 2080 in
674 2054 725 2081 eo
749 2055 879 2081 senex
897 2049 1055 2096 posset,
1075 2039 1274 2080 admirari
1295 2040 1550 2082 solebamus.

114 2095 260 2144 33,Hic
275 2110 374 2137 vero
395 2096 743 2152 adolescenS,qui
768 2112 886 2138 meus
912 2098 954 2137 in
980 2096 1135 2137 Cilicia
1157 2096 1291 2147 miles,
1311 2098 1352 2137 in
1378 2097 1552 2139 Graecia

115 2153 356 2195 commilito
373 2153 470 2204 fuit,
484 2168 583 2194 cum
602 2154 642 2194 in
662 2154 895 2195 illonostro
915 2153 1108 2195 exercitu
1123 2153 1334 2207 equitaret
1348 2169 1445 2196 cum
1465 2157 1551 2196 suis

114 2210 293 2251 delectis
322 2211 555 2266 equitibus,
589 2226 696 2265 quos
731 2227 814 2251 una
842 2226 940 2253 cum
973 2225 1023 2251 eo
1059 2210 1111 2251 ad
1142 2209 1394 2266 Pompeium
1435 2223 1553 2268 pater

117 2268 304 2319 miserat,
327 2283 434 2323 quos
467 2282 699 2309 concursus
734 2268 874 2309 facere
906 2269 1100 2309 solebat?
1131 2282 1258 2322 quam
1284 2283 1326 2309 se
1356 2269 1552 2323 jactare?

118 2338 247 2379 quam
279 2328 522 2366 ostentare?
554 2340 681 2380 quam
706 2326 866 2366 nemini
889 2327 932 2367 in
960 2325 1031 2366 illa
1052 2339 1180 2365 causa
1202 2326 1344 2379 studio
1367 2338 1409 2366 et
1430 2329 1551 2383 cupi-

118 2381 252 2423 ditate
284 2383 547 2423 concedere?
608 2382 719 2423 Cum
747 2398 860 2433 vero,
883 2382 1076 2424 exercitu
1109 2383 1281 2433 amisso,
1303 2397 1401 2439 ego,
1425 2381 1615 2439 34qui29

160 2529 200 2556 32
227 2528 346 2558 Omnes
366 2532 444 2558 sunt
464 2528 499 2556 in
521 2529 578 2557 illo
598 2530 697 2566 regia-¹
711 2529 817 2559 virtu·
860 2530 928 2559 citu
944 2529 1104 2570 Pompeii,
1120 2528 1160 2558 ad
1176 2538 1271 2567 quem
1289 2528 1403 2559 Cicero
1418 2529 1500 2559 ierat
1515 2529 1555 2559 ad

121 2568 183 2608 tes]
208 2569 353 2599 Graevius
365 2580 383 2599 e
406 2570 469 2600 Ms.
487 2570 553 2600 Erf.
571 2570 695 2601 addidit
719 2581 794 2610 rege
807 2584 816 2600 :
860 2570 1114 2612 Dyrrhachium.

127 2610 248 2641 Omnes
267 2617 344 2642 sunt
364 2612 402 2641 in
422 2613 478 2642 illo
499 2622 577 2648 rege
598 2614 698 2651 reg-iae
712 2615 816 2643 virtu-
902 2616 943 2644 34
965 2614 1020 2652 qm·
1036 2615 1131 2653 pacis
1145 2617 1260 2642 unctor
1272 2611 1464 2651 semperfzci
1479 2611 1553 2652 ἀρ]

123 2656 192 2682 tes:
214 2653 299 2692 quod
313 2653 432 2693 placet,
447 2659 559 2694 estque
573 2655 733 2686 efficacius
748 2656 819 2685 vul<
862 2655 925 2686 Fnz'
941 2655 1114 2686 delendum
1141 2661 1295 2694 putavere
1311 2654 1369 2683 viri
1392 2655 1500 2685 docti:
1524 2662 1558 2685 et

124 2698 214 2732 gato.
258 2695 339 2725 Edd.
367 2695 420 2725 W.
450 2696 488 2726 R.
516 2698 550 2727 <J-
579 2697 701 2727 habunt
729 2708 818 2736 rege,
862 2699 954 2728 abest
967 2698 1017 2728 ed.
1035 2699 1087 2728 W.
1133 2697 1195 2727 Sed
1211 2696 1282 2735 plus
1296 2696 1367 2725 vitii
1383 2702 1433 2726 est
1448 2698 1482 2726 in
1496 2697 1558 2727 hoe

125 2735 182 2765 sed
214 2738 377 2767 omittunt
405 2740 517 2776 regw'oe,
547 2748 664 2779 nempe
694 2746 731 2769 ut
764 2740 817 2770 alii
862 2740 947 2770 1000.
991 2740 1136 2770 Primum
1154 2740 1296 2768 exercitu
1313 2739 1430 2767 amisso
1445 2744 1479 2768 et
1488 2743 1562 2778 post

123 2786 213 2815 ‘rege-
867 2782 1102 2812 Pharsalicum
1128 2782 1280 2819 prasium
1310 2780 1356 2809 nil
1384 2780 1540 2811 differunt
1554 2792 1561 2809 :

168 2821 208 2851 33
235 2819 303 2850 Hic
330 2830 403 2851 vero
432 2822 627 2860 adolescens]
660 2821 824 2861 Intelligvit
868 2834 942 2853 naui
960 2829 1032 2863 post
1049 2824 1081 2853 id
1095 2823 1244 2862 proeliuui
1261 2824 1397 2852 amissus
1412 2829 1461 2852 est
1474 2833 1564 2854 exer-

129 2860 361 2898 Castoremm
384 2864 523 2902 Groecc'a,
540 2874 656 2905 nempe
681 2865 713 2895 iri
736 2875 825 2895 exer-
868 2866 965 2896 citus.
1010 2866 1125 2904 Itaque
1144 2869 1215 2903 post
1231 2865 1296 2895 Ph.
1310 2866 1463 2903 praelium
1480 2866 1567 2896 vide-
