1769 3174
3 0 38 52 K

12 78 22 90 ⁸
505 102 621 140 PRO
659 101 746 138 CN.
779 100 1054 140 PLANc10.
1425 105 1501 141 963

11 138 39 157 ’Ἰ

2 184 39 244 ὅ
72 204 284 270 pertinet:
316 219 398 261 ego
420 218 518 246 eum
550 207 589 236 85
605 219 689 246 non
721 213 855 255 tuear,
879 219 1006 259 quem
1029 219 1176 246 omnes
1207 205 1250 246 in
1283 206 1503 262 republica

3 275 14 300 ι
67 262 308 318 principem
329 275 420 302 esse
440 261 708 303 concedant?
738 275 821 317 ego
845 260 897 301 C.
922 261 1106 302 Caesaris
1129 261 1325 303 laudibus
1347 264 1498 314 desim,

7 351 10 354 ⁴
67 332 173 374 quas
205 319 390 374 primum
419 318 567 382 populi
602 318 803 368 Romani,
826 333 939 358 nunc
962 319 1092 359 etiam
1124 328 1308 369 senatus,
1327 320 1395 359 cui
1428 334 1498 360 rne

42 374 235 431 fisemper
260 375 422 427 addixi,
446 375 638 431 plurimis
669 385 797 430 atque
828 374 1101 431 amplissimis
1126 375 1304 430 judiciis
1330 376 1495 416 videam

67 445 158 472 esse
179 432 439 474 celebratas?
480 430 591 472 Tum
624 431 794 473 hercule
825 446 893 472 me
923 432 1144 483 confitear,
1166 446 1251 472 non
1279 431 1496 487 judicium

6 527 7 530 ,
70 487 242 552 aliquod
285 488 484 530 habuisse
526 489 578 530 de
615 489 864 544 reipublicae
907 488 1106 540 utilitate,
1143 489 1216 529 sed
1249 488 1496 529 hominibus

12 552 18 556 “
71 546 256 586 amicum
288 555 362 586 aut
393 545 616 586 inimicum
637 545 783 586 fuisse.
840 545 926 597 An,
948 560 1047 586 cum
1071 546 1236 587 videam
1258 560 1410 586 navem
1433 559 1496 585 se-
1508 545 1557 578 94

19 596 24 602 ’
68 602 220 644 cundis
241 603 379 643 xentis
401 617 571 643 cursum
604 613 819 643 tenentem
853 617 990 654 suum,
1015 603 1055 634 8⁶
1069 603 1102 643 si
1137 618 1220 643 non
1245 617 1340 643 eum
1376 611 1497 666 petat

66 671 253 714 portum,
275 673 402 714 quem
423 674 505 715 ego
529 660 757 715 aliquando
779 660 973 715 probavi,
997 660 1069 700 sed
1092 659 1221 700 alium
1244 675 1331 700 non
1353 674 1494 700 minus

68 724 208 756 tutum
230 724 358 771 atque
380 716 678 771 tranquillum:
711 731 808 757 cum
832 726 1086 772 tempestate
1118 731 1306 772 pugnem
1330 717 1496 772 pelicu-

66 771 154 813 lose
187 773 346 828 potius,
368 787 495 827 quam
527 773 602 823 illi,
631 773 764 814 salute
797 774 1034 829 praesertim
1070 775 1306 837 proposita,
1328 775 1497 814 obtem-

67 843 210 886 perem
233 838 275 870 et
297 832 495 885 paream?
538 830 690 884 Neque
721 831 832 870 enim
868 831 1150 871 inconstantis
1185 841 1306 886 puto,
1329 840 1497 871 senten-

68 887 188 937 tiam,
212 895 429 942 tamquam
462 887 632 942 aliquod
656 888 878 942 navigium
911 898 1039 942 atque
1061 902 1246 936 cursum,
1269 903 1322 928 ex
1357 889 1498 944 reipu-

69 942 192 984 blicae
235 952 488 999 tempestate
529 944 753 985 moderari.
816 943 911 1000 Ego
947 959 1044 985 xero
1082 944 1176 985 haec
1213 945 1362 995 didici,
1401 945 1442 985 h
1433 960 1496 985 ec

0 1010 25 1066 ί
59 1000 170 1050 vidi,
193 999 288 1040 haec
310 1001 468 1056 scripta
490 1000 599 1056 legi:
632 1001 726 1041 haec
756 1001 809 1041 de
841 1001 1164 1057 sapientissimis
1187 1012 1230 1042 et
1251 1002 1495 1042 clarissimis

11 1070 13 1073 ’
67 1057 184 1108 viris,
210 1068 253 1097 et
287 1057 330 1097 in
364 1058 443 1098 hac
473 1058 706 1113 republica,
738 1068 781 1098 et
817 1059 859 1098 in
889 1059 981 1098 aliis
1011 1058 1260 1099 civitatibus
1293 1063 1537 1098 8711101111-12.

66 1124 211 1154 menta
231 1115 371 1165 nobis,
389 1114 558 1164 litterae,
582 1115 883 1170 prodiderunt:
917 1129 1002 1155 non
1027 1129 1191 1171 semper
1209 1116 1378 1156 easdem
1402 1130 1496 1156 sen-

70 1171 223 1211 tentias
247 1172 300 1211 ab
324 1172 487 1222 iisdem,
511 1171 597 1222 sed,
620 1186 910 1226 quascumque
930 1172 1177 1228 reipublicae
1202 1183 1351 1222 status,
1376 1173 1498 1213 incli-

64 1229 182 1269 natio
206 1238 461 1284 tcmporum‚
485 1229 591 1269 ratio
614 1229 857 1269 concordi-<e
881 1229 1130 1284 postularet,
1153 1244 1242 1270 esse
1265 1230 1499 1270 defenden-

65 1285 154 1326 das.
179 1286 292 1340 quod
316 1300 398 1342 ego
419 1296 462 1326 et
483 1285 611 1336 facio,
636 1286 892 1337 Laterensis,
908 1296 950 1326 et
973 1301 1138 1342 semper
1158 1286 1338 1328 faciam:
1371 1287 1498 1327 liber-

69 1352 299 1396 tatemque,
330 1357 458 1398 quam
489 1343 531 1382 in
565 1357 633 1383 me
669 1343 862 1398 1equiriS‚
898 1358 1025 1398 quam
1062 1358 1143 1398 ego
1184 1358 1322 1398 neque
1354 1343 1498 1384 dimisi

65 1413 283 1454 umquam,
316 1413 455 1454 neque
485 1400 716 1451 dimittam,
746 1415 833 1440 non
868 1401 910 1440 in
945 1400 1195 1456 pertinicia,
1224 1401 1293 1441 sed
1329 1401 1370 1441 in
1394 1416 1500 1455 qua-

11 1467 14 1470 *
66 1456 162 1496 dam
187 1457 479 1498 moderatione
501 1457 684 1512 positam
708 1458 885 1512 putabo.

121 1513 250 1554 Nune
273 1514 397 1554 venio
420 1514 471 1554 ad
503 1514 607 1555 illud
629 1524 885 1564 extremum,
908 1514 1022 1569 quod
1053 1514 1217 1565 dixisti,
1240 1515 1340 1555 dum
1367 1514 1494 1555 Plan·
1507 1511 1579 1559 4-0

65 1569 121 1610 cii
156 1570 197 1610 in
223 1585 291 1611 me
320 1571 521 1611 meritum
544 1571 684 1612 verbis
705 1571 972 1622 extolle1em,
1005 1585 1073 1611 me
1108 1586 1248 1612 arcem
1272 1572 1410 1613 tacere
1439 1587 1493 1612 ex
1508 1583 1557 1617 95

64 1626 224 1678 cloaca,
245 1627 516 1683 lapidemque
534 1643 557 1669 e
579 1627 773 1683 sepulcro
793 1629 982 1669 venerari
1006 1643 1082 1683 pro
1103 1629 1199 1669 deo.
1221 1643 1360 1683 neque
1381 1630 1496 1670 enim

66 1683 172 1725 mihi
195 1685 443 1725 insidiarum
466 1685 703 1749 periculum
725 1684 873 1736 ullum,
896 1700 1034 1740 neque
1055 1686 1204 1726 mortis
1228 1685 1373 1726 fuisse.
1409 1685 1497 1727 Cu-

59 1740 133 1795 jus
162 1755 244 1798 ego
267 1742 472 1798 temporis
503 1742 713 1783 rationem
744 1742 972 1798 explicabo
999 1743 1131 1793 brevi,
1155 1757 1291 1798 neque
1323 1743 1498 1784 invitus.

65 1777 318 1840 nil1il⁰eniin
350 1814 404 1840 ex
438 1800 543 1840 meis
574 1808 639 1840 est
661 1800 942 1855 temporibuS,
965 1800 1079 1854 quod
1115 1815 1254 1840 minus
1291 1814 1498 1856 perxaga-

0 1867 21 1894 ιι
67 1865 174 1906 tum,
194 1856 394 1911 quodque
424 1856 565 1896 minus
587 1867 661 1897 aut
685 1870 780 1896 mea
803 1858 1213 1897 commemoratione
1236 1844 1498 1899 celebratum

69 1912 137 1964 sit,
159 1923 233 1953 aut
255 1913 500 1954 hominibus
531 1914 726 1954 auditum
757 1925 886 1968 atque
915 1925 1082 1954 notum.
1144 1913 1239 1969 Ego
1262 1914 1391 1964 enim,
1418 1915 1499 1955 La-

68 1970 259 2020 terensis,
290 1984 344 2010 ex
375 1969 448 2010 illo
481 1971 681 2011 incendio
715 1970 874 2026 legum,
903 1970 1029 2025 juris,
1065 1982 1252 2020 senatum,
1284 1972 1497 2012 bonorum

66 2027 274 2076 omnium,
295 2027 465 2079 cedens,
487 2042 585 2068 cum
608 2043 703 2068 mea
725 2028 876 2068 domus
899 2031 938 2058 88
949 2028 1099 2068 ardore
1121 2043 1197 2068 suo
1221 2028 1498 2084 deflagratio-

65 2097 164 2124 nem
186 2084 278 2124 uibi
303 2094 431 2147 atque
464 2084 599 2125 Italiae
624 2086 703 2126 toti
737 2086 984 2135 minaretur,
1007 2085 1088 2125 nisi
1111 2085 1395 2139 quievissem.
1429 2086 1497 2126 Si-

65 2140 208 2182 ciliam
237 2141 371 2203 petivi
403 2141 562 2191 animo,
593 2156 689 2195 quae
719 2152 762 2182 et
795 2142 888 2197 ipsa
918 2152 1009 2182 erat
1046 2142 1167 2192 mihi,
1198 2142 1311 2183 Sicut
1343 2142 1495 2183 domus

65 2210 162 2248 una,
184 2197 431 2252 conjuncta,
453 2207 497 2238 et
521 2199 798 2240 obtinebatur
830 2214 855 2239 a
891 2197 942 2238 C.
967 2198 1176 2253 Virgili03
1207 2213 1394 2254 quocum
1427 2215 1498 2240 me

64 2267 149 2295 uno
172 2254 238 2296 vel
258 2255 446 2295 maxime
468 2269 567 2296 cum
589 2265 758 2296 vetusta
783 2255 988 2306 amicitia,
1011 2265 1102 2296 tum
1136 2232 1220 2296 niei
1243 2255 1384 2297 fratiis
1407 2257 1494 2297 col-

64 2309 189 2367 legia,
211 2321 303 2353 tum
333 2312 574 2367 respublica
601 2313 798 2354 sociarat.
858 2313 968 2354 Vide
1000 2327 1112 2353 nunc
1135 2312 1365 2368 caliginem
1387 2323 1494 2354 tem-
1507 2319 1557 2353 96

102 2452 143 2482 85
165 2462 229 2483 non
250 2457 358 2490 tuear,
381 2464 475 2493 quem
497 2464 756 2486 ornnes—conce.-
799 2465 878 2485 num
895 2459 958 2492 est,
971 2465 1046 2485 eum
1063 2455 1138 2485 viris
1161 2454 1264 2485 doctis
1280 2456 1442 2494 corrigere
1460 2457 1498 2486 11·-

65 2491 161 2532 Junt]
187 2495 279 2526 Sensi
302 2497 445 2535 primum
468 2496 530 2527 hoc
552 2497 603 2536 le«
595 2506 663 2527 ‘sen
667 2497 758 2534 ,ele-
799 2501 960 2527 terarum.
1005 2497 1149 2527 Frustra.
1170 2503 1303 2527 tantum
1327 2498 1498 2537 interpun-

66 2536 196 2574 gantius
215 2537 284 2568 fore
298 2539 588 2569 concedc1nt:cum
612 2546 686 2578 post
709 2549 759 2569 re·
800 2545 898 2578 gatur
913 2545 987 2579 post
1008 2541 1116 2572 nobi&
1143 2543 1366 2575 monumenta,
1383 2540 1497 2576 literne,

65 2577 201 2616 perirem
225 2588 284 2617 ego
309 2580 343 2610 C
369 2581 519 2610 laudebus
541 2558 655 2617 desiin,
678 2591 759 2621 quas
801 2591 873 2620 quae
896 2582 995 2612 verba.
1008 2589 1042 2612 et
1063 2581 1140 2612 alibi
1161 2582 1206 2611 sic
1224 2584 1427 2621 junguntur,
1444 2592 1499 2611 eo-

65 2619 191 2649 videam
214 2630 278 2651 esse
303 2623 491 2659 celebratas,
518 2623 566 2652 ita
593 2624 759 2663 corrigen-
802 2623 943 2662 (lemque
957 2633 1064 2654 sensu.

65 2659 144 2691 dum
153 2661 311 2700 judicavi.
355 2664 407 2694 Sic
421 2673 498 2703 ergo
513 2674 586 2694 cor·-
587 2665 651 2696 exi.
844 2668 884 2696 88
908 2666 1026 2695 ardore
1047 2665 1116 2704 suo]
1143 2665 1266 2695 Rarum
1283 2669 1346 2700 est,
1369 2665 1414 2694 sic
1438 2675 1497 2705 pro

108 2703 148 2733 86
161 2703 189 2733 εἰ
203 2713 265 2734 non
278 2714 318 2735 ea
333 2715 406 2735 eum
416 2715 441 2745 p
447 2706 470 2745 .]
493 2706 552 2736 Ea
565 2706 668 2737 delevi
682 2717 758 2738 cum
802 2707 954 2737 incendio
970 2707 1043 2737 dici.
1087 2707 1150 2737 Sed
1164 2711 1276 2736 tamen
1296 2712 1330 2736 ct
1352 2706 1429 2736 alibi
1452 2707 1497 2737 sic

67 2743 205 2776 Graevio.
217 2746 306 2777 abest
320 2747 399 2778 Mss.
412 2748 558 2788 pluribus
571 2754 605 2779 et
619 2748 690 2779 edd.
704 2750 756 2780 W.
803 2749 930 2785 Cicero,
956 2749 1056 2780 Acad.
1083 2749 1142 2785 IV,
1170 2752 1223 2784 37,
1254 2748 1309 2778 ubi
1336 2749 1499 2779 mundum

71 2786 160 2824 1480.
173 2787 268 2818 Junt.
802 2790 1091 2831 corfiagraturum
1105 2791 1222 2820 ardore
1236 2789 1326 2820 dicit.

108 2829 148 2867 83¹
161 2834 369 2861 monumenta
381 2831 469 2862 nobis
483 2831 558 2862 liter
559 2841 585 2862 a
591 2830 664 2875 pn]
681 2832 758 2863 Pro-

765 2879 892 2918 3114·
