1769 3174
395 85 477 128 DE
503 87 733 127 HARUSPI
738 87 855 125 CUM
880 85 1172 127 RESPONSIS.
1436 95 1510 128 913

76 189 188 237 Quis
213 190 429 234 Platorem
451 207 505 233 ex
529 191 740 242 Orestide,
763 205 860 245 quae
875 205 969 246 pars
991 191 1263 232 Macedoniae.
1286 191 1511 245 libcraest,

75 245 294 290 hominem
329 250 369 291 in
403 250 483 290 illis
505 249 609 290 locis
631 248 684 289 cl·
686 263 792 288 trum
824 263 873 288 ac
894 247 1097 299 nob1lem,
1119 249 1306 303 legatum
1331 249 1366 290 T
1373 253 1512 290 nessa-

75 303 263 347 lonicam
285 310 318 340 7¹
337 308 389 348 ad
422 315 613 348 nostrum
645 310 712 358 (ut
743 320 786 345 se
817 305 945 360 ipse‹
934 304 1184 368 appellayit)
1210 306 1514 361 i1111›er2·‘1toien1

77 363 247 409 venisse
281 364 446 406 nescit?
475 377 603 419 quem
637 362 721 426 ille,
748 372 922 418 propter
956 376 1199 417 pecuniam,
1221 377 1350 417 quun
1385 365 1439 403 ab
1462 378 1512 404 eo

77 428 335 482 extorquere
369 435 454 461 non
490 429 672 476 poterat,
708 420 749 459 in
786 418 958 459 vincula
986 419 1190 473 conjecit,
1224 430 1268 459 et
1296 420 1513 461 medicum

78 475 315 518 intromisit
336 492 475 529 suum,
497 492 569 532 qui
597 477 753 532 legato,
777 475 909 526 socio,
930 477 1084 526 amico,
1107 476 1241 517 libelo
1273 475 1514 518 foedissime

77 540 124 573 et
143 533 576 576 crudelissimevcnas
600 533 820 574 incideret.
882 533 1060 573 Secures
1081 548 1176 573 suas
1191 534 1401 574 ementati
1425 549 1515 575 sce-

76 588 163 630 lere
198 591 361 634 noluit:
406 606 562 633 nomen
597 591 769 646 quidem
806 590 952 646 populi
990 589 1177 631 Romani
1213 600 1334 631 tanto
1358 590 1514 631 sceiere

77 649 407 710 contaminavit,
440 659 488 689 ut
531 649 573 689 id
615 648 731 688 nulla
778 662 821 687 re
864 647 1014 702 possit,
1048 648 1128 687 nisi
1172 648 1306 703 ipsius
1351 648 1513 703 suppli-

75 703 162 755 cio,
193 706 375 761 expiari.
436 706 595 752 Quales
618 705 733 746 hunc
754 705 977 745 carnifices
1008 713 1207 760 putamus
1243 705 1413 757 habere,
1438 707 1512 760 qui

75 762 207 802 etiam
239 763 417 804 medicis
449 763 535 804 suis
575 777 662 804 non
706 761 759 802 ad
799 760 993 812 salutem,
1036 762 1109 803 sed
1148 762 1200 803 ad
1232 776 1380 803 necem
1418 773 1512 803 uta-

80 825 148 859 tui
162 821 175 860 ἓ

137 875 220 917 Sed
243 877 485 927 recitemus,
508 876 611 932 quid
634 884 849 931 sequatur.
875 890 1031 916 FIDEM
1060 890 1118 916 ET
1142 890 1506 918 JUSJURANDUM
1534 876 1593 929 17

79 945 406 975 NEGLECTUM.
469 933 569 975 Hoc
587 934 690 988 quid
711 933 779 983 sit,
804 948 877 988 per
896 949 938 973 se
960 935 1099 989 ipsum
1122 948 1207 973 non
1232 933 1357 974 facile
1380 934 1574 979 inter-36

78 1000 249 1047 pretor:
283 991 354 1032 sed
373 1005 428 1032 ex
460 1005 525 1042 eo,
548 991 663 1045 quod
686 992 892 1044 sequitur,
916 1005 1108 1046 suspicor
1130 991 1182 1030 de
1207 991 1512 1047 tuciumjudi-
1524 1007 1553 1036 ι)
1570 998 1642 1028 5252

79 1062 178 1090 cum
220 1048 451 1090 manifesto
494 1048 682 1104 perjuiio
720 1047 830 1088 dici:
879 1050 1034 1102 quibus
1074 1048 1176 1088 olim
1206 1050 1340 1104 eiepti
1371 1050 1555 1089 essenta·

77 1105 216 1156 numi,
235 1106 317 1146 nisi
339 1121 363 1146 a
387 1115 534 1146 senatu
555 1105 804 1160 praesidium
829 1105 1128 1160 postulassent.
1151 1120 1281 1159 quare
1300 1116 1442 1146 autem
1463 1106 1515 1147 de

79 1161 148 1204 his
169 1163 255 1204 dici
279 1162 482 1219 suspicer,
505 1162 599 1203 haec
621 1177 769 1202 caussa
790 1172 868 1212 est,
892 1163 1006 1217 quod
1027 1163 1086 1202 sic
1109 1172 1265 1214 statuo,
1280 1171 1323 1203 et
1344 1163 1447 1204 illud
1472 1164 1516 1204 in

78 1219 162 1261 hac
183 1220 360 1261 civitate
381 1234 472 1261 esse
493 1220 682 1260 maxime
704 1219 866 1260 illustre
896 1230 1024 1274 atque
1061 1219 1230 1274 insigne
1265 1220 1516 1275 perjurium,
1573 1229 1575 1231 ’

79 1286 124 1317 et
145 1287 187 1318 te
204 1277 345 1334 ipsum
362 1287 503 1318 tamen
525 1277 569 1317 in
588 1276 764 1333 perjurii
780 1291 956 1332 poenam
977 1278 1029 1317 ab
1050 1277 1116 1328 iis,
1135 1277 1393 1331 quibuscum
1413 1292 1517 1319 con-

72 1334 246 1390 jurasti,
269 1350 355 1376 non
379 1334 539 1376 vocari..

141 1391 198 1432 Et
219 1393 359 1443 video,
377 1392 420 1432 in
444 1390 719 1447 haruspicum
742 1391 957 1446 responsis
981 1390 1126 1431 whaec
1156 1405 1246 1432 esse
1270 1391 1578 1446 subjuncta‚37

87 1463 374 1490 SAcmFxclA
409 1462 631 1490 VETUsTA
657 1461 985 1500 OCCULTAQUE
1012 1461 1171 1488 MlNUs
1201 1461 1515 1490 DILIGENTER

20 1531 36 1549 ιμ
85 1519 242 1548 FACTA
267 1519 611 1558 POLLUTAQUE.
674 1505 936 1569 Haruspices
968 1505 1006 1545 l1
1000 1520 1062 1545 ec
1096 1504 1342 1560 loquuntur,
1366 1521 1417 1546 an
1442 1520 1517 1561 pa-

82 1563 153 1604 trii
177 1573 436 1628 penatesque
457 1563 547 1605 dii?
576 1561 701 1603 multi
731 1563 846 1602 enim
880 1572 992 1612 sunt,
1015 1562 1158 1612 cr,ed0
1182 1563 1223 1603 in
1257 1578 1364 1619 quos
1388 1563 1516 1618 hujus

82 1621 283 1662 maleficii
321 1621 508 1676 suspicio
541 1620 681 1660 οειάπῑ.
743 1620 852 1666 Quis
886 1629 1042 1675 praetel
1074 1595 1186 1660 husie
1221 1623 1381 1662 unum?
1425 1620 1515 1661 Ob-

84 1692 205 1719 scure
236 1677 408 1729 dicitur,
430 1693 528 1733 quae
566 1692 685 1718 sacra
716 1677 883 1733 polluta
913 1677 1026 1719 sint?
1068 1677 1170 1731 quid
1200 1678 1381 1733 planius,
1414 1677 1518 1732 quid

84 1735 393 1791 gravius‚quid
425 1734 663 1791 leligiosius
695 1735 781 1775 dici
815 1737 984 1790 potest?
1009 1748 1230 1775 VETUSTA
1271 1748 1519 1776 OCCULTA-

40 1812 45 1815 ⁵
87 1806 202 1844 OUE.
263 1793 389 1849 Nego
412 1791 497 1833 ulla
503 1768 649 1832 0verba
672 1791 917 1842 Lentulum,
941 1806 1115 1847 gravem
1148 1802 1360 1833 oratorem
1384 1807 1433 1832 ac
1455 1791 1519 1832 di-

85 1860 260 1900 sertum,
295 1850 467 1906 saepius,
496 1864 595 1890 cum
631 1858 671 1889 te
706 1859 940 1899 accusaiet‚
975 1864 1211 1904 usurapzsse,
1242 1864 1371 1904 quam
1408 1848 1519 1899 haec,

87 1921 185 1961 quae
221 1921 334 1948 nunc
355 1922 409 1948 ex
435 1906 626 1947 Etruscis
649 1906 799 1947 libr‘is
791 1921 835 1946 m
854 1917 895 1947 te
917 1921 1123 1947 conversa
1154 1916 1282 1961 atoue
1313 1917 1521 1962 1nte1pre-

87 1972 179 2004 tata
198 1963 415 2005 dicuntur.
477 1963 649 2005 Etenim
671 1964 786 2018 quod
811 1963 1070 2004 sacrificium
1094 1973 1179 2004 tam
1204 1972 1418 2004 vetustum
1443 1973 1522 2014 est,

85 2035 216 2076 quam
245 2020 344 2072 hoc,
377 2022 490 2076 quod
527 2037 550 2061 a
585 2021 758 2076 legibus
793 2021 957 2075 aequale
991 2020 1090 2061 huic
1122 2021 1216 2061 mbi
1249 2021 1522 2077 accepimus?

85 2077 200 2132 quod
223 2087 367 2118 autem
392 2088 477 2119 tam
509 2078 740 2129 occultum,
763 2093 892 2133 quam
924 2078 983 2129 id,
1016 2077 1131 2133 quod
1161 2093 1247 2118 non
1281 2078 1418 2119 solum
1449 2092 1524 2118 cu-

26 2171 27 2174 ,
85 2133 222 2175 riosos
244 2135 391 2177 oculos
414 2135 621 2186 excludit,
645 2135 717 2176 sed
751 2135 882 2175 etiam
915 2137 1127 2176 errantes?
1159 2150 1244 2190 quo
1278 2150 1364 2176 non
1394 2135 1524 2175 modo

85 2190 355 2247 improbitas,
396 2194 466 2233 sed
506 2207 562 2233 ne
608 2166 898 2248 imprudentia
941 2192 1112 2247 quidem
1158 2192 1296 2248 possit
1337 2192 1525 2234 intrare?

88 2249 205 2303 quod
241 2250 416 2304 quidem
450 2250 707 2291 sacrificium
739 2263 865 2290 nemo
900 2259 1000 2290 ante
1032 2249 1082 2289 P.
1109 2248 1328 2300 Clodium,
1350 2252 1390 2283 73
1407 2249 1525 2289 omni

90 2307 312 2358 memoria,
344 2307 538 2358 violavit,
561 2321 689 2347 nemo
721 2320 925 2361 umquam
959 2307 1080 2357 adiit,
1102 2309 1143 2340 74
1156 2321 1282 2347 nemo
1315 2306 1530 2362 neglexit,

91 2375 219 2404 nemo
241 2364 305 2405 vir
323 2364 542 2421 adspicere
564 2378 652 2405 non
682 2363 874 2405 horruit:
907 2364 1020 2419 quod
1047 2363 1096 2403 fit
1127 2378 1202 2420 per
1233 2363 1421 2420 virgines
1444 2362 1530 2403 Ve-

89 2490 289 2532 reipublicae,
323 2493 491 2524 securitati
519 2493 676 2534 publicae:
715 2493 791 2533 quia
876 2496 916 2527 73
938 2493 974 2523 in
988 2494 1076 2523 omui
1091 2492 1262 2532 memoria]
1293 2492 1334 2522 In
1349 2501 1425 2522 cum
1441 2491 1530 2521 Grae-

89 2536 158 2564 tam
173 2534 270 2565 multi
285 2541 363 2565 sunt
377 2535 508 2575 impuri.
838 2535 891 2565 vio
905 2535 1022 2573 delevi,
1034 2540 1168 2565 auctore
1190 2535 1256 2565 Ms.
1274 2535 1344 2564 Erf.
1361 2535 1414 2563 cui
1429 2537 1463 2563 et
1475 2533 1532 2562 alii

131 2578 167 2609 71
194 2578 238 2608 md
251 2578 686 2618 nostracm—imperatorem]
710 2579 794 2609 i.Pi-
837 2583 872 2607 et
887 2577 958 2608 edd.
982 2584 1105 2608 veteres
1120 2577 1161 2607 R.
1178 2577 1233 2607 Br.
1248 2578 1267 2607 ,J
1273 2581 1344 2606 unt.
1371 2577 1429 2605 &c.
1452 2584 1533 2604 con-

92 2625 217 2655 sonem,
231 2620 287 2658 qui
310 2620 370 2650 sibi
388 2629 508 2650 nomen
531 2621 613 2651 illud
635 2630 795 2651 assumse-
837 2620 997 2650 sentiunt.
1043 2620 1086 2649 Et
1101 2620 1146 2649 sic
1161 2619 1308 2648 latinitas
1321 2617 1479 2657 postulat.

94 2663 158 2696 rat,
173 2641 264 2691 ve'lut
280 2671 399 2701 magna
411 2663 548 2692 victor-1⁶1
562 2663 700 2701 pontus
878 2665 920 2695 74
948 2671 1041 2692 nemo
1066 2661 1223 2700 neglexit]
1257 2659 1345 2700 Quid
1370 2659 1432 2688 hoc
1456 2659 1529 2688 est?

134 2703 175 2734 72
197 2704 261 2733 lzoee
276 2714 339 2734 esse
352 2703 540 2743 subju-ncta]
557 2705 792 2735 Ms.E1-f.sula-
837 2703 944 2733 Debet
958 2714 1026 2734 esse
1050 2703 1173 2742 aliquid
1194 2703 1260 2737 hic,
1278 2700 1364 2740 quod
1380 2701 1424 2730 sit
1445 2700 1533 2731 inter

83 2739 197 2782 jecta:
209 2746 293 2784 quod
305 2746 451 2775 Craevrus
462 2746 613 2785 praefert.
630 2746 686 2776 sed
696 2756 733 2776 ea
742 2750 793 2776 est
836 2747 929 2775 adire
942 2750 976 2775 et
998 2745 1164 2785 adspicere
1185 2744 1348 2774 medium:
1372 2747 1422 2773 est
1445 2743 1533 2776 enim

95 2782 181 2822 gloss
183 2795 214 2817 3.
254 2787 364 2817 Etiam
378 2787 432 2817 alii
447 2786 645 2829 suly'ungere
657 2788 695 2819 de
711 2789 791 2818 serie
836 2787 996 2826 gradatio.

91 2830 127 2857 et
141 2827 254 2859 ordine
269 2838 379 2860 rerum
389 2829 514 2861 dixere.
