1812 3147
406 129 513 167 PRO
539 126 695 165 DOMO
722 127 823 165 SUA
848 126 922 164 AD
947 127 1151 165 PONTIF.
1424 129 1498 163 855

63 230 304 273 officiorum
326 231 517 272 omnium
535 232 798 281 societatem,
820 230 925 271 certi
948 229 1143 270 homines
1166 227 1277 269 fictis
1294 228 1500 269 sermoni-

65 289 143 330 bus
165 298 208 329 et
227 287 341 329 falsis
363 288 614 330 criminibus
633 288 916 329 diremerunt:
939 301 1037 327 cum
1060 287 1186 327 iidem
1208 285 1340 335 illum,
1365 295 1408 325 ut
1430 300 1498 326 me

62 355 285 395 metueret,
326 360 393 386 me
430 355 613 396 caveret,
647 354 894 396 monerent3
939 344 1068 384 iidem
1111 343 1223 398 apud
1267 356 1347 391 me,
1392 343 1494 383 mihi
1510 348 1542 378 Ρ·
1558 341 1630 372 219.

61 401 180 442 illum
216 417 307 442 esse
343 403 414 443 uni
448 403 805 453 inimicissimum,
827 402 1041 442 dicerent:
1075 409 1123 441 ut
1150 413 1286 454 neque
1324 413 1420 453 ego,
1443 400 1495 439 ab
1509 391 1540 413 ἃ·

61 458 134 499 illo
156 473 251 514 quae
274 459 378 500 mihi
413 460 595 516 petenda
624 470 777 510 essent,
796 459 895 499 satis
910 458 1127 499 audaciter
1142 466 1283 512 petere
1304 469 1495 511 possem:

60 529 199 570 neque
232 515 314 567 ille,
339 526 402 556 tot
433 517 748 573 suspicionibus
780 524 992 557 certorum
1026 515 1248 555 hominum
1279 522 1322 552 et
1343 511 1498 553 scelere

61 572 344 624 exulceratus,
367 589 462 630 quae
486 588 628 614 mcum
653 583 817 629 tempus
841 572 1088 628 postularet,
1111 570 1211 612 satis
1233 569 1396 626 prolixe
1418 569 1497 609 mi-

60 628 106 670 hi
131 629 413 685 polliceretur.
477 630 591 672 Data
612 645 772 672 merces
797 641 861 670 est
884 629 1034 670 erroris
1059 630 1139 669 mei
1161 641 1330 683 magna,
1354 626 1559 681 ponti-29

63 685 179 736 lices,
204 697 250 727 ut
272 702 339 728 me
362 702 447 728 non
468 688 600 729 solum
628 689 772 744 pigeat
795 686 988 727 stultitiae
1021 700 1141 736 meae,
1166 685 1237 725 sed
1268 684 1397 724 etiam
1421 698 1498 739 pu-

61 743 187 786 deat:
219 745 307 799 qui,
327 759 423 786 cum
447 759 513 786 me
544 760 628 785 uon
664 744 931 801 repentinum
956 743 1127 798 aliquod
1151 756 1293 783 meum
1315 751 1499 796 tempus,

0 802 1 806 ’
62 800 135 841 sed
159 813 320 842 veteres
343 801 476 842 multo
499 815 597 843 autc
620 802 804 857 suscepti
835 811 877 842 et
900 800 1059 856 provisi
1082 800 1261 850 labores,
1283 813 1381 839 cum
1407 798 1499 838 viro

63 855 297 899 fortissimo
317 869 357 899 et
378 859 610 900 clarissimo
630 859 972 914 conjunxissent,
995 857 1074 897 sim
1094 871 1240 912 passus
1260 855 1368 896 atali
1393 855 1499 895 ami-

62 914 166 956 citia
186 915 389 967 distrahi3
420 930 557 972 neque
577 916 874 965 intellexerim,
896 915 1050 969 quibus
1073 924 1146 954 aut
1171 922 1215 953 ut
1238 914 1394 968 apertis
1417 913 1498 953 ini-

62 972 185 1013 micis
227 973 491 1023 obsisterem,
525 984 597 1014 aut
634 983 678 1014 ut
711 972 924 1013 insidiosis
958 971 1106 1011 amicis
1139 985 1222 1011 non
1265 970 1495 1010 crederem.

63 1026 250 1070 Proinde
270 1028 465 1071 desinant
487 1030 715 1085 aliquando
749 1044 816 1070 me
848 1029 998 1069 iisdem
1032 1028 1298 1068 inflammare
1327 1027 1494 1068 verbis:

62 1085 179 1133 Quid
203 1087 282 1127 sibi
302 1087 381 1128 iste
405 1087 519 1128 vult?
545 1088 692 1137 nescit,
713 1095 919 1142 quantum
942 1086 1197 1126 auctoritate
1221 1084 1370 1134 valeat,
1392 1098 1497 1139 quas

64 1157 130 1184 res
151 1144 343 1199 gesserit,
365 1159 449 1200 qua
476 1145 687 1200 dignitate
726 1144 780 1184 sit
815 1144 1050 1184 restitutus.
1073 1157 1148 1184 cur
1181 1152 1304 1182 ornat
1336 1156 1449 1191 eum,
1471 1155 1496 1181 a

61 1215 149 1255 quo
170 1201 359 1242 desertus
382 1204 468 1242 est?
503 1200 596 1257 Ego
620 1216 718 1243 vero
752 1215 889 1255 neque
919 1215 986 1240 mc
1020 1210 1109 1240 tum
1138 1200 1351 1241 desertum
1374 1207 1559 1255 puto,30

63 1257 135 1298 sed
159 1272 280 1314 paene
303 1259 520 1300 deditum:
553 1273 645 1309 nec,
667 1274 763 1314 quae
787 1259 872 1298 sint
895 1259 937 1298 in
961 1257 1030 1298 illa
1056 1257 1301 1312 reipublicae
1324 1257 1497 1296 flamma

61 1325 184 1371 gesta
206 1324 356 1356 contra
377 1331 459 1366 me,
482 1330 618 1371 neque
640 1315 872 1371 quomodo,
895 1329 1032 1369 neque
1058 1328 1129 1369 per
1147 1329 1268 1368 quos,
1294 1312 1498 1368 patefaci-

64 1372 227 1412 undum
248 1373 354 1413 mihi
373 1385 462 1414 csse
484 1374 680 1414 arbitror.
742 1373 786 1413 Si
810 1372 912 1413 utile
935 1371 1181 1427 reipublicae
1213 1370 1307 1419 fuit,
1331 1370 1500 1410 haurire

64 1443 134 1469 me
157 1444 287 1470 unum
310 1445 385 1486 pro
421 1431 620 1471 omnibus
655 1430 769 1470 illam
807 1429 1150 1484 indignissimam
1184 1427 1499 1470 calamitatem:

66 1486 194 1526 etiam
220 1486 301 1528 hoc
325 1487 427 1528 utile
449 1489 517 1538 sit,
539 1501 721 1542 quorum
743 1487 785 1527 id
812 1486 968 1527 scelere
989 1486 1224 1526 conflatum
1249 1485 1316 1535 sit,
1340 1499 1407 1525 me
1431 1499 1503 1525 oc·

64 1543 226 1584 cultare
246 1556 289 1584 et
312 1555 463 1586 tacere.
504 1544 614 1585 Illud
641 1558 739 1585 vero
761 1554 824 1584 est
842 1543 1027 1584 hominis
1051 1542 1206 1597 ingrati
1230 1552 1382 1582 tacere,
1416 1541 1503 1582 Ita-

66 1615 149 1656 que
174 1600 452 1642 libentissime
473 1602 734 1658 praedicabo,
757 1601 839 1642 Cn.
860 1601 1111 1656 Pompeium
1136 1600 1277 1640 studio
1294 1608 1335 1640 et
1355 1608 1504 1639 aucto-

65 1659 206 1708 ritate,
220 1673 341 1713 aeque
365 1670 412 1699 ut
434 1673 782 1714 unumquemque
796 1658 999 1708 vestrum,
1024 1657 1500 1713 opibus,contentione,

65 1716 279 1771 precibUS,
303 1715 501 1772 periculis
526 1716 724 1771 denique,
749 1716 965 1771 praecipue
996 1729 1073 1770 pro
1105 1714 1238 1754 salute
1266 1728 1358 1754 mea
1381 1713 1498 1754 labo-

64 1785 191 1813 rasse.
253 1772 340 1813 Hic
374 1773 472 1824 tuis,
508 1773 557 1815 P.
593 1773 785 1824 Lentule,
822 1787 920 1813 cum
955 1780 999 1812 tu
1028 1771 1136 1812 nihil
1169 1771 1297 1822 aliud,
1330 1772 1419 1811 (lies
1456 1781 1499 1812 et
1516 1766 1579 1813 12

63 1839 227 1879 noctes,
249 1831 329 1870 nisi
352 1831 404 1872 de
427 1830 560 1871 salute
581 1845 676 1871 mea
694 1831 920 1886 cogitares,
940 1829 1128 1870 consiliis
1148 1829 1346 1869 omnibus
1370 1829 1500 1869 inter-

67 1884 170 1927 fuit:
205 1885 272 1928 hic
296 1888 373 1928 tibi
398 1888 670 1943 gravissimus
702 1897 851 1928 auctor
880 1887 932 1927 ad
965 1886 1286 1935 instituendam,
1306 1885 1501 1926 fidelissi-

63 1957 160 1984 mus
179 1944 317 1984 socius
331 1946 382 1985 ad
402 1946 748 2001 comparandam,
767 1944 1022 1985 fortissimus
1042 1943 1214 1998 adjutor
1229 1943 1281 1983 ad
1302 1957 1386 1983 rem
1410 1957 1502 1998 per-

68 1998 294 2042 ficiendam
319 2001 423 2044 fuit:
455 2002 526 2042 hic
554 2003 789 2058 municipia
810 2001 1084 2055 coloniasque
1107 2001 1237 2041 adiit:
1270 2000 1340 2040 hic
1368 2000 1501 2041 [taliae
1514 2006 1546 2036 b.

66 2056 197 2098 totius
219 2059 426 2099 auxilium
448 2059 660 2115 cupientis
682 2059 954 2115 imploravit:
987 2058 1058 2099 hic
1080 2058 1122 2098 in
1143 2066 1289 2098 senatu
1306 2058 1504 2112 princeps

67 2116 291 2156 sententiae
315 2115 423 2157 fuit:
448 2116 644 2171 idemque
666 2132 764 2157 cum
786 2116 980 2165 dixisset,
1004 2123 1094 2155 tum
1117 2116 1246 2155 etiam
1270 2129 1346 2170 pro
1370 2115 1504 2155 salute

69 2185 164 2212 mea
195 2173 401 2228 populum
437 2173 680 2214 'Romanum
715 2172 970 2214 obsecravit.
1039 2172 1182 2218 Quare
1212 2173 1337 2212 istam
1374 2172 1562 2213 orati-31

69 2242 209 2279 onem,
228 2245 312 2284 qua
330 2245 372 2271 es
390 2245 501 2280 usus,
516 2231 689 2272 omittas
704 2230 829 2271 licet:
851 2240 949 2286 post
963 2229 1075 2270 illam
1092 2231 1361 2282 sententiam,
1376 2243 1506 2284 quam

71 2285 261 2327 dixeram
284 2287 336 2328 de
358 2303 541 2338 annona,
564 2287 819 2345 pontificum
835 2288 1000 2327 animos
1019 2301 1110 2327 esse
1128 2295 1339 2328 mutatos:
1364 2286 1506 2342 perin-

71 2341 137 2393 de,
161 2344 278 2398 quasi
313 2345 383 2385 isti
418 2355 491 2385 aut
523 2345 575 2386 de
606 2345 688 2386 Cn.
713 2344 922 2400 Pompeio
944 2343 1080 2395 aliter,
1104 2353 1231 2398 atque
1253 2358 1335 2399 ego
1357 2343 1507 2384 existi-

71 2403 156 2449 mo,
178 2401 387 2444 sentiant:
420 2412 507 2452 aut,
529 2403 631 2457 quid
661 2402 766 2443 mihi
804 2416 880 2457 pro
902 2402 1226 2457 exspectatione
1249 2401 1395 2456 populi
1417 2400 1508 2441 Ro-

73 2456 202 2508 mani,
225 2472 300 2513 pro
332 2458 414 2500 Cn.
450 2459 645 2516 Pompeii
676 2459 838 2500 meritis
868 2473 970 2514 erga
1002 2472 1084 2509 me,
1118 2473 1196 2514 pro
1227 2458 1393 2499 ratione
1422 2457 1506 2498 mei

72 2515 276 2569 temporis
303 2515 546 2557 faciendum
580 2517 722 2568 fuerit,
752 2517 977 2572 ignorent:
1027 2525 1100 2556 aut
1133 2516 1278 2566 etiam,
1313 2515 1347 2555 si
1383 2514 1506 2569 cujus

74 2568 183 2611 forte
220 2573 434 2627 pontificis
469 2574 674 2624 animum,
707 2574 821 2629 quod
855 2582 971 2613 certo
1002 2573 1091 2613 scio
1123 2572 1245 2613 aliter
1276 2586 1381 2621 esse,
1412 2586 1508 2611 mea

73 2629 283 2669 sententia
303 2629 498 2682 offendit,
516 2631 598 2672 alio
620 2631 749 2672 modo
766 2631 822 2671 sit
843 2630 1169 2682 constituturus,
1189 2632 1228 2660 54
1244 2638 1318 2670 aut
1338 2629 1390 2669 de
1412 2628 1507 2669 reli-

119 2798 158 2826 54
179 2802 239 2827 aue
262 2799 300 2829 de
331 2801 486 2837 religione
509 2801 582 2840 ἃς]
611 2802 770 2832 Gruterus
813 2802 960 2841 corrigit,
974 2806 1034 2832 aut
1048 2802 1086 2831 de
1106 2801 1261 2838 religione
1280 2798 1438 2840 pontg'fboe,
1455 2804 1515 2830 auc

75 2847 150 2870 cum
174 2840 361 2873 Guilielmio
384 2853 402 2874 e
423 2844 565 2883 vestigiis
586 2844 664 2875 Mes.
690 2846 771 2875 bene
814 2845 852 2874 de
867 2854 934 2884 rep.
948 2844 1115 2882 civis,i11t.
1131 2847 1179 2873 ut.
