1785 3185
458 112 806 151 PHILIPPICA
833 111 1087 152 QUARTA.

1392 106 1497 153 1³17

62 216 107 258 hi
130 229 339 257 summam
360 215 485 257 affert
513 214 762 271 reipublicae
794 213 1091 265 defendendae,
1121 216 1207 254 et2
1188 230 1339 271 spem
1371 229 1493 257 recu-

63 273 260 330 perandae
283 273 506 313 libertatis.

559 273 643 318 Qu·
633 286 833 326 unquam
855 271 1023 311 animus
1045 271 1217 325 quidem
1239 273 1341 312 mihi
1367 287 1492 314 num-

61 345 188 385 quam
211 329 362 379 defuit,
388 340 581 384 tempora
601 329 854 369 def-:uemnt
887 343 984 382 quae
1007 327 1184 368 simulac
1208 329 1392 383 primum
1416 329 1493 370 ali-

61 387 164 442 quid
187 386 292 427 lucis
313 386 535 427 ostendere
557 386 647 427 visa
663 396 776 437 sunt,
800 386 996 441 princeps
1020 394 1171 425 vestrae
1195 383 1403 426 libertatis
1420 387 1494 427 de-

65 443 290 485 fendendae
313 443 389 484 fui.
414 443 559 498 ³qu0d
584 444 618 483 si
637 454 736 484 ante
758 444 898 484 facere
919 451 1098 484 conatus
1120 455 1270 491 essem,
1293 456 1407 482 nunc
1430 444 1494 484 fa-

63 513 158 542 cere
186 515 273 541 non
300 514 481 556 possem.
523 500 731 542 hodierno
752 501 864 541 enim
889 500 972 550 die,
992 499 1200 548 Quirites,
1223 501 1243 528 4
1258 513 1309 538 ne
1331 499 1495 540 medio-

62 571 178 598 crem
195 571 282 598 rem
301 569 442 598 actam
461 558 742 608 arbitremini,
765 557 1043 598 fundamenta
1058 557 1180 611 jacta
1195 567 1294 596 sunt
1313 556 1495 611 reliqua-

63 628 157 656 rum
180 615 415 656 actionum.
448 630 544 656 nain
568 626 632 656 est
662 615 795 655 hostis
818 630 842 655 a
864 623 1011 654 senatu
1045 613 1234 654 nondum
1258 614 1388 654 verbo
1418 628 1494 669 ap-

63 671 261 727 pellatus,
283 672 355 713 sed
378 686 421 713 re
437 674 530 727 jam
546 672 768 727 judicatus
790 671 1020 713 Antonius.

1083 670 1212 711 Nune
1236 684 1334 711 vero
1356 670 1529 711 multoz

63 742 155 769 sum
188 730 383 780 erectior,
414 731 529 784 quod
564 744 635 769 vos
669 743 854 784 quoque,
885 728 1053 769 hostem
1084 728 1204 768 illum
1234 741 1339 778 esse,
1371 737 1493 768 tanto

64 801 292 837 consensu,
315 796 520 841 tantoque
550 785 734 827 clamore
756 785 1087 849 approbavistis.

1148 783 1242 825 Nec
1264 786 1378 825 enim
1401 785 1494 826 fieri

66 852 226 898 potest,
255 854 407 884 utnon
430 852 505 884 aut
529 843 557 883 ii
585 843 670 883 sint
697 843 834 898 impii,
866 857 939 898 qul
961 852 1111 883 cont1a
1131 841 1352 882 consulem
1372 856 1496 883 exer-

64 900 177 941 citus
217 908 597 956 comparaverunt:

66 971 185 997 arma
215 969 355 998 sumta
385 966 498 998 sunt.

649 909 723 940 aut
760 900 829 941 ille
862 900 1012 950 hostis,
1052 908 1203 940 contra
1234 896 1361 953 q'uem
1398 899 1498 954 jure

560 956 688 997 Hanc
720 957 852 1013 igitul
881 957 1212 1006 dubitationem,
1238 970 1500 1011 quamquam

66 1014 183 1054 nulla
208 1025 312 1066 er,at
346 1026 488 1055 tamen
518 1029 572 1055 ne
601 1029 686 1069 qua
713 1024 858 1070 posset
880 1028 984 1064 esse,
1007 1023 1177 1054 senatus
1201 1012 1408 1054 hodierno
1431 1014 1500 1054 die

69 1071 254 1112 sustulit.

316 1071 367 1113 C.
405 1071 567 1122 Caesai,
603 1086 674 1126 qui
716 1071 1024 1135 iempublimm
1062 1071 1390 1125 libertatemque
1429 1086 1501 1112 ve-

68 1137 198 1169 stram
222 1143 298 1169 suo
329 1129 488 1178 studio,
518 1128 713 1179 consilio,
745 1129 1005 1185 patiimonio
1027 1127 1211 1182 denique
1234 1136 1397 1168 tutatus
1419 1138 1500 1179 est,

69 1195 113 1226 et
136 1195 314 1236 tutatur,
341 1186 542 1227 maximis
570 1195 740 1226 senatus
770 1185 966 1227 laudibus
997 1194 1172 1225 ornatus
1194 1193 1273 1224 est.

1336 1185 1380 1224 L
1373 1186 1497 1235 tude,
1508 1195 1534 1229 3

69 1241 198 1283 hudo
231 1258 320 1293 vos,
353 1243 561 1294 Quirites,
592 1257 688 1283 eum
721 1243 976 1299 gratissimis
1006 1242 1160 1282 animis
1190 1242 1502 1297 piosequimini

68 1314 228 1341 nomen
263 1300 484 1341 clarissimi
515 1300 813 1351 adolescentis,
836 1300 901 1341 vel
930 1300 1050 1362 pueri
1079 1299 1237 1355 potius.
1270 1312 1368 1339 sunt
1386 1300 1503 1340 enim

71 1356 189 1397 facta
229 1357 336 1412 ejus,
378 1357 728 1408 immortalitatis,
772 1360 892 1399 5non
937 1358 1092 1398 aetatis.
1134 1355 1269 1396 multa
1309 1357 1507 1408 memini,

69 1414 207 1454 multa
236 1415 395 1466 audivi,
428 1414 562 1456 multa
594 1414 702 1469 legi:

737 1415 843 1456 nibil
876 1416 961 1456 Gex
995 1414 1113 1454 omni
1145 1413 1383 1454 seculorum
1416 1429 1506 1454 me-

71 1471 210 1512 moria
239 1471 322 1512 [ille
354 1472 690 1528 cogssOVl2q11l‚
723 1486 820 1513 CUffl
855 1487 945 1512 Serv
952 1472 1058 1511 IIUIC
1094 1484 1396 1526 pIUJelnelemul
1429 1472 1506 1512 7Iss

71 1527 163 1568 dies
193 1529 352 1570 malum
380 1538 605 1580 cresceret,
638 1530 826 1585 plaesidii
849 1529 955 1571 nihil
979 1529 1247 1579 liabeiemus,
1278 1527 1503 1584 capitalem
1521 1560 1550 1590 ρ
1572 1551 1641 1584 195.

65 1651 205 1673 corone:
235 1647 270 1673 et
285 1653 382 1673 nemo
396 1644 448 1674 hic
463 1643 572 1681 haesit,
589 1647 647 1674 aut
659 1653 766 1674 exem-

71 1683 165 1724 plum
181 1685 286 1716 simile
301 1686 428 1717 attulit.

112 1728 132 1757 2
153 1736 240 1765 spem
263 1738 293 1757 r.
317 1728 489 1767 libertatis]
515 1727 592 1758 Non
610 1727 689 1758 satis
711 1738 768 1758 au-

70 1777 125 1798 sus
151 1777 223 1798 sum
249 1779 302 1800 eos
329 1770 431 1809 sequi,
456 1772 489 1800 in
516 1771 566 1800 his
590 1770 767 1807 Graevium,

70 1810 126 1849 qui
142 1809 204 1840 hoe
221 1812 366 1848 verbum,
383 1814 484 1843 secuti
501 1813 564 1843 Ms.
588 1812 664 1843 Vat.
689 1822 768 1851 quo-

72 1862 147 1882 cum
165 1862 242 1882 cons
237 1855 330 1884 entit
346 1855 436 1885 Leid.
453 1855 628 1885 omittunt.
674 1855 768 1884 Pote-

73 1899 126 1924 rat
150 1904 227 1925 saue
251 1897 375 1933 omitti,
398 1899 473 1936 quia
496 1897 678 1937 respublica
705 1897 769 1927 uti-

73 1946 136 1975 que
151 1936 202 1966 hic
223 1943 273 1968 est
293 1939 433 1969 maxime
450 1939 595 1975 libertas,
612 1944 645 1969 et
661 1945 770 1979 potest

72 1979 107 2009 id
142 1979 276 2010 xer-bum
306 1991 324 2010 e
351 1983 499 2020 ’proximo
531 1981 594 2011 hue
621 1986 768 2012 tractum

73 2021 349 2061 esse‚diciturque
366 2024 446 2054 bene
461 2033 656 2063 recuperare
667 2033 768 2062 remp.

73 2063 137 2093 Sed
163 2068 198 2093 et
226 2065 338 2103 paullo
362 2071 435 2106 post
462 2075 546 2105 resp.
575 2072 609 2095 et
639 2065 770 2096 libertas

69 2106 330 2145 conjunguntur.

115 2150 134 2178 3
157 2149 241 2187 qnod
261 2151 290 2179 si
316 2147 458 2189 antes]
485 2151 661 2181 Cori-exere
683 2150 710 2180 si
735 2150 771 2180 id

74 2199 93 2219 e
121 2191 264 2228 vestigiis
294 2191 358 2221 ΜΞ.
388 2199 450 2221 κει.
473 2194 546 2222 sz'a't:
570 2193 623 2223 sed
650 2202 770 2232 prono-

75 2241 151 2262 men
181 2237 292 2272 potest
318 2242 385 2263 esse
415 2234 448 2263 in
477 2235 569 2274 quod.
597 2244 664 2265 11011
684 2235 768 2265 male

75 2279 188 2304 autem
205 2276 325 2316 facere
351 2276 480 2305 omittit
508 2276 596 2307 Leia.
623 2286 698 2307 nam
722 2287 771 2307 re·

75 2317 193 2357 petitio
206 2318 301 2356 hujus
317 2318 404 2347 verbi
420 2327 487 2348 non
501 2328 577 2348 sane
594 2320 710 2359 placet.

119 2360 140 2389 4
161 2368 201 2389 ne
224 2361 332 2390 adhuc
356 2370 401 2390 m.
427 2370 445 2388 ν
450 2361 472 2399 ]
499 2362 550 2390 Sic
572 2363 696 2391 editum
721 2368 770 2393 est

75 2410 95 2430 e
122 2402 610 2441 conjecturalerra1·ii.3;ss.
637 2404 699 2433 Gu.
724 2405 767 2435 H.

77 2446 117 2472 ut
144 2448 179 2473 et
206 2443 261 2474 alii
287 2444 407 2476 babent
439 2455 637 2485 quamquam
663 2447 771 2477 adhuc

77 2494 122 2515 m.
151 2487 210 2517 &e.
254 2487 329 2518 Vnt.
356 2486 394 2516 L.
418 2487 529 2517 delent
557 2489 673 2519 adhuc·-
717 2490 771 2519 Sit·

77 2532 112 2557 et
140 2527 212 2559 edd.
243 2538 290 2569 pr.
318 2529 359 2560 R.
383 2529 464 2559 Ven.
493 2530 564 2560 Vic.
596 2532 654 2561 &cz
684 2532 771 2570 quod

78 2569 198 2609 placet.
225 2581 300 2601 nam
332 2581 381 2601 res
407 2571 607 2612 inttelligitrr
632 2578 709 2603 acta
736 2574 769 2604 in

77 2617 195 2642 senatu
224 2613 368 2643 Antonio
397 2613 490 2643 hoste
523 2615 683 2653 inelimato
707 2617 770 2647 ita-

76 2664 139 2693 que
165 2654 281 2686 delevi.
305 2656 428 2696 primus
446 2656 570 2687 addidit
593 2658 628 2688 P.
651 2659 770 2689 Manu-

75 2696 153 2726 tius.

119 2741 138 2769 5
159 2749 223 2770 mm
244 2739 362 2778 oecatis]
389 2741 441 2770 Sic
463 2740 535 2771 edd.
558 2752 606 2782 pr.
632 2748 667 2773 et
692 2743 772 2774 Mss.

76 2780 199 2820 plures,
213 2782 313 2812 etiam
336 2782 426 2812 Leid.
445 2784 554 2824 Huyd.
576 2785 642 2815 Gu.
660 2785 772 2816 Ferra-

77 2823 144 2852 rius
171 2834 209 2854 ex
238 2824 309 2854 aliis
337 2824 466 2856 induxit
503 2836 619 2857 nomen
653 2829 771 2865 oetutae's,

76 2864 164 2903 quud
185 2867 286 2898 ceteri
313 2867 417 2898 secuti
437 2874 528 2900 sunt.
548 2879 610 2909 ego
633 2879 696 2900 uon
722 2879 772 2905 xe-

809 1644 914 1674 stitui.
960 1643 1102 1683 Populus
1126 1642 1362 1673 acclamaverat
1383 1642 1424 1673 ad
1448 1653 1506 1673 no-

811 1696 886 1716 men
915 1685 1069 1716 Cressa-is.-
1097 1686 1182 1725 quod
1209 1694 1275 1714 non
1305 1690 1375 1714 ertit
1400 1687 1508 1716 aetatis

811 1737 943 1758 nomen.
989 1728 1027 1758 Id
1042 1729 1155 1759 Cicero
1170 1727 1300 1767 probat,
1322 1728 1383 1757 etsi
1399 1728 1510 1759 Caesar

811 1770 996 1801 adolescens
1019 1776 1116 1807 esset,
1139 1770 1189 1799 vel
1217 1770 1326 1809 potius
1352 1780 1432 1809 puer
1453 1769 1509 1800 ad-

811 1813 895 1843 huc:
921 1812 1007 1851 quod
1029 1813 1117 1843 sacta
1137 1812 1208 1850 ejus
1230 1817 1339 1842 essent
1358 1819 1508 1852 spectan-

811 1854 864 1891 da,
878 1864 948 1894 quae
966 1864 1031 1885 non
1046 1859 1154 1885 essent
1170 1854 1290 1889 oetatis,
1304 1853 1359 1884 sed
1373 1855 1509 1885 immor-

811 1897 963 1927 talitatis.
977 1907 1092 1927 ‘nomen
1105 1907 1123 1926 e
1136 1896 1294 1935 superiori
1307 1901 1431 1926 temere
1442 1896 1507 1927 hue

810 1944 955 1969 tractum
972 1945 1032 1969 est.
1058 1939 1122 1970 vid.
1146 1938 1232 1969 Phil.
1257 1938 1350 1975 xlv,
1380 1941 1429 1968 10.
1451 1940 1506 1970 ubi

812 1981 930 2011 similis
946 1982 1123 2012 sententia.

853 2023 873 2053 6
895 2034 934 2053 επ·
958 2025 1045 2054 omui
1073 2034 1136 2054 sec.
1166 2021 1338 2061 memoria]
1366 2021 1418 2052 Sic
1441 2022 1509 2053 edi-

812 2066 861 2096 dit
887 2076 904 2096 e
931 2066 1011 2096 Mss.
1036 2065 1200 2096 Ferrarius
1220 2075 1278 2105 pro
1301 2074 1341 2094 ez·
1362 2065 1509 2096 omnium

810 2118 870 2138 sec·
899 2109 1069 2144 memoria,
1102 2108 1190 2148 quod
1219 2106 1364 2138 defendit
1395 2112 1429 2137 et
1459 2117 1509 2137 re-

811 2151 939 2180 vocavit
961 2151 1117 2188 Faemus‚
1139 2156 1173 2180 et
1195 2159 1269 2180 cum
1293 2159 1331 2178 eo
1349 2149 1507 2180 Graevius.

812 2192 874 2223 Sed
899 2191 980 2222 illud
1002 2203 1079 2223 sane
1102 2198 1151 2223 est
1173 2192 1366 2231 elegantius.
1411 2191 1508 2222 Vide-

811 2240 867 2264 tur
879 2233 1042 2266 Faernum
1055 2235 1226 2265 offendisse
1237 2234 1417 2264 seculorum
1430 2235 1507 2264 sim-

813 2277 953 2317 pliciter.
997 2277 1060 2308 Sed
1085 2278 1130 2308 sic
1159 2277 1272 2307 Cicero
1296 2281 1330 2306 et
1352 2276 1442 2312 alibi,
1470 2282 1508 2306 ut

813 2319 851 2349 de
866 2319 959 2350 Orat.
985 2319 1015 2356 1,
1038 2322 1070 2350 4.
1092 2326 1176 2350 extr.
1196 2328 1235 2349 ez·
1250 2319 1336 2348 omni
1352 2319 1509 2349 memoria

813 2366 960 2399 aetatum,
985 2366 1128 2402 tempore
1153 2362 1335 2392 civitatum.
1379 2360 1412 2390 Si
1437 2361 1510 2400 quis

812 2410 926 2434 tamen
952 2404 1043 2435 illam
1066 2405 1258 2434 varietatem
1285 2403 1444 2434 librorum
1468 2413 1506 2432 eo

812 2446 938 2484 trahat,
958 2452 996 2477 ut
1021 2458 1040 2477 a
1063 2446 1219 2476 Cicerone
1241 2455 1309 2476 esse
1331 2450 1440 2485 putet,
1469 2455 1508 2475 ez·

813 2490 900 2518 omni
929 2490 1075 2519 omnium
1112 2491 1293 2519 seculorum
1336 2488 1507 2525 memoria,

814 2540 856 2561 11(
859 2541 881 2561 n
900 2532 997 2561 nimis
1014 2541 1205 2572 repugnem.

854 2577 872 2607 7
896 2578 928 2604 et
948 2584 983 2604 m
1006 2575 1073 2604 dies
1095 2585 1137 2604 m.
1162 2573 1223 2613 cru]
1249 2572 1364 2604 Delevi
1384 2575 1415 2600 et
1429 2581 1505 2602 cum

812 2614 939 2646 Faenio
968 2622 1001 2646 et
1029 2616 1113 2652 111115,
1136 2617 1212 2656 quia
1239 2615 1291 2645 hie
1316 2613 1434 2653 copula
1455 2618 1505 2643 est

811 2657 932 2696 aliena,
947 2668 1022 2688 cum
1046 2660 1080 2689 in
1099 2659 1215 2689 ceteris
1236 2657 1390 2687 membris
1413 2655 1507 2685 nulla

811 2700 865 2730 sit.
895 2711 971 2731 mox
998 2711 1073 2731 cum
1102 2701 1141 2730 iis
1128 2701 1215 2731 *dem
1250 2698 1355 2729 addidi
1383 2707 1403 2725 ιι
1430 2703 1507 2727 ante

813 2741 1015 2774 Brundisio.-
1037 2743 1122 2781 quod
1146 2742 1178 2772 id
1201 2742 1284 2772 solet
1306 2740 1402 2770 addi·
1396 2749 1430 2769 111
1447 2739 1508 2769 hac

814 2785 930 2816 forma.
976 2785 1028 2815 Sic
1042 2785 1083 2822 V,
1103 2785 1151 2815 16.
1166 2784 1339 2814 advolabat
1353 2792 1375 2812 a
1392 2781 1510 2813 Brun-

814 2827 906 2859 disto.
921 2827 985 2858 vid.
1003 2833 1036 2858 et
1050 2826 1129 2857 ibid.
1144 2827 1184 2858 ad
1199 2837 1226 2857 c.
1244 2829 1273 2858 8.
