1785 3185
446 105 793 147 PHILIPPICA
821 100 1111 145 SECUNDA.
1392 103 1497 150 127⁷·

61 211 172 255 mala
192 211 506 253 florentissimae
535 211 709 253 familiae
739 210 897 259 sedavi,
921 208 987 250 vel
1012 210 1155 265 potius
1183 208 1347 251 sustuli.
1380 206 1492 266 patri

61 269 264 325 persuasi,
298 279 345 309 ut
374 284 432 310 aes
465 268 650 309 alienum
684 268 760 308 filii
787 265 1061 308 dissolveret:
1094 266 1320 308 redimeret
1349 267 1493 308 adole-

61 336 264 377 scentem,
298 340 465 366 summa
493 339 568 382 spe
594 334 638 365 et
666 325 798 365 animi
820 333 864 364 et
886 323 1047 378 ingenii
1079 322 1324 378 praeditum,
1347 325 1404 364 rei
1428 324 1491 364 fa-¹

59 381 234 423 miliaris
257 382 557 424 facultatibus:
581 395 763 437 eumque
786 396 811 422 a
834 389 907 421 tua
928 394 1013 420 non
1037 379 1168 421 modo
1186 378 1491 431 familiaritate,

60 439 130 480 sed
153 439 283 480 etiam
305 439 622 495 congressione,
644 440 782 494 patrio
803 438 902 493 jure
923 446 967 478 et
989 444 1203 492 potestate
1226 436 1489 491 prohiberet.

60 494 172 537 Haec
197 505 257 547 tu,
280 510 378 537 cum
402 511 475 553 per
498 510 564 536 me
585 506 681 536 acta
703 495 988 536 meminisses:
1022 494 1102 534 nisi
1126 493 1222 543 illis,
1245 507 1352 547 quos
1373 493 1487 534 vide·
1501 512 1535 543 b.

58 567 166 604 mus,
184 553 336 609 gladiis
351 553 601 603 confideres,
618 552 856 593 maledictis
874 566 941 592 me
955 563 1189 607 provocare
1204 564 1330 590 ausus
1347 554 1486 591 esses?

59 609 142 650 Sed
159 610 252 664 jam
271 620 418 666 stupra
438 619 481 651 et
500 610 665 666 flagitia
686 611 905 650 omittam:
939 618 1037 648 sunt
1058 607 1272 662 quaedam,
1289 621 1385 662 quae
1408 607 1486 647 ho·
1505 614 1571 667 19

57 677 176 707 neste
199 682 285 708 non
301 681 471 723 possum
496 668 660 708 dicere:
686 676 730 707 tu
749 676 890 706 autem
913 679 962 706 eo
986 664 1173 715 liberior,
1189 664 1302 718 quod
1321 678 1371 704 ea
1387 663 1429 704 in
1446 675 1486 705 te
1500 680 1552 722 47
1588 670 1591 671 ’

61 723 287 775 admisisti,
309 740 405 779 quae
428 740 452 764 a
475 723 714 764 verecundo
737 723 913 763 inimico
936 721 1082 762 audire
1104 734 1190 761 non
1211 734 1371 775 posses.
1405 721 1490 763 Sed

58 780 266 836 reliquum
293 783 391 822 vitae
424 795 593 821 cursum
619 781 783 821 videte:
817 793 945 834 quem
973 779 1147 833 quidem
1177 777 1371 818 celeriter
1395 793 1492 834 per-

58 838 280 894 stringam,
340 838 392 878 ad
424 837 518 878 haec
548 837 679 887 enim,
712 852 809 892 quae
844 837 887 876 in
920 835 1036 877 civili
1069 834 1194 885 bello,
1217 835 1259 874 in
1290 836 1492 876 maximis

60 895 309 950 reipublicae
331 895 512 935 miseriis
532 894 650 944 fecit,
671 897 711 928 95
726 905 768 934 et
789 893 841 933 ad
865 908 928 943 ea,
950 907 1047 948 quae
1071 891 1264 948 quotidie
1286 891 1406 943 facit,
1428 892 1491 933 se-

58 951 190 992 stinat
231 953 412 993 animus.
459 966 556 1006 quae
602 960 717 1007 peto,
757 961 817 1000 ut,
851 964 1110 1005 quamquam
1148 948 1284 989 multo
1320 949 1494 993 notiora

62 1010 198 1059 vobis,
221 1023 349 1064 quam
373 1008 478 1049 mihi
511 1017 624 1058 sunt,
658 1018 817 1058 tamen,
840 1018 887 1047 ut
914 1006 1072 1058 facitis,
1102 1014 1266 1048 attente
1292 1007 1490 1048 audiatis.

58 1064 186 1106 debet
212 1066 325 1106 enim
358 1066 513 1106 talibus
547 1066 587 1106 in
616 1066 740 1106 rebus
770 1064 961 1105 excitare
990 1064 1156 1104 animos
1180 1078 1267 1104 non
1293 1063 1492 1119 cognitio

59 1122 194 1163 solum
238 1136 393 1173 rerum,
436 1125 506 1163 sed
549 1124 681 1163 etiam
730 1121 986 1163 recordatio.
1039 1121 1207 1161 tametsi
1250 1120 1494 1163 incidamus

62 1189 234 1235 oportet
252 1181 407 1230 media,
429 1194 483 1220 ne
504 1180 630 1220 nimis
651 1194 743 1220 sero
764 1178 818 1219 ad
839 1188 1034 1219 extrema
1056 1178 1290 1218 veniamus.

114 1235 298 1278 Intimus
321 1248 411 1277 erat
435 1237 475 1277 in
501 1238 720 1278 tribunatu
753 1235 924 1286 Clodio,
947 1235 1019 1290 qui
1043 1249 1118 1275 sua
1146 1249 1249 1290 erga
1273 1249 1341 1275 me
1362 1235 1491 1276 bene·
1503 1252 1553 1287 49

55 1292 156 1334 ficia
175 1305 508 1346 commemorat3
539 1295 631 1349 ejus
651 1293 843 1334 omnium
866 1292 1161 1333 incendiorum
1181 1293 1253 1332 fax
1274 1309 1282 1333 ε
1314 1293 1355 1326 96
1369 1292 1492 1348 cujus

56 1350 189 1393 etiam
210 1351 324 1392 domi
348 1351 550 1406 quiddam
568 1352 659 1407 jain
685 1361 775 1391 tum
795 1349 968 1390 molitus
991 1359 1069 1390 est.
1100 1349 1204 1404 quid
1226 1349 1383 1400 dicam,
1402 1351 1495 1406 ipse

57 1408 223 1463 optime
245 1407 461 1464 intelligit.
527 1413 563 1443 9ῖ
587 1408 675 1449 Iter
697 1408 795 1449 inde
816 1406 1124 1447 Alexandriam
1148 1416 1298 1447 contra
1324 1420 1495 1448 senatus

56 1465 374 1515 auctoritatem,
396 1474 547 1507 contra
577 1465 829 1521 religiones:
861 1466 902 1498 98
917 1464 988 1504 sed
1020 1463 1207 1504 habebat
1229 1463 1382 1505 ducem
1405 1464 1496 1506 Ga-

58 1521 242 1573 binium,
264 1522 439 1578 quicum
461 1522 632 1578 quidvis
656 1521 891 1563 rectissime
913 1521 1052 1561 facere
1071 1530 1229 1577 posset.
1290 1521 1379 1567 Qui
1403 1531 1495 1562 tum

55 1577 158 1620 inde
187 1579 363 1630 reditus,
397 1591 472 1620 aut
503 1579 670 1635 qualis?
703 1579 818 1635 prius
851 1578 949 1619 99in
984 1577 1179 1620 ultimam
1219 1578 1406 1619 Galliam
1438 1593 1494 1620 exi
1556 1630 1561 1634 .

54 1634 270 1693 AEgypto,
301 1650 429 1692 quam
462 1637 653 1678 domum.
714 1637 827 1683 Qua>
857 1645 1000 1676 autem
1035 1645 1126 1676 erat
1159 1635 1345 1677 domus?
1374 1651 1495 1677 suam

55 1693 170 1736 enim
203 1694 384 1749 quisque
413 1695 588 1735 domum
625 1704 715 1734 turn
748 1693 989 1742 obtinebat,
1019 1706 1158 1747 neque
1189 1703 1280 1733 erat
1312 1707 1498 1748 usquam*

54 1758 144 1790 tua.
174 1750 351 1791 domurn
384 1751 506 1793 dico?
537 1751 640 1806 quid
677 1760 768 1791 erat
799 1751 844 1791 in
877 1750 1014 1799 terris5
1044 1750 1115 1790 ubi
1151 1751 1195 1791 in
1230 1759 1304 1791 tuo
1339 1751 1492 1806 pedem

53 1820 250 1862 poneres,
271 1817 428 1864 praeter
459 1822 592 1848 unum
617 1807 853 1857 Misenum,
882 1809 939 1837 10⁰
953 1807 1068 1862 quod
1095 1819 1195 1848 cum
1217 1807 1361 1857 sociis,
1383 1817 1495 1847 tam-

54 1877 182 1919 quam
206 1864 473 1922 Sisaponem,
497 1866 699 1907 tenebas?
731 1863 899 1905 Venisti
927 1878 951 1904 e
981 1863 1124 1905 Gallia
1152 1865 1204 1905 ad
1227 1874 1489 1919 quaesturam
1502 1870 1576 1919 ΞΟ

53 1921 300 1976 petendam.
330 1923 438 1963 aude
458 1922 614 1973 dicere,
636 1932 678 1963 te
701 1921 818 1977 prius
840 1921 893 1962 ad
926 1931 1147 1977 parentem
1169 1931 1288 1962 tuam
1310 1921 1561 1978 venisse‚49z

55 1992 185 2032 quam
208 1979 260 2019 ad
281 1993 364 2020 me.
387 1993 634 2034 acceperam
657 1979 772 2020 enim
793 1979 889 2034 jam
911 1988 1010 2019 ante
1030 1977 1214 2019 Caesaris
1243 1978 1420 2030 litteras,
1442 1988 1493 2020 ut

52 2034 160 2083 mihi
183 2035 379 2076 satisfieri
413 2045 579 2092 paterer
597 2051 622 2077 a
644 2045 700 2077 teg
733 2035 879 2091 itaque
910 2049 964 2076 ne
996 2035 1114 2092 loqui
1135 2035 1310 2090 quidem
1332 2050 1426 2077 sum
1447 2045 1498 2077 te

51 2104 200 2147 passus
222 2093 275 2133 de
296 2094 449 2148 gratia.
511 2093 671 2135 Postea
701 2092 942 2135 custoditus
964 2107 1057 2134 sum
1079 2107 1104 2133 a
1126 2102 1182 2143 te,
1201 2103 1248 2133 tu
1270 2108 1295 2133 a
1315 2107 1383 2134 me
1411 2094 1492 2134 ob*-

55 2158 246 2191 servatus
288 2151 333 2191 in
363 2150 574 2206 petitione
602 2160 848 2206 quaesturae.
879 2164 965 2205 quo
1007 2149 1182 2206 quidem
1214 2159 1408 2207 tempore
1439 2150 1494 2195 P..

96 2263 138 2298 95
159 2268 191 2295 ee
204 2263 251 2295 ad
262 2263 316 2304 ea]
340 2265 458 2296 Addidi
473 2264 529 2302 ad,
543 2275 561 2295 e
575 2264 668 2296 libris
682 2274 751 2296 mes

52 2301 203 2343 fioribus,
221 2308 338 2346 quibus
357 2309 522 2338 consentit
536 2307 645 2338 Guelf.

95 2347 138 2381 96
158 2348 254 2390 eujus
273 2358 301 2380 e.
318 2351 524 2380 d.-—molitus
536 2349 597 2389 est]
615 2349 667 2380 De
682 2353 753 2381 stu-

54 2389 178 2430 pranda
192 2401 292 2421 uxore
311 2392 472 2432 intelligit
489 2392 681 2422 Manutius:
699 2393 752 2423 cui

54 2433 230 2463 tententiae
245 2433 326 2464 illud
347 2435 514 2471 convenit,
539 2434 624 2473 quud
647 2434 748 2465 dicit:

54 2474 135 2513 quid
146 2474 267 2512 dicam,
277 2477 473 2516 ipse-optime
484 2477 653 2515 intelligit.
675 2476 751 2508 Nisi

53 2523 131 2546 vero
146 2516 253 2556 ipsum
264 2518 415 2549 Clodium
432 2519 616 2549 interficere
629 2518 748 2556 voluit,

57 2554 110 2588 cui
122 2558 256 2589 verbum
273 2561 402 2591 molitus
417 2560 532 2591 melius
547 2561 751 2592 conveniret.

97 2602 138 2634 97
159 2600 232 2630 Iter
246 2602 321 2632 inde
333 2603 444 2643 Alex]
467 2603 520 2634 Sic
536 2603 616 2634 Mss.
629 2602 752 2643 plures,

53 2642 156 2674 etiam
170 2642 278 2673 Guelf.
290 2648 324 2674 et
337 2644 409 2675 edd.
426 2655 474 2685 pr.
496 2645 561 2675 Alii
576 2646 674 2676 itum.
689 2643 753 2676 Sed

54 2683 139 2716 illud
153 2684 280 2716 melius.
303 2686 447 2725 itemque
471 2697 546 2717 mox
568 2688 752 2726 religiones,

54 2732 123 2757 non
137 2726 340 2765 religionem,
355 2732 392 2758 ut
407 2728 530 2760 habent
544 2729 654 2769 vulgg.
670 2738 755 2769 prae-

57 2772 111 2801 ter
125 2767 231 2799 Graev.
247 2769 333 2800 Illud
349 2770 449 2800 etiam
463 2771 534 2802 edd.
551 2781 600 2811 pr.
617 2771 752 2802 habent.

98 2813 138 2844 98
160 2811 215 2840 sed
242 2811 378 2842 habebat
404 2813 518 2844 ducem
553 2813 746 2852 Gabinium]

53 2849 84 2883 Τ
87 2861 143 2882 um
168 2851 399 2883 proconsulem
425 2854 537 2894 Syriae,
563 2856 618 2894 qui
642 2855 750 2885 Ptole-

0 2934 1 2937 Ἴ
56 2901 175 2924 maeum
191 2894 225 2924 in
240 2895 420 2935 AEgyptum
440 2901 557 2929 contra
576 2897 749 2937 religiones

112 2948 220 2977 VOL·
245 2950 299 2979 11.
325 2951 365 2979 P.
391 2952 445 2980 11.

793 2268 829 2295 et
841 2268 974 2296 senatus
989 2265 1224 2297 auctoritatem
1238 2265 1273 2295 in
1288 2272 1429 2305 regnum
1444 2275 1494 2297 re-

793 2307 916 2346 stituit.
942 2306 982 2337 In
997 2308 1065 2346 ejus
1079 2308 1225 2338 exercitu
1239 2307 1302 2338 fuit
1315 2308 1493 2339 Antonium

836 2353 877 2385 99
898 2350 934 2379 in
953 2351 1109 2382 ultimam
1129 2349 1294 2389 Galliam]
1320 2350 1371 2380 Ad
1385 2351 1493 2381 Caesas

793 2401 878 2422 rem.
892 2392 1049 2423 ultimam
1064 2391 1145 2422 dicit
1163 2392 1429 2429 remotissimam,
1446 2401 1492 2423 sc.

793 2434 834 2464 ab
849 2434 1006 2473 AEgypto‚
1028 2438 1068 2464 ut
1089 2433 1179 2465 alibi.
1225 2435 1307 2465 Mox
1327 2439 1400 2465 erat
1424 2444 1493 2465 non

793 2475 858 2506 fuit
872 2476 907 2506 in
922 2477 988 2507 Ms.
1004 2476 1081 2508 vat.
1091 2474 1274 2516 delevitque
1287 2476 1389 2507 etiam
1400 2477 1492 2508 Grae·

794 2518 875 2549 vius.
892 2518 972 2549 mihi
987 2518 1099 2550 durius
1119 2518 1259 2550 videtur.-

841 2563 900 2591 100
924 2561 1009 2600 quod
1032 2570 1106 2592 eum
1126 2561 1230 2598 sociis,
1251 2565 1412 2600 tanquam
1439 2559 1493 2591 Si·-

794 2602 882 2642 ιαμ]
915 2603 1145 2644 Sisaponensia
1168 2602 1304 2633 metalla
1325 2603 1380 2641 qui
1401 2612 1496 2632 εκεῖ-

795 2645 926 2681 cebant,
956 2645 1035 2676 socii
1071 2644 1164 2682 dicti,
1191 2644 1368 2686 publicani.
1427 2643 1492 2674 Hie

796 2688 872 2717 socii
886 2686 1108 2726 intelligendis
1118 2692 1158 2717 ut
1173 2687 1302 2726 opinor,
1316 2685 1491 2717 creditores

796 2730 954 2760 Antonii:
978 2735 1018 2760 ut
1038 2728 1258 2768 intelligatur,
1283 2737 1323 2757 ne
1341 2727 1401 2757 hoc
1421 2728 1494 2766 qui·
1522 2735 1524 2737 ·

796 2771 870 2802 dem
887 2770 1045 2811 praedium
1059 2771 1166 2811 ipsum
1178 2770 1317 2800 liberum
1328 2769 1491 2807 habuisse,

794 2819 828 2843 et
843 2818 953 2843 totum
968 2822 1042 2843 vere
1068 2812 1257 2852 possedisse.
1276 2820 1354 2841 nam
1378 2812 1419 2842 ad
1439 2820 1492 2842 εο-

793 2855 859 2884 ‹zios
875 2855 1048 2886 libidinum
1062 2854 1195 2891 referre,
1211 2858 1385 2885 context-us
1404 2852 1494 2885 haud

793 2897 885 2936 sinit,
901 2902 938 2928 ut
954 2902 1048 2937 puto.

722 2945 802 2981 40
