1812 3147
243 99 318 137 794
846 95 1096 135 ORATIO

242 213 311 238 sus
339 207 426 239 est:
460 198 668 254 improbis
699 197 1001 256 largitionibus
1033 200 1214 243 restitit:
1248 209 1418 243 senatus
1450 204 1681 246 auctorita-

240 264 326 296 tem
365 270 599 311 numquam
637 256 889 311 impedivit3
923 258 983 298 ita
1015 273 1060 298 se
1091 259 1224 314 gessit
1262 259 1305 299 in
1345 259 1582 311 tribunatu,
1618 270 1682 313 ut,

238 327 366 354 onere
397 313 594 368 deposito
616 314 839 355 domestici
864 314 1013 365 officii,
1046 315 1151 356 nihil
1185 325 1333 371 postea
1354 316 1434 355 nisi
1457 316 1511 356 de
1540 317 1683 373 reipu-

177 375 227 409 66
240 369 362 411 blica*
394 371 631 411 commodis
655 370 872 426 cogitarit.
932 371 1076 426 Atque
1110 372 1152 412 in
1186 373 1278 428 ipsa
1304 372 1544 428 rogatione,
1575 377 1614 405 3⁴
1629 387 1683 415 ne

239 441 313 481 per
337 428 422 467 vim
445 427 546 481 quid
573 438 785 481 ageretur,
808 427 903 481 quis
925 437 1016 468 tum
1048 429 1244 470 nostriim
1277 429 1454 479 Sullam,
1485 439 1560 471 aut
1582 429 1682 471 Cae-

235 483 381 524 cilium
406 485 656 524 verebatur?
688 498 830 524 nonne
852 486 991 525 omnis
1021 485 1089 526 ille
1111 494 1259 536 terror,
1282 486 1421 526 omnis
1453 487 1675 529 seditionis

236 541 365 581 timor
386 550 515 595 atque
536 541 700 595 opinio,
719 556 772 581 cx
794 540 994 582 Autronii
1014 542 1291 597 improbitate
1314 543 1555 597 pendebat?
1584 544 1681 600 ejus

237 612 377 648 voces,
409 598 501 653 ejus
532 598 660 638 minae
693 597 964 640 ferebantur:
997 599 1089 652 ejus
1122 599 1364 654 adspectus,
1387 602 1676 652 concursatio,

237 655 429 710 stipatio,
452 668 603 710 greges
626 654 848 695 hominum
875 656 1154 710 perditorum,
1176 659 1215 687 85
1230 665 1390 697 metum
1414 656 1540 698 nobis
1566 658 1677 699 sedi-

238 711 460 767 tionesque
482 711 732 752 afferebant.
795 710 947 766 Itaque
974 713 1023 752 P.
1048 712 1178 763 Sulla,
1198 713 1282 754 hoc
1303 713 1676 769 importunissimo

237 777 327 809 tum
360 769 549 819 honoris,
573 777 664 809 tum
695 767 824 808 etiam
848 768 1103 810 calamitatis
1135 771 1253 811 socio
1276 779 1405 825 atque
1434 772 1609 820 comite,
1633 781 1676 812 et

236 826 442 866 secundas
473 825 665 866 fortunas
697 825 893 865 amittere
914 837 1089 867 coactus
1113 837 1192 876 est,
1213 836 1258 868 et
1290 827 1332 868 in
1365 827 1554 869 adversis
1584 828 1676 870 sine

237 881 321 923 ullo
344 882 530 923 remedio
553 892 682 937 atque
702 881 984 923 allevamento
1008 897 1269 939 permanere.

153 943 222 989 ⁴24
295 939 381 980 Hic
412 950 458 981 tu
489 939 716 995 epistolam
743 953 884 979 meam
914 955 1029 995 saepe
1059 940 1226 991 recitas,
1248 955 1377 996 quam
1408 956 1490 998 ego
1512 941 1565 984 ad
1589 943 1673 984 Cn.

172 1013 221 1051 67
238 995 492 1053 Pompeium
523 996 576 1037 de
607 997 711 1037 meis
742 997 867 1037 rebus
901 997 1047 1052 gestis,
1070 1005 1113 1037 et
1141 997 1194 1038 de
1224 1012 1390 1038 summa
1422 999 1670 1055 reipublicae

234 1054 354 1095 misi:
387 1064 430 1094 et
451 1068 504 1094 ex
528 1068 577 1094 ea
597 1055 758 1095 crimen
788 1053 960 1108 aliquod
994 1054 1036 1094 in
1070 1054 1122 1094 P.
1145 1054 1306 1096 Sullam
1334 1057 1516 1110 quaeris:
1548 1065 1605 1108 et,
1637 1058 1672 1098 si

233 1110 420 1152 furorem
452 1110 745 1152 incredibilem
778 1111 954 1152 biennio
982 1120 1081 1152 ante
1111 1121 1385 1168 conceptum,
1406 1113 1597 1170 erupisse
1627 1114 1672 1156 in

232 1181 327 1208 mco
358 1168 581 1209 consulatu
613 1167 778 1224 scripsi,
810 1182 878 1208 me
910 1167 993 1209 hoc
1022 1169 1334 1210 demonstrasse
1364 1169 1486 1220 dicis,
1510 1170 1672 1212 Sullam

234 1225 274 1265 in
308 1225 377 1265 illa
404 1225 534 1266 fuisse
564 1225 781 1281 superiore
811 1224 1125 1280 conjuratione.
1186 1226 1362 1268 Scilicet
1391 1226 1426 1267 is
1457 1242 1565 1279 sum,
1594 1228 1669 1284 qui

96 1306 131 1334 p.
152 1283 489 1333 inaexistimem,
514 1282 595 1323 Cn.
622 1282 838 1333 Pisonem,
869 1292 912 1322 et
934 1281 1183 1334 Catilinam,
1210 1292 1252 1324 et
1276 1284 1604 1340 Vargunteium,
1626 1294 1669 1327 et

186 1349 216 1368 a.
232 1338 489 1380 Autronium
514 1339 619 1380 nihil
642 1339 858 1391 scelerate,
880 1339 989 1380 nihil
1010 1340 1212 1381 audacter
1230 1341 1344 1396 ipsos
1368 1355 1442 1396 per
1464 1355 1554 1383 sese
1575 1342 1669 1384 sine

167 1396 280 1440 (531'.
307 1396 421 1436 Sulla
445 1396 584 1438 facere
616 1397 819 1452 potuisse.
881 1396 949 1438 De
980 1412 1065 1453 quo
1088 1398 1218 1438 etiam
1250 1398 1283 1438 si
1312 1399 1406 1453 quis
1429 1399 1669 1441 dubitasset

228 1463 366 1504 antea,
399 1468 515 1504 num,
547 1454 587 1494 id
613 1454 727 1509 quod
760 1465 804 1495 tu
836 1454 996 1510 arguis,
1018 1455 1266 1511 cogitasset,
1297 1455 1525 1497 interfecto
1548 1466 1669 1513 patre

228 1522 316 1559 tuo,
339 1510 527 1561 consule,
549 1511 803 1553 descendere
828 1510 1032 1552 Kalendis
1053 1512 1270 1554 januariis
1292 1527 1390 1553 cum
1414 1513 1666 1556 lictoribus?

223 1568 431 1608 sustulisti
466 1568 575 1609 lianc
608 1568 912 1624 suspicionem,
943 1583 1041 1610 cum
1075 1569 1242 1620 dixisti,
1275 1569 1404 1621 hunc,
1437 1579 1485 1611 ut
1512 1570 1665 1612 Catili·

221 1639 316 1664 nam
342 1625 559 1666 consulem
582 1625 784 1676 efficeret,
808 1635 959 1667 contra
992 1635 1154 1682 patrem
1187 1636 1308 1667 tuum
1332 1641 1483 1683 operas
1505 1638 1548 1669 et
1576 1643 1666 1669 ma-

219 1696 320 1722 num
346 1697 630 1738 comparasse.
693 1683 823 1728 Quod
846 1683 879 1723 si
904 1683 983 1724 tibi
1006 1697 1088 1739 ego
1111 1683 1335 1735 confiteor,
1359 1695 1403 1725 tu
1430 1685 1535 1725 mihi
1560 1700 1664 1726 con-

219 1740 343 1779 cedas
377 1754 547 1780 necesse
580 1749 658 1790 est,
691 1739 819 1790 hunc,
851 1754 950 1781 cum
975 1739 1175 1781 Catilinae
1206 1740 1526 1797 suffragaretur,
1557 1742 1664 1783 nihil

218 1797 271 1836 de
303 1811 378 1837 suo
401 1796 640 1848 consulatu,
663 1811 788 1851 quem
816 1796 988 1852 judicio
1015 1797 1228 1848 amiserat,
1262 1812 1335 1854 per
1368 1799 1453 1839 vim
1485 1814 1662 1856 recupe-

220 1854 351 1894 rando
373 1854 646 1910 cogitavisse.
669 1868 806 1909 neque
824 1854 940 1896 enim
963 1855 1142 1896 istorum
1165 1855 1404 1896 facinorum
1426 1866 1660 1909 tantorum,

219 1920 304 1950 tam
328 1912 538 1952 atrocium
560 1911 939 1967 crimen,judices,
965 1911 1015 1952 P.
1039 1912 1168 1953 Sullae
1192 1926 1373 1968 persona
1395 1913 1590 1969 suscipit.

156 1986 204 2019 (59
274 1967 373 2009 Jam
412 1969 526 2009 enim
567 1968 739 2020 faciam,
775 1969 1028 2010 criminibus
1061 1969 1262 2010 omnibus
1300 1968 1388 2010 fere
1426 1970 1661 2023 dissolutis,

217 2034 368 2065 contra
396 2036 525 2080 atque
558 2026 600 2066 in
631 2025 782 2067 ceteris
814 2026 952 2067 causis
984 2026 1075 2066 fieri
1110 2026 1230 2076 solet,
1253 2035 1302 2066 ut
1331 2041 1444 2068 nunc
1474 2027 1660 2082 denique

216 2081 268 2121 de
292 2082 380 2122 vita
402 2082 586 2123 hominis
618 2098 667 2123 ac
697 2083 749 2123 de
780 2083 971 2124 moribus
993 2083 1149 2124 dicam.
1212 2082 1384 2124 Etenim
1414 2084 1466 2124 de
1497 2084 1658 2140 princi-

216 2139 287 2193 pio
312 2139 477 2180 studuit
504 2141 669 2181 animus
692 2155 915 2181 occurrere
946 2140 1235 2195 magnitudini
1258 2140 1464 2190 criminis,
1488 2141 1657 2182 satisfa-

213 2211 308 2236 cere
331 2197 644 2252 exspectationi
669 2197 917 2239 hominum:
949 2199 1002 2238 de
1025 2212 1092 2237 me
1113 2198 1273 2252 aliquid
1297 2197 1405 2253 ipso,
1428 2198 1500 2252 qui
1530 2213 1656 2239 accu-

213 2263 329 2293 satus
360 2268 490 2305 eram,
523 2254 678 2295 dicere.
710 2269 824 2296 nunc
851 2255 945 2310 jam
978 2254 1205 2295 revocandi
1237 2255 1338 2294 estis
1369 2269 1435 2305 eo,
1467 2270 1552 2310 quo
1581 2271 1655 2296 vos

216 2311 306 2364 ipsa
327 2325 468 2361 causa,
490 2311 619 2352 etiam
643 2321 811 2352 tacente
834 2326 915 2362 me,
938 2311 1058 2367 cogit
1088 2311 1254 2352 animos
1280 2321 1528 2366 mentesque
1550 2328 1654 2353 con-

133 2374 200 2423 525
217 2378 391 2408 vertere.
453 2367 666 2409 Omnibus
699 2368 741 2408 in
773 2369 913 2419 rebus,
939 2368 1124 2422 judices,
1147 2383 1244 2423 quae
1276 2369 1492 2424 graviores
1516 2370 1652 2424 majo-

214 2438 362 2479 resque
385 2433 496 2476 sunt,
518 2425 621 2481 quid
644 2425 824 2481 quisquc
848 2425 1044 2476 voluerit,
1066 2425 1283 2481 cogitarit,
1308 2425 1542 2478 admiserit,
1566 2441 1649 2467 non

255 2583 292 2611 ὅ),
319 2590 357 2610 ne
376 2590 408 2619 p.
424 2591 453 2610 1¹.
478 2591 505 2619 q.
529 2585 698 2616 (ureretur,
714 2582 785 2620 quis
801 2586 912 2610 tamen
954 2585 1003 2610 ret
1019 2580 1067 2610 vv!
1093 2585 1249 2619 agerent.-
1271 2581 1355 2620 quod
1376 2584 1426 2611 est
1448 2581 1652 2620 exquisitius,

214 2627 360 2652 nostrum
384 2622 420 2651 8.
440 2624 510 2661 δίη]
539 2623 664 2652 'samm
684 2629 731 2652 est
755 2623 910 2652 alienum.
954 2633 1012 2662 pro
1033 2633 1072 2652 ue
1096 2624 1195 2653 sulla
1209 2627 1239 2653 et
1259 2623 1292 2654 C.
1311 2632 1374 2663 per
1388 2624 1454 2653 vim
1476 2625 1556 2662 quid
1575 2634 1653 2662 age-

211 2664 391 2694 Lambinus
419 2666 600 2703 corrigebat
629 2665 773 2694 taudem.
819 2666 908 2694 Groe-
954 2670 1037 2695 rent.

209 2708 277 2735 vius
301 2711 371 2736 tum
398 2718 414 2735 e
447 2709 521 2736 les.
546 2707 611 2736 suis
638 2707 718 2736 bene
747 2707 901 2746 reposuit.
992 2710 1030 2737 85
1055 2711 1177 2738 melum
1206 2708 1293 2738 nobis
1321 2706 1561 2746 seditionesque]
1589 2707 1659 2738 Per,

206 2748 258 2777 Si:-
283 2756 314 2777 et
340 2749 388 2778 ed.
416 2749 467 2778 W.
513 2748 575 2779 Sed
601 2754 673 2778 tota
698 2750 900 2778 constructio
949 2747 1035 2778 ἓνδιὰ
1050 2747 1131 2785 δυοῖν,
1148 2755 1274 2780 metum
1297 2750 1508 2786 seditionum,
1525 2749 1648 2781 intelli—

206 2791 321 2819 titiosa
333 2798 381 2820 est
394 2803 399 2820 :
424 2801 464 2820 ne
478 2791 556 2830 quid
566 2790 900 2830 ageretur—Sullam
944 2792 993 2831 git
1008 2792 1165 2823 Graevius.

204 2837 240 2869 er,
256 2833 287 2861 (¹.
305 2833 487 2864 aer-ebatur.
511 2833 562 2864 An
577 2833 804 2872 corrigendum
820 2842 898 2870 (1,ςέ-
