1812 3147
398 95 504 134 PRO
530 95 689 134 DOMO
716 96 815 134 SUA
841 95 916 133 AD
943 96 1148 134 PONTIF.
1418 99 1494 135 863

50 197 312 249 nonsultum,
336 207 426 240 tum
448 208 511 240 est
534 199 728 254 rogatio:
761 200 794 240 si
818 214 904 240 non
926 199 1086 250 retulit,
1108 198 1225 240 nulla
1245 208 1322 240 est.
1357 200 1489 241 Satis-

0 226 31 294 l
30 267 106 297 ne
143 256 222 296 tibi
263 256 430 297 videtur
467 271 492 297 a
526 267 673 297 senatu
708 256 970 311 judicatum,
1007 270 1077 296 me
1111 270 1197 296 non
1236 256 1365 297 modo
1404 264 1533 297 nonb

0 339 1 361 ;
18 314 303 355 ‚ementitum
327 327 418 354 esse
445 314 640 354 auctorit·
634 324 746 354 atem
769 328 861 368 eJus
893 312 1069 363 ordinis,
1101 312 1172 352 sed
1196 313 1326 353 etiam
1357 328 1490 354 unum

26 378 151 424 post
173 370 320 411 urbem
343 371 562 412 conditam
584 371 914 426 diligentissime
936 369 1100 411 senatui
1120 369 1337 424 paruisse?
1370 370 1494 415 Quot

14 423 199 467 modis
221 426 372 477 docco,
403 427 540 483 ltgen]
577 427 717 478 istam,
749 442 878 482 quam
912 442 1054 478 uicem,
1087 440 1172 466 non
1207 441 1298 467 esse
1328 425 1494 482 legem?

48 481 183 533 Quid,
214 483 246 524 si
279 484 410 525 etiam
441 485 632 540 pluribus
668 485 721 525 dc
755 485 879 524 rclus
911 487 953 518 92
971 499 1053 524 uno
1089 482 1244 524 sortitu
1279 484 1490 524 retulisti?

5 555 27 562 ²
48 548 246 581 tamenne
268 541 402 582 arbitr
404 543 501 593 aris,
524 542 582 592 id,
605 541 719 596 quod
744 541 811 582 M.
837 541 1035 582 Drusus
1026 556 1068 582 ιιι
1092 540 1259 595 levibus
1292 540 1377 580 suis
1401 540 1491 603 ple-

36 595 204 652 risque,
227 598 365 640 bonus
396 599 464 640 ille
488 600 564 649 vir,
589 598 655 639 M.
680 598 880 650 Scaurus,
902 607 946 639 et
979 597 1026 639 L.
1053 597 1231 638 Crassus
1253 596 1489 638 consularis

28 666 133 697 ..non
165 655 447 706 obtinuerint,
470 657 511 697 id
545 669 586 696 tc
619 670 757 711 posse,
780 656 1024 697 93omnium
1054 654 1295 696 facinorum
1326 664 1370 695 et
1401 663 1490 694 stu-

27 723 219 810 {brorum
243 713 452 764 omnium,
476 713 682 754 Decumis
704 723 745 753 et
770 712 950 763 Clodiis,
980 712 1244 763 auctoribus,
1265 712 1489 753 obtinere?

30 792 33 798 ν
87 768 201 810 ulisti
235 769 287 811 de
319 784 402 821 mc,
431 785 484 811 ne
517 771 740 827 reciperer,
768 785 854 810 non
876 780 925 810 ut
946 770 1133 811 exir2em
1167 784 1295 824 quein
1320 779 1364 809 tu
1397 769 1545 824 ipse5l

43 838 133 867 non
165 836 335 882 poteras
355 827 497 869 dicere
526 842 612 868 non
639 828 766 869 licere
787 841 878 868 esse
911 826 1082 868 Rornae.
1145 826 1262 890 Quid
1285 826 1399 866 enim
1423 825 1487 866 di·
1500 833 1571 879 20

43 886 190 925 ceres?
219 884 497 927 damnatum?
528 894 643 927 certe
679 899 781 926 non.
820 884 1078 941 expulsum?
1113 885 1187 939 qui
1226 883 1375 926 licuit?
1415 883 1488 924 sed

49 947 193 982 tamen
224 955 278 982 ne
308 942 351 983 id
381 943 554 998 quidem
587 952 653 983 est
685 941 909 998 scriptum,
939 953 988 982 ut
1021 941 1213 984 exirem?
1247 956 1380 997 poena
1411 950 1489 990 est,

45 997 122 1053 qui
151 999 386 1055 receperit:
417 1015 547 1055 quam
578 1013 727 1041 omnes
756 999 1053 1054 neglexerunt.
1090 998 1247 1053 ejectio
1278 1013 1491 1053 nusquam

49 1064 128 1096 est.
188 1056 349 1097 Verum
391 1057 461 1098 sit.
508 1057 640 1112 quid?
689 1061 917 1113 94operu1n
969 1056 1241 1112 publicmum
1285 1055 1488 1096 exactio:

46 1112 180 1167 quid?
212 1114 397 1155 nominis
434 1114 673 1170 inscriptio,
706 1115 802 1155 tibi
815 1127 919 1154 num
952 1113 1067 1154 aliud
1106 1113 1275 1154 videtur
1304 1127 1409 1163 esse,
1440 1127 1489 1152 ac

47 1183 239 1212 meorum
273 1172 483 1213 bonorum
517 1172 728 1227 direptio:
761 1183 1062 1227 praeterquam,
1085 1171 1201 1226 quod
1236 1186 1288 1212 ne
1322 1170 1365 1211 id
1395 1169 1490 1224 qui-

47 1227 143 1268 dem
167 1243 242 1284 per
262 1228 401 1284 legem
427 1229 653 1281 Liciniam,
675 1238 722 1269 ut
750 1230 841 1285 ipse
864 1229 943 1269 tibi
967 1229 1233 1269 curationem
1258 1228 1404 1277 ferres,
1428 1226 1490 1267 fa-

45 1299 142 1326 cere
164 1286 372 1341 potuisti?
405 1287 522 1333 Quid
548 1287 661 1327 hoc
653 1301 809 1342 lpsum,
832 1285 947 1341 quod
970 1301 1085 1327 nunc
1116 1285 1228 1341 apud
1262 1284 1491 1341 pontifices

45 1342 155 1406 agis,
177 1352 218 1384 te
239 1357 378 1384 meam
400 1344 577 1385 domum
598 1358 883 1394 consecrasse,
907 1354 948 1383 te
970 1351 1299 1384 monumentum
1323 1342 1490 1392 fecisse,

44 1398 93 1440 in
115 1400 221 1441 meis
243 1400 409 1442 aedibus
432 1410 473 1442 te
494 1401 666 1457 signum
688 1401 920 1450 dedicasse,
942 1415 1076 1456 eaque
1099 1409 1141 1441 te
1172 1414 1226 1441 ex
1258 1414 1344 1440 una
1365 1413 1491 1454 roga-

49 1456 241 1498 tiuncula
261 1457 438 1499 fecisse:
470 1473 601 1499 unum
624 1467 668 1498 et
690 1458 803 1498 idem
825 1459 994 1498 xidetur
1015 1472 1122 1508 esse,
1145 1469 1273 1513 atque
1296 1457 1354 1507 id,
1373 1455 1487 1511 quod

46 1513 101 1554 de
120 1529 186 1555 me
209 1515 302 1570 ipso
325 1515 579 1556 nominatim
598 1515 762 1557 tulisti?
784 1514 890 1555 Tam
910 1515 1082 1556 hercule
1104 1524 1168 1554 est
1192 1529 1338 1565 unum,
1358 1527 1486 1568 quam
1502 1522 1550 1556 52

47 1571 163 1625 quod
188 1572 299 1612 idem
323 1584 367 1612 tu
391 1572 484 1628 lege
509 1588 591 1637 una
613 1572 772 1614 tulisti:
808 1585 854 1613 ut
878 1572 1066 1628 Cyprius
1092 1586 1183 1622 rex,
1205 1571 1328 1627 cujus
1351 1585 1490 1626 maJo-

47 1642 112 1669 res
138 1628 238 1670 huic
260 1607 457 1685 ροριιιοζῇ
445 1630 550 1671 socii
572 1640 701 1685 atque
722 1630 849 1671 amici
881 1644 1050 1685 semper
1071 1629 1259 1680 fuerunt,
1282 1643 1381 1669 cuin
1414 1629 1491 1669 bo-

47 1685 113 1726 nis
143 1686 344 1727 omnibus
377 1687 457 1728 sub
493 1701 693 1744 praecone
726 1687 1025 1751 subjiceretur,
1049 1696 1094 1727 et
1123 1686 1292 1727 exsules
1322 1686 1492 1741 Byzan-

48 1742 155 1784 tium
176 1743 492 1785 reduceiQentur
553 1744 721 1794 Eidem,
744 1745 899 1808 inquit,
924 1755 1103 1799 utraque
1124 1744 1177 1785 de
1199 1758 1243 1784 re
1264 1743 1490 1799 negotium

46 1799 159 1841 dedi.
182 1801 253 1842 sed
276 1801 395 1856 quid,
420 1802 453 1842 si
475 1801 614 1843 eidem
637 1803 860 1857 negotium
882 1801 1084 1853 dedisses,
1103 1810 1152 1842 ut
1175 1801 1217 1842 in
1236 1800 1342 1841 Asia
1361 1800 1492 1841 cisto-

46 1857 228 1913 phorum
253 1858 281 1898 fl
285 1859 483 1914 agitaret,
506 1859 604 1900 inde
635 1859 716 1900 iret
745 1860 787 1900 in
813 1858 1100 1915 Hispaniam:
1133 1873 1232 1899 cum
1254 1858 1397 1898 Roma
1419 1857 1493 1897 de-

47 1914 258 1966 cessisset,
284 1915 552 1957 consulatum
592 1916 630 1957 ei
671 1927 816 1972 petere
849 1917 1020 1958 liceret:
1054 1930 1154 1957 cum
1191 1916 1332 1956 factus
1365 1924 1491 1964 esset,

47 1972 315 2027 provinciam
357 1974 525 2029 Syriam
559 1974 804 2016 obtineret?
848 1974 1054 2028 quoniam
1092 1973 1146 2014 dc
1187 1988 1273 2013 uno
1314 1971 1490 2012 homine

27 2029 267 2080 scriberes,
290 2045 373 2071 una
395 2045 459 2071 res
480 2033 618 2072 esset?
654 2030 821 2077 Quodsi
845 2046 939 2086 Jam
974 2030 1156 2086 populus
1190 2030 1413 2070 Romanus
1437 2029 1489 2069 de
1502 2041 1550 2074 53

47 2085 130 2128 ista
151 2100 194 2126 re
215 2088 436 2128 consultus
458 2099 582 2139 esset,
604 2098 647 2129 et
668 2103 755 2129 non
778 2089 924 2129 omnia
946 2103 1021 2144 pei
1043 2102 1186 2128 servos
1217 2087 1532 2141 latronesquep
1551 2092 1622 2120 ‘⁴94-

49 2142 263 2198 gessisses,
297 2159 439 2185 nonne
471 2146 561 2185 fieri
602 2155 785 2201 poterat,
825 2155 872 2185 ut
905 2145 1066 2201 populo
1101 2136 1154 2185 de
1189 2144 1355 2200 Cyprio
1388 2143 1519 2198 regea

47 2200 248 2256 placeret,
287 2202 339 2242 de
372 2202 591 2243 exsulibus
626 2203 881 2258 Byzantinis
911 2202 1184 2258 displiceret?
1215 2202 1379 2248 95Quae
1409 2211 1489 2250 est,

25 2263 208 2312 'quaeso,
230 2258 313 2299 alia
333 2259 411 2310 vis,
433 2275 529 2315 quae
563 2260 776 2301 sententia
798 2259 989 2301 Caeciliae
1021 2259 1128 2315 legis
1150 2268 1194 2299 et
1222 2258 1384 2308 Ditliae,
1407 2258 1490 2298 nisi

47 2312 158 2366 haec,
191 2329 245 2356 ne
282 2292 443 2373 populo
476 2331 648 2358 neccsse
691 2318 744 2358 sit
778 2317 820 2358 ιιι
855 2316 1100 2373 conjunctis
1133 2317 1260 2357 rebus
1296 2315 1492 2372 complu-

90 2457 131 2488 92
152 2464 216 2485 uno
229 2457 345 2487 sortitu
360 2457 515 2497 retulisti]
547 2457 617 2488 Una
631 2458 747 2488 sortitu
793 2457 907 2494 Drusi,
923 2457 1048 2495 Scauri,
1064 2456 1183 2488 Crassi.

49 2495 126 2535 quid
140 2497 195 2534 sit,
210 2508 240 2528 v.
257 2499 292 2528 in
309 2499 407 2530 Clave
423 2501 456 2530 in
473 2500 506 2530 h.
520 2511 551 2531 v.
594 2500 646 2530 De
661 2503 749 2529 retu·
835 2503 877 2534 94
905 2509 1037 2539 operum
1065 2500 1189 2539 public„
1216 2496 1355 2536 eraclio]
1393 2495 1498 2527 Intel-

50 2539 160 2569 listiv.
175 2539 294 2571 ibidem
310 2543 344 2571 in
358 2540 494 2581 reterre.
793 2541 925 2581 ligenda
953 2546 1002 2572 est
1032 2541 1207 2571 aedificatio
1232 2541 1268 2571 in
1297 2545 1411 2570 monte
1438 2539 1498 2568 Pa-

90 2583 130 2615 93
154 2591 297 2613 ommam
310 2583 507 2623 facinorum
536 2583 610 2623 &<,.]
642 2584 749 2615 Hoto
792 2584 911 2620 latino,
943 2585 978 2614 in
1009 2593 1085 2614 area
1114 2583 1233 2613 domus
1258 2582 1497 2616 Ciceronianae,

50 2631 190 2653 mannus
205 2626 324 2655 excidis
325 2636 358 2655 se
381 2631 505 2666 putat³
492 2626 676 2656 substantiv
679 2637 748 2663 um,
793 2636 869 2656 cum
884 2626 1110 2665 inscriptione.
1155 2625 1194 2655 In
1212 2624 1383 2655 exactione
1400 2629 1432 2653 et
1449 2623 1499 2652 lo-

45 2665 242 2704 principem,
259 2673 318 2698 aut
337 2669 455 2699 simile.
468 2669 561 2698 bene.
578 2678 645 2698 uon
661 2670 751 2699 enim
794 2669 880 2698 catio
907 2667 1134 2707 intelligenda.
1179 2667 1327 2697 Graexius
1355 2664 1500 2695 malebat

52 2706 196 2745 pendent
215 2707 249 2738 hi
277 2710 412 2748 genitivi
438 2710 478 2740 ab
495 2711 692 2747 auctoribus,
716 2712 751 2740 in
793 2710 1050 2740 e.1·*1111etio.·sed
1072 2719 1139 2739 non
1161 2715 1212 2740 est
1233 2709 1305 2739 haec
1326 2708 1433 2737 forma
1451 2706 1500 2736 lo-

51 2748 167 2786 quibus
194 2742 447 2791 intelligendum
477 2754 568 2790 Iegw,
593 2759 627 2783 et
654 2753 752 2783 debet
795 2752 936 2791 quendi'
929 2762 963 2782 ιιι
981 2752 1042 2783 hac
1056 2762 1103 2788 re,
1119 2757 1153 2781 et
1168 2752 1206 2781 de
1221 2751 1400 2781 curatione.

52 2787 107 2819 hic
142 2790 266 2830 aliquid
291 2784 416 2824 (lictum
448 2803 516 2824 esse
553 2794 593 2825 de
622 2794 751 2830 Clodio,
837 2797 877 2828 95
901 2794 985 2836 Ouoe
1006 2798 1053 2824 est
1074 2794 1167 2833 quasi
1190 2793 1259 2823 alia
1279 2791 1340 2831 tis]
1367 2791 1501 2824 Cor-rexi

54 2831 140 2870 quod
166 2843 185 2865 e
218 2837 384 2867 contrario
411 2836 606 2877 respondeat
638 2836 753 2876 elogiis
796 2845 917 2876 quaeso:
901 2823 1027 2877 quod
1040 2845 1145 2868 unum
1161 2834 1237 2867 huic
1251 2834 1324 2866 loco
1339 2834 1465 2876 aptum:

703 2884 829 2921 31.ss
