1785 3185
408 163 756 205 PHILIPPICA
782 164 1159 204 DUODECIMA.
1402 165 1500 201 1403

336 332 408 382 M.
460 332 732 382 TULLII
781 332 1221 382 CICERONIS
1517 343 1549 374 b.

768 445 814 469 11(

167 522 1413 590 M.ANTONIUM

279 651 737 706 PHILIPPICA
777 651 1296 706 DUODECIMA.

226 779 448 817 oRArlo
475 779 717 820 QUARTA
742 779 817 816 ET
840 738 1355 820 ωυιΝωύΑρΕειΜΑ.

590 954 993 993 ARGUMENTUM.

80 1023 168 1060 Cum
185 1023 366 1059 retulisset
384 1022 508 1059 Pansa
526 1023 658 1064 consul,
680 1025 723 1060 de
750 1025 878 1071 legatis
905 1026 1036 1060 iterum
1061 1025 1111 1061 ad
1127 1026 1326 1062 Antonium
1353 1028 1396 1064 de
1416 1041 1510 1076 pace

131 1076 328 1114 mittendis,
347 1076 390 1111 ab
417 1077 476 1118 iis,
497 1077 559 1123 qui
582 1077 695 1123 primi
721 1077 842 1123 rogati
869 1081 972 1112 erant
997 1079 1226 1120 sententiam,
1246 1079 1358 1126 legati
1376 1081 1511 1118 decreti

131 1132 234 1163 erant
253 1128 321 1163 duo
340 1128 554 1171 consulares,
575 1128 619 1164 P.
635 1127 808 1164 Servilius
825 1133 859 1163 et
880 1129 1013 1165 Cicero.
1060 1128 1141 1177 Ipse
1157 1141 1242 1177 ergo
1263 1132 1385 1168 Cicero
1402 1146 1511 1181 roga-

131 1183 188 1215 tus
214 1181 440 1222 sententiam,
462 1181 675 1228 legationem
701 1192 773 1216 non
799 1181 903 1216 modo
929 1193 1230 1229 supervacaneam
1256 1195 1340 1226 esse,
1360 1197 1438 1221 cum
1465 1187 1512 1222 ab
1557 1190 1560 1191 ’

131 1231 293 1267 Antonio
315 1244 443 1280 pacem
467 1244 612 1280 sperare
638 1244 708 1268 non
735 1233 869 1274 liceret,
887 1234 949 1268 sed
975 1233 1139 1268 inutilem
1167 1237 1286 1275 etiam,
1308 1241 1343 1272 et
1369 1242 1512 1286 turpem

129 1284 448 1332 perniciosamque,
467 1285 591 1320 multis
613 1285 833 1331 argumentis
851 1285 983 1321 docuit.
1039 1285 1174 1326 Quodsi
1201 1292 1322 1323 antem
1348 1289 1514 1326 habenda

126 1337 230 1383 pacis
251 1337 348 1372 ratio
365 1338 425 1376 sit,
443 1348 546 1372 suam
565 1341 684 1372 tamen
706 1348 896 1384 personam
914 1338 963 1372 ad
989 1338 1097 1373 istam
1124 1338 1339 1385 legationem
1365 1344 1512 1379 minime

120 1386 241 1436 fuisse
259 1388 495 1435 deligendam,
512 1394 707 1437 propterea
723 1389 819 1436 quod
841 1400 977 1437 semper
996 1389 1133 1436 legatos
1149 1393 1342 1428 mittendos
1361 1406 1511 1442 negave-

130 1440 194 1480 rit,
215 1440 311 1487 quod
336 1441 600 1476 crudelissimus
626 1440 696 1476 sibi
720 1442 785 1476 uni
812 1440 923 1476 hostis
949 1443 998 1476 sit
1019 1442 1213 1485 Antonius,
1237 1456 1301 1479 nec
1325 1446 1404 1481 sine
1428 1449 1512 1483 vitoe

129 1493 286 1528 maximo
302 1492 462 1539 periculo
481 1493 697 1540 legationem
712 1493 889 1540 suscipere
902 1495 1042 1541 possit:
1061 1495 1101 1532 id
1118 1500 1238 1542 autem
1254 1498 1453 1543 periculum
1470 1511 1511 1534 eo

130 1545 248 1591 magis
262 1542 485 1592 fugiendum
509 1556 595 1586 esse,
614 1549 655 1580 ut
680 1546 759 1580 vita
782 1557 862 1587 sua,
883 1546 1002 1593 quoad
1028 1546 1084 1581 vel
1110 1547 1270 1595 dignitas
1296 1550 1352 1585 vel
1376 1556 1516 1587 natura-

129 1597 309 1643 patiatur,
326 1597 460 1644 patria?
475 1601 683 1633 reservetur.

82 1675 238 1742 ETSI
268 1697 446 1739 minime
474 1698 625 1740 decere
655 1699 836 1750 videtur,
868 1708 1008 1754 patres
1037 1702 1287 1758 conscripti,
1312 1703 1418 1756 falli,
1438 1705 1555 1753 (ἵε-1

82 1753 185 1810 cipi,
216 1769 354 1796 errare
392 1770 505 1806 eum,
538 1757 607 1796 cui
641 1771 715 1797 vos
749 1757 948 1797 maximis
982 1761 1096 1814 saepe
1128 1759 1181 1800 de
1213 1761 1337 1801 rebus
1370 1776 1545 1810 assen-l.

82 1811 275 1854 tiamini:
307 1812 503 1854 consolor
541 1827 608 1853 me
649 1822 807 1863 tamen,
839 1814 1042 1869 quoniam
1075 1816 1300 1859 vobiscum
1341 1820 1514 1874 pariter,

83 1878 127 1908 et
158 1883 244 1909 una
274 1884 371 1910 cum
405 1870 720 1926 sapientissimo
752 1870 926 1911 consule
958 1873 1110 1913 erravi.
1143 1887 1242 1915 nam
1275 1889 1374 1916 cum
1401 1877 1516 1917 ¹duo

81 1925 324 1966 consulares
347 1941 466 1981 spem
487 1926 679 1968 honestae
703 1927 820 1983 pacis
842 1927 967 1969 nobis
989 1929 1245 1982 attulissent,
1258 1933 1371 1986 quod
1396 1934 1535 1975 erant‘

84 1981 312 2024 familiares
344 1982 410 2024 M.
432 1982 630 2035 Antonii,
652 1984 767 2038 quod
797 1984 1022 2026 domestici
1041 2003 1052 2037 3
1083 2001 1208 2028 nosse
1229 1988 1402 2043 aliquod
1423 1990 1516 2045 ejus

83 2038 252 2091 vulnus,
281 2039 394 2095 quod
431 2041 554 2081 nobis
588 2041 784 2097 ignotum
817 2050 942 2092 esset,
964 2043 1234 2085 videbantur.
1266 2047 1379 2101 apud
1412 2047 1533 2100 alte--

84 2110 178 2136 rum
212 2111 336 2147 uxor,
357 2097 506 2139 liberi:
538 2097 656 2150 alter,
676 2098 870 2152 quotidie
902 2099 1063 2141 litteras
1095 2101 1280 2152 mittere,
1304 2103 1514 2159 accipere,

83 2162 228 2208 aperte
251 2153 393 2195 favere
415 2154 623 2196 Antonio.
685 2154 746 2196 Hi
769 2155 912 2196 subito
935 2156 1096 2197 hortari
1129 2159 1180 2199 ad
1214 2173 1377 2214 pacem,
1398 2163 1550 2216 quod2

75 2209 245 2264 jamdiu
276 2225 362 2252 non
392 2210 607 2263 fecissent,
629 2226 714 2252 non
747 2212 838 2253 sine
868 2227 995 2254 causa
1027 2214 1297 2258 videbantur.
1355 2218 1517 2260 Acces-

84 2266 140 2307 sit
174 2268 323 2308 consul
354 2267 562 2309 hortator.
596 2278 640 2309 at
670 2269 744 2324 qui
776 2270 955 2312 consul?
986 2270 1020 2310 si
1054 2272 1325 2326 prudentiam
1358 2276 1515 2330 quaeri-

85 2338 195 2373 mus,
217 2325 290 2379 qui
322 2325 500 2366 minime
532 2324 620 2365 falli
653 2335 820 2381 posset:
853 2327 887 2367 si
911 2327 1128 2380 virtutem,
1151 2330 1225 2384 qui
1257 2330 1416 2372 nullam
1439 2347 1514 2389 pa-

85 2395 177 2421 cem
201 2382 415 2437 probaret,
433 2382 514 2423 nisi
535 2381 728 2423 Antonio
749 2383 960 2425 2cedente
981 2394 1109 2440 atque
1129 2387 1266 2428 victo:
1290 2388 1323 2428 si
1347 2390 1515 2444 magni-

87 2437 279 2478 tudinem
301 2439 447 2489 animi,
463 2439 536 2494 qui
561 2439 780 2494 praeferret
800 2451 980 2482 mortem
1005 2443 1215 2484 servituti.
1247 2443 1335 2487 Vos
1358 2457 1519 2498 autem,

87 2504 227 2549 patres
257 2496 507 2551 conscripti,
534 2506 740 2538 non-tam
775 2497 1045 2540 immemores
1079 2510 1319 2543 vestrorum
1357 2504 1522 2558 gravis-

87 2551 293 2594 simorum
325 2553 594 2594 decretorum
629 2554 907 2606 videbamini,
930 2558 1090 2611 3quam
1123 2571 1198 2612 spe
1236 2557 1364 2599 allata
1401 2560 1520 2602 dediss

131 2682 143 2711 1
169 2681 231 2712 duo
244 2681 440 2722 consulares]
457 2682 497 2722 Ω.
514 2682 623 2713 Fufius
641 2684 782 2715 Calenus
823 2684 872 2714 ed.
894 2684 981 2716 vict.
1015 2695 1113 2727 quam
1147 2685 1303 2723 Faernus,
1334 2685 1520 2725 Manutius,

83 2727 118 2752 et
133 2722 220 2760 Piso,
232 2733 312 2762 quos
327 2724 361 2754 in
383 2724 449 2754 fine
472 2725 568 2763 hujus
591 2736 661 2765 cap.
678 2728 783 2757 nomi·
824 2727 970 2757 Graevius
992 2728 1095 2758 secuti
1118 2732 1206 2758 sunt.
1250 2728 1299 2759 Ea
1319 2735 1370 2760 est
1392 2729 1427 2759 in
1445 2730 1521 2762 edd.

85 2769 155 2794 nat.
171 2766 263 2804 apud
275 2768 419 2796 alterum
436 2767 585 2807 intellige
608 2768 782 2807 Calenum,
824 2769 958 2809 primis:
984 2769 1044 2800 nisi
1061 2769 1145 2809 quod
1160 2774 1235 2811 post
1249 2771 1453 2810 appellarent
1465 2772 1523 2802 ad-

85 2807 170 2836 alter
184 2807 347 2838 Pisonem.
552 2846 556 2849 Δ
825 2810 915 2841 ditur
943 2811 975 2842 C.
992 2811 1142 2849 Halieni,
1164 2812 1251 2842 unde
1273 2813 1373 2843 alieni
1397 2813 1524 2844 factum

127 2851 146 2879 Ξ
168 2849 296 2879 cedente
309 2855 405 2890 atque
418 2850 514 2890 victo]
532 2850 584 2881 An
599 2855 660 2881 aut
674 2861 704 2881 v.
825 2858 949 2892 postea.
973 2853 1081 2894 Velim
1095 2859 1208 2886 tamen
1223 2854 1274 2884 vel
1288 2854 1421 2885 Antonii
1437 2855 1523 2892 addi,

128 2894 145 2920 ³
167 2901 267 2931 quam
286 2902 340 2931 spe
361 2893 482 2933 allata]
509 2892 591 2923 Haee
613 2899 662 2924 est
685 2893 783 2925 lectio
825 2899 862 2925 ut
885 2895 1011 2926 Faerno
1033 2895 1195 2937 placebat,
1215 2896 1267 2927 vel
1295 2896 1417 2935 Caleni,
1437 2898 1524 2937 quod
