1769 3174
410 101 485 141 DE
510 97 811 138 PROVINCIIS
837 100 1252 140 CONSULARIBUS.
1451 105 1549 141 1088

119 219 215 263 pars
237 205 471 262 provinciae
495 205 564 255 sit,
587 206 626 236 58
639 203 708 245 cui
733 218 819 245 non
842 204 977 260 possit
998 203 1351 256 inte1cedi,hane
1373 220 1416 246 se
1438 206 1551 247 avel-

121 264 228 304 le1·:e
262 277 356 318 quae
389 263 654 303 defensorem
687 261 856 312 habeat,
879 275 964 302 non
997 269 1195 317 tangere:
1228 261 1350 302 simul
1380 274 1422 303 et
1447 263 1550 304 illud

120 319 239 370 facit,
263 331 324 371 ut,
348 319 460 375 quod
484 319 543 360 illi
566 334 591 359 a
613 317 771 374 populo
794 317 941 358 datum
973 318 1042 369 sit,
1064 318 1107 358 id
1139 332 1223 357 non
1249 319 1401 361 violet:
1435 320 1548 374 quod

120 385 292 417 senatus
331 376 510 427 dederit,
543 376 586 417 id
618 384 788 416 senator
820 386 1020 430 pr·ope1et
1053 373 1232 415 auferre.
1292 374 1412 416 Alter
1454 377 1614 427 belli37

121 432 278 474 Gallici
317 433 525 474 rationem
570 432 721 473 habet:
754 431 949 488 fungitur
991 431 1136 472 officio
1174 432 1274 472 boni
1315 434 1549 475 senatoris:

118 488 273 545 legem,
312 505 440 545 quam
481 504 567 530 non
610 497 747 545 putat,
779 503 871 529 eam
911 503 1081 544 quoque
1118 497 1270 529 servat.
1314 490 1554 545 59praefinit

122 547 236 587 enim
269 547 501 588 successori
529 546 657 586 diem.
680 546 805 601 60qui
838 546 944 586 mihi
966 546 1072 586 nihil
1095 546 1262 586 videtur
1284 546 1422 586 minus
1445 561 1469 586 a
1492 547 1555 586 di-

124 604 290 659 gnitate
320 604 630 659 disciplinaque
652 603 862 658 majorum
885 604 1101 653 dissidere,
1124 617 1252 657 quam
1276 613 1336 653 ut,
1358 604 1429 657 qui
1453 618 1555 644 con-

123 660 187 701 sul
220 660 424 702 Kalendis
454 661 552 703 Jan.
584 660 740 700 habere
771 660 1036 716 provinciam
1068 660 1209 709 debet,
1233 660 1267 700 is
1301 670 1345 700 ut
1369 675 1461 700 eam
1485 661 1557 701 de-

124 732 340 773 sponsam,
372 732 454 758 11011
492 717 705 758 decretam
746 716 901 758 habere
937 718 1143 758 videatur.
1206 716 1352 758 Fuerit
1389 727 1479 758 toto
1512 718 1557 759 in

124 775 348 815 consulatu
381 776 470 815 sine
504 774 738 830 provincia,
770 774 837 814 cui
872 773 1016 825 fuerit,
1049 784 1278 828 antequam
1309 774 1557 830 designatus

123 841 248 883 esset,
282 831 501 888 provincia
530 831 731 871 decreta?
771 830 996 882 Sortietur,
1027 846 1081 871 an
1117 834 1235 872 non?
1269 845 1366 871 nam
1398 843 1441 872 et
1471 847 1558 873 non

126 889 267 929 sortiri
291 889 519 929 absurdum
542 899 620 938 est,
642 896 685 928 et
706 888 820 942 quod
843 888 1017 929 sortitus
1040 889 1110 938 sis,
1134 902 1219 929 non
1242 888 1412 929 habere
1453 888 1560 930 Pro-

128 945 344 986 ficiscetur
366 945 618 1001 paludatus?
648 947 762 999 quo?
792 959 877 1000 quo
903 945 1122 1000 pervenire
1143 955 1242 985 ante
1263 954 1422 986 certam
1446 946 1560 987 diem

127 1017 210 1043 uon
230 1002 392 1042 licebit.
451 1001 674 1052 Januario,
701 1001 947 1053 Februario,
972 1003 1236 1058 provinciam
1260 1017 1343 1043 non
1366 1002 1404 1043 11·
1397 1003 1559 1044 11161111.

128 1059 332 1100 Kalendis
369 1058 407 1098 ei
446 1058 628 1113 denique
669 1058 856 1108 Martiis,
888 1069 1085 1100 nascetur
1119 1070 1293 1115 repente
1325 1061 1560 1115 provincia.

126 1117 328 1156 Attamen
381 1115 446 1156 his
497 1115 717 1156 sententiis
769 1114 870 1156 Piso
918 1116 960 1156 in
1008 1131 1230 1172 provineia
1278 1118 1558 1173 permanebit.
1571 1133 1621 1167 33

126 1174 289 1220 ⁶1Quae
313 1187 411 1213 cum
435 1173 582 1228 gravia
603 1183 716 1223 sunt,
739 1181 829 1213 tum
852 1172 959 1214 nihil
990 1174 1161 1229 gravius
1189 1174 1274 1214 illo.
1305 1175 1419 1229 quod
1452 1175 1561 1216 mul-

130 1231 206 1270 tari
248 1244 396 1286 1mpe1
386 1241 549 1270 2t01em
585 1229 878 1270 deminutione
915 1245 1165 1286 provrncrae,
1202 1232 1561 1273 contumeliosum

127 1296 206 1338 est,
227 1301 365 1342 neque
388 1287 523 1327 solum
547 1301 714 1328 summo
735 1287 778 1327 in
804 1287 908 1339 viro,
928 1288 1000 1328 sed
1021 1288 1151 1328 etiam
1172 1289 1376 1329 mediocri
1410 1289 1452 1329 iu
1485 1289 1561 1330 ho-

129 1345 244 1385 mine
267 1359 320 1385 ne
341 1344 522 1395 accidat,
546 1344 872 1399 providendum.

189 1400 283 1458 Ego
317 1415 391 1442 vos
431 1401 639 1466 intelligo,
674 1411 812 1457 patres
851 1401 1100 1456 conscripti,
1132 1401 1288 1442 multos
1324 1402 1560 1444 decrevisse
1579 1399 1645 1452 16

128 1434 312 1499 honores
333 1459 515 1499 eximios
539 1458 591 1499 C.
612 1459 789 1509 Caesari,
811 1468 854 1498 et
884 1472 1017 1513 prope
1048 1459 1306 1513 singulares:
1339 1459 1425 1500 6251
1445 1461 1560 1525 quod

129 1515 190 1555 ita
211 1516 386 1557 memus
408 1524 511 1566 erat,
534 1515 678 1576 grati:
708 1516 770 1556 sin
794 1515 938 1566 etiam,
964 1525 1010 1556 ut
1029 1530 1157 1571 quam
1181 1517 1605 1575 conjunctissimusp
1619 1539 1672 1570 ῃ,

1574 1589 1605 1609 a.

128 1672 193 1703 alio
207 1675 355 1713 tempore
377 1673 539 1713 professus
555 1672 610 1710 sit,
628 1677 823 1712 senatusque

866 1671 987 1711 dignit.
984 1683 1008 1704 ts
1030 1672 1081 1704 hic
1106 1673 1197 1704 nulla
1219 1673 1358 1713 intelligi
1383 1680 1474 1715 potes
1472 1681 1504 1712 t,
1529 1680 1565 1707 at

128 1715 359 1746 auctoritatem
383 1717 492 1755 potius
509 1715 625 1746 debeat
640 1716 823 1746 defendere.

867 1726 942 1745 con-1
948 1716 1008 1745 5115
994 1731 1021 1753 5,
1045 1726 1136 1756 pers
1123 1717 1305 1755 sequentia]
1331 1718 1566 1758 άίειὶυἰιῗησᾳιισ

130 1756 236 1787 Τοω5
252 1757 342 1787 loeus
357 1763 406 1787 est
422 1763 588 1788 venustus.

172 1802 210 1830 58
234 1800 287 1829 cai
302 1809 365 1829 non
384 1801 480 1839 possit
499 1799 666 1838 intercedi]
693 1800 776 1840 Quat
798 1797 825 1828 si

130 1840 323 1872 decernatur
345 1852 386 1871 ex
406 1842 475 1882 lege
499 1843 702 1882 Sempronia,
724 1843 826 1871 iuter-

130 1883 273 1913 cessione
299 1884 446 1924 impediri
474 1893 540 1914 non
564 1884 677 1924 possit,
700 1884 739 1914 de
761 1893 825 1922 quo

127 1934 224 1965 supra
241 1926 314 1964 jam
335 1925 471 1957 dictum.
516 1926 608 1962 Mox,
627 1936 697 1964 quse
718 1925 826 1964 classen-

128 1977 232 1998 sorem
255 1968 382 2004 habeat,
401 1968 571 1998 tribunum
595 1967 734 2006 aliquem
760 1968 827 2007 ple-

131 2009 192 2045 bis,
207 2009 262 2047 qui
285 2010 404 2039 Caesari
428 2011 550 2039 amicus
573 2009 724 2040 defendat
747 2010 826 2049 legis

131 2051 309 2091 popularis,
326 2051 479 2088 Vafiniae,
493 2052 699 2082 beneficium.

175 2095 214 2127 59
231 2094 377 2133 proefinit
403 2095 490 2124 enim
513 2103 597 2124 succ.
624 2094 723 2133 diem]
754 2093 827 2133 Quo

131 2134 226 2165 adeat
262 2135 473 2175 provinciam.
508 2145 581 2165 eam
615 2136 712 2165 fuisse
748 2135 826 2166 Kal.

132 2175 285 2214 Martias,
321 2189 338 2208 e
373 2178 582 2216 sequentibus
617 2177 828 2216 intelligitur,

132 2229 208 2249 cum
224 2217 303 2250 alias
323 2219 498 2260 provinciae
520 2220 689 2250 adirentur
711 2219 830 2259 princi-

133 2261 186 2300 pio
208 2261 298 2292 anni.
343 2262 404 2292 Sed
430 2271 471 2292 an
496 2262 557 2292 hoc
583 2261 728 2292 cohaeret
754 2271 830 2291 cum

132 2303 349 2342 praecedente,
373 2305 412 2335 de
434 2304 504 2343 lege
523 2304 682 2334 Vatinia?
708 2313 830 2341 nequa-

134 2354 243 2383 quam.
274 2355 351 2376 nam
382 2346 436 2376 hie
466 2355 632 2376 successor
659 2346 830 2377 habiturus

133 2392 205 2418 erat
240 2389 442 2428 provinciam
472 2399 490 2418 e
524 2387 596 2427 lege
629 2389 830 2428 Sempronia.

135 2428 205 2459 Aut
226 2430 345 2461 excidit
368 2429 503 2470 aliquid,
520 2436 577 2460 aut
592 2431 678 2461 enim
695 2431 746 2461 hic
764 2439 830 2460 non

134 2470 235 2511 habet
249 2472 314 2502 vini
331 2472 502 2503 reddendae
517 2473 666 2509 rationis,
681 2472 736 2502 sed
757 2479 833 2502 tan-

134 2518 207 2543 tum
223 2513 399 2544 transitum
419 2514 500 2545 facit
521 2514 562 2544 ad
583 2514 681 2545 aliam
704 2521 833 2555 partem

137 2556 324 2587 sententia».

180 2597 222 2628 60
244 2599 298 2637 qui
312 2599 392 2629 mihi
408 2598 482 2638 &e.]
507 2597 588 2628 Mss.
604 2602 639 2628 et
660 2597 732 2628 edd.
751 2599 833 2629 vari-

137 2643 196 2669 ant
210 2639 296 2670 inter
310 2650 379 2679 quoe
396 2641 481 2680 (que)
500 2646 534 2670 et
549 2642 615 2680 qui.
659 2640 764 2670 Totus
787 2641 834 2670 lo-

137 2689 194 2710 cus
209 2685 259 2711 est
273 2682 409 2713 difficilis
425 2686 555 2712 sanatu.
578 2682 682 2712 dican)
707 2686 833 2720 tamen,

138 2721 216 2761 quid
229 2723 333 2753 mihi·
327 2734 359 2754 111
375 2729 521 2754 mentem
537 2725 674 2754 venerit.
708 2724 774 2753 Lu(
771 2735 833 2755 um

138 2765 183 2794 sic
213 2766 368 2796 constitui
398 2775 489 2806 posse
517 2766 648 2805 putavi.
675 2776 745 2805 qua
775 2767 801 2807 (s
805 2778 833 2797 c.

137 2805 205 2836 dies
228 2807 404 2846 plaefinita)
423 2808 503 2838 mihi
525 2809 609 2838 nillil
628 2808 757 2838 videtur
774 2809 834 2838 mc*-

137 2857 200 2878 aeus
209 2857 229 2878 α
243 2848 299 2888 dig
301 2850 405 2880 m‘tate
417 2850 555 2882 consulis
567 2851 658 2890 (nam
672 2851 832 2890 majorum

867 1757 1031 1800 majorum
1048 1759 1159 1788 ‘lis-eide
1159 1769 1210 1788 we.
1235 1759 1328 1806 ῼηῑιζ
1340 1760 1355 1788 ?
1373 1764 1410 1790 ut
1425 1761 1478 1800 qm'
1493 1771 1566 1791 con-

867 1801 968 1830 sul—
974 1797 1063 1830 debet
1092 1802 1208 1831 habete
1217 1802 1447 1849 provinciam,
1475 1803 1502 1832 is
1528 1807 1567 1834 ut
1610 1799 1612 1801 ’

868 1851 941 1872 eam
961 1842 997 1883 (ιι
1001 1847 1013 1873 t
1031 1852 1097 1872 non
1110 1844 1179 1873 sine
1196 1843 1225 1871 vi
1242 1849 1344 1882 reptt·
1337 1844 1415 1881 tur)
1435 1845 1567 1884 despon-

868 1893 953 1921 sam,
964 1894 1028 1914 non
1042 1886 1202 1915 decretam
1218 1886 1334 1915 habere
1348 1896 1365 1915 ι
1369 1885 1500 1916 ideacw
1501 1909 1509 1916 .
1525 1887 1541 1918 Ι
1545 1897 1567 1919 11

869 1926 989 1956 ultimo
1004 1936 1056 1957 me
1080 1936 1147 1956 non
1169 1927 1328 1966 expedivi,
1344 1929 1431 1966 quod
1452 1934 1566 1960 tamen

869 1968 1024 1998 vitiosum
1046 1972 1107 1999 est.
1130 1979 1206 1999 nam
1223 1969 1376 2007 desponsa
1390 1977 1424 2000 et
1437 1971 1568 2002 decreta

869 2010 916 2040 nil
941 2011 1118 2040 differunt:
1143 2021 1182 2041 ne
1178 2021 1220 2041 m
1247 2010 1466 2051 despondetur
1492 2024 1568 2053 pro-

869 2052 975 2083 vincia
990 2053 1130 2083 decreto.
1173 2055 1291 2084 Sensus
1307 2059 1368 2091 est,
1384 2059 1423 2083 ut
1437 2056 1522 2093 quod
1536 2057 1566 2086 ei

863 2094 938 2133 juxe
967 2095 1115 2131 debetur,
1144 2095 1180 2124 id
1207 2099 1320 2125 tamen
1347 2105 1414 2125 non
1435 2096 1567 2130 habeat.

871 2135 968 2166 Forte
983 2137 1058 2167 deor
1059 2141 1110 2167 eta
1129 2141 1180 2166 est
1202 2137 1308 2176 glossa
1324 2138 1414 2169 verbi
1437 2139 1567 2180 despon-

870 2187 919 2207 sa.

913 2221 949 2250 61
975 2220 1060 2261 Quoe
1073 2231 1147 2251 cum
1159 2222 1282 2259 gravia
1296 2226 1373 2252 sunt
1388 2222 1460 2262 &e.]
1484 2224 1569 2266 Quot

872 2255 1012 2292 refertur
1036 2273 1102 2293 nou
1130 2263 1227 2293 modo
1252 2263 1293 2294 ad
1317 2265 1502 2303 proximum
1528 2267 1568 2298 de

872 2305 915 2343 Sy
919 2305 976 2339 ria,
991 2305 1045 2335 sed
1060 2306 1161 2335 etiam
1176 2306 1334 2346 superius.
1372 2306 1451 2337 Mox
1465 2309 1568 2339 inter—

871 2347 1086 2385 punctionem
1103 2349 1259 2387 maiorem
1275 2347 1336 2378 feci
1351 2356 1425 2388 post
1439 2352 1507 2388 cllo,
1523 2361 1567 2382 sc.

873 2389 1044 2428 praefinitis
1061 2389 1136 2420 Kal.
1154 2390 1294 2420 Martiis.
1309 2390 1384 2420 dein
1398 2392 1570 2433 subjicitur

875 2431 968 2461 ratio.

916 2474 956 2503 62
978 2473 1005 2502 ,ς’-ι’
1027 2474 1109 2512 quod
1130 2474 1180 2503 ita
1201 2475 1336 2504 mmitus
1357 2479 1442 2511 erat,
1457 2476 1567 2516 grati]

875 2515 928 2548 Sic
946 2516 1058 2555 (grati)
1077 2515 1171 2545 edere
1186 2516 1290 2546 voluit
1303 2517 1474 2548 Gruterus.
1507 2519 1570 2549 Sed

875 2567 983 2596 operae
1004 2557 1168 2587 retinuere
1185 2559 1306 2595 gratis.
1325 2560 1420 2597 gratz
1435 2561 1507 2598 jam
1521 2566 1573 2590 est

876 2598 910 2628 in
924 2599 975 2629 ed.
990 2599 1043 2629 W.
1059 2599 1144 2637 quod
1166 2609 1233 2629 non
1247 2600 1328 2629 vidit
1342 2600 1500 2638 Graevius,
1516 2603 1572 2640 qui

876 2651 948 2671 eam
977 2641 1155 2671 editionem
1182 2642 1216 2670 in
1243 2642 1394 2672 manibus
1419 2643 1571 2674 habebat.

877 2683 939 2713 Sed
953 2683 1037 2713 idem
1054 2683 1126 2713 addi
1144 2683 1272 2712 volebat
1295 2684 1327 2713 in
1349 2684 1511 2729 principio
1531 2687 1572 2722 si,

877 2725 972 2764 idque
988 2725 1084 2764 plane
1099 2725 1315 2755 necessarium
1337 2725 1396 2755 sae
1382 2733 1417 2755 η
1438 2736 1574 2765 sequens

877 2767 911 2796 111
926 2767 1031 2797 altero
1047 2768 1193 2797 membro
1206 2767 1256 2797 sin
1267 2777 1352 2797 vero.
1398 2768 1514 2808 Itaque
1527 2770 1573 2800 sie

875 2809 972 2839 edidi.
