1812 3147
270 39 346 72 300
862 40 1115 79 ORATIO

271 139 370 180 dem
409 155 523 183 nunc
556 157 727 185 causam
759 145 976 201 vitamque
1009 144 1265 186 defendere?
1296 144 1341 185 Si
1372 143 1538 185 medius
1566 145 1711 199 fidius,

267 196 454 250 judices,
478 214 560 240 nou
590 215 657 241 me
691 202 782 258 ipsa
810 203 1064 259 respublica,
1095 203 1201 244 meis
1223 202 1442 243 laboribus
1465 211 1507 242 et
1533 204 1701 258 pericu-

275 254 325 294 lis
357 268 622 308 conservata,
645 258 697 299 ad
721 260 976 314 gravitatem
999 261 1130 301 animi
1154 270 1197 300 et
1225 259 1514 300 constantiam
1541 273 1618 300 sua
1638 260 1703 301 di-

275 311 441 366 gnitate
465 325 707 367 revoearet;
742 327 883 357 tamen
907 318 988 358 hoc
1011 327 1161 357 natura
1182 327 1246 357 est
1280 317 1470 367 insitum,
1497 325 1556 366 ut,
1580 330 1709 372 quem

275 368 484 421 timueris,
506 373 681 426 quicum
704 373 756 414 de
781 375 868 414 vita
896 374 1165 428 fortunisque
1199 373 1486 423 contenderis,
1509 373 1633 428 cujus
1655 387 1711 415 ex

273 425 439 467 insidiis
462 430 658 479 evaseris,
682 429 795 471 hunc
815 446 979 486 semper
1001 432 1155 471 oderis,
1217 431 1316 480 Sed,
1335 445 1433 471 eum
1456 441 1609 485 agatur
1630 429 1711 471 ho-

275 497 352 523 nos
384 499 501 524 meus
532 486 832 541 amplissimus,
864 489 1000 543 gloria
1040 502 1178 528 rerum
1211 497 1425 543 gestarum
1459 487 1710 544 singularis:

230 542 387 589 b·eum‚
410 543 577 595 quoties
601 543 827 598 quisquam
850 556 913 584 est
937 545 977 585 in
1014 545 1095 584 hoe
1128 544 1284 585 scelere
1316 544 1556 594 convictus,
1579 545 1710 585 toties

274 608 502 639 renovetur
533 601 739 640 memoria
774 616 846 656 per
878 615 946 642 me
981 602 1166 642 inventae
1200 600 1369 642 salutis:
1402 615 1484 656 ego
1507 602 1588 642 sim
1608 610 1710 651 ,tam

273 654 470 706 deruens3
513 671 596 713 ego
626 659 910 707 committam,
936 668 980 698 ut
1013 674 1075 708 ca,
1108 674 1204 713 quae
1240 673 1316 714 pro
1344 658 1478 698 salute
1513 659 1709 699 omnium

274 712 400 766 gessi,
422 728 522 753 casu
556 714 692 770 magis
722 725 766 755 et
796 715 1002 757 felicitate
1033 731 1058 756 a
1089 730 1169 766 me,
1192 730 1320 771 quani
1346 715 1502 756 virtute
1531 723 1574 755 et
1605 729 1711 757 con-

211 779 260 812 34
274 768 368 809 silio
391 780 512 824 gesta
532 785 623 811 esse
656 772 905 815 videantur?
937 773 1054 818 Quid
1086 775 1215 828 ergo?
1247 773 1329 813 hoc
1359 773 1440 813 tibi
1463 772 1610 823 sumis,
1643 772 1711 813 di-

272 835 341 866 cet
363 825 543 867 fortasse
576 828 805 884 quispiam,
828 839 890 880 ut,
913 831 1013 885 quia
1046 840 1090 870 tu
1125 829 1379 880 defenderis,
1412 829 1618 870 innocens
1636 829 1711 885 ju—

275 883 468 924 dicetur?
503 883 597 939 Ego
616 900 730 936 vero,
744 887 931 941 judices,
956 902 1038 928 non
1066 887 1192 927 modo
1211 886 1318 927 nihil
1342 886 1446 927 mihi
1464 887 1710 936 assumo‚in

271 955 358 994 quo
390 942 605 997 quispiam
649 955 883 999 repugnet:
927 946 996 985 sed
1032 945 1177 994 etiam,
1211 944 1244 984 si
1275 944 1378 999 quid
1412 945 1466 985 ab
1505 945 1709 986 omnibus

271 999 536 1049 conceditur,
560 999 602 1040 id
626 1000 755 1041 reddo
779 1017 828 1042 ac
851 1002 1038 1043 remitto.
1061 1016 1146 1042 non
1170 1002 1213 1042 in
1235 1016 1285 1043 ea
1306 1001 1527 1057 republica
1548 1015 1709 1052 versor,

271 1069 358 1095 non
383 1055 432 1095 iis
458 1057 721 1112 temporibus
743 1067 873 1115 caput
897 1074 1037 1100 meum
1069 1059 1206 1100 obtuli
1239 1074 1316 1115 pro
1349 1059 1486 1115 patria
1511 1058 1709 1114 periculis

272 1112 487 1163 omuibus,
511 1128 596 1155 non
620 1123 693 1154 aut
715 1115 776 1156 ita
798 1126 896 1157 sunt
916 1116 1135 1167 exstincti,
1159 1131 1265 1171 quos
1289 1117 1476 1167 vici,aut
1498 1116 1559 1157 ita
1581 1115 1710 1172 grati,

272 1184 379 1224 quos
402 1171 581 1222 servavi,
606 1181 650 1212 ut
672 1186 753 1228 ego
777 1174 883 1214 mihi
908 1174 1000 1229 plus
1022 1184 1225 1229 appetere
1255 1188 1399 1223 coner,
1421 1188 1552 1228 quam>
1573 1187 1709 1228 quan-

210 1228 258 1263 85
274 1235 361 1266 tum
387 1242 533 1268 omncs
556 1229 719 1270 inimici
744 1230 963 1286 invidique
987 1232 1218 1287 patiantur.
1269 1235 1286 1265 7
1303 1230 1447 1272 Grave
1476 1245 1567 1271 esse
1591 1230 1710 1271 vide·-

271 1293 400 1336 retur,
422 1300 535 1335 eum,
557 1286 630 1340 qui
655 1286 924 1344 investigarit
956 1288 1314 1344 conjurationem,
1344 1288 1418 1343 qui
1442 1287 1710 1344 patefecerit,

269 1342 340 1396 qui
375 1344 648 1398 oppresserit,
671 1344 740 1384 cui
764 1355 934 1387 senatus
954 1345 1242 1401 singularibus
1265 1346 1404 1386 verbis
1427 1346 1587 1400 gratias
1607 1358 1710 1400 ege-

269 1400 338 1448 rit,
358 1400 426 1440 eui
452 1401 522 1440 uni
549 1410 698 1457 togato
731 1403 1089 1458 supplicationem
1121 1403 1370 1454 decreverit,
1393 1403 1536 1444 dicere
1566 1403 1608 1442 in
1635 1403 1709 1457 ju-

269 1456 408 1498 dici‹›;
443 1472 528 1498 non
561 1458 850 1511 defenderem,
881 1461 913 1501 si
947 1460 1229 1515 conjurasset.
1264 1475 1349 1500 non
1379 1460 1478 1500 dico
1509 1460 1568 1509 id,
1589 1459 1707 1514 quod

269 1528 399 1568 grave
421 1524 509 1557 est:
541 1515 639 1556 dieo
662 1516 779 1568 illud,
802 1518 916 1572 quod
950 1519 993 1558 in
1026 1519 1089 1558 his
1112 1519 1250 1558 causis
1274 1517 1587 1571 conjurationis
1622 1530 1707 1557 non

269 1572 515 1612 auctoritati
539 1587 766 1625 assumam,
791 1575 861 1615 sed
894 1576 1046 1631 pudori
1072 1590 1190 1616 meo:
1225 1574 1320 1631 Ego
1354 1575 1422 1615 ille
1443 1574 1710 1629 conjuratio-

269 1628 333 1667 nis
358 1629 641 1686 investigator
671 1643 799 1686 atque
831 1632 956 1682 ultor,
979 1643 1094 1674 certe
1127 1647 1211 1673 non
1235 1632 1506 1673 defenderem
1531 1631 1710 1682 Sullam,

270 1685 303 1725 si
332 1687 578 1741 conjurasse
616 1689 859 1731 arbitrarer.
922 1689 1032 1746 Ego,
1052 1690 1238 1746 judiceS,
1269 1690 1322 1730 de
1354 1690 1483 1730 tantis
1515 1689 1710 1729 omnium

270 1743 469 1797 periculis
492 1759 587 1785 cum
611 1760 847 1801 quaererem
879 1749 1037 1799 omnia,
1061 1748 1195 1788 multa
1226 1747 1432 1797 audirem,
1455 1761 1542 1787 non
1565 1746 1710 1787 crede-

273 1814 359 1841 rem
396 1802 554 1852 omnia,
585 1818 778 1844 caverem
813 1805 982 1846 omnia:
1025 1805 1123 1846 dico
1158 1805 1254 1855 hoc,
1292 1805 1407 1859 quod
1441 1804 1567 1844 initio
1599 1803 1710 1854 dixi,

273 1858 428 1898 nullius
451 1859 626 1910 indicio,
650 1861 805 1903 nullius
837 1863 1095 1918 suspicione,
1119 1863 1273 1904 nullius
1305 1861 1456 1902 litteris
1481 1861 1561 1901 8de
1584 1875 1709 1916 repu-

188 1913 256 1959 31
279 1915 387 1956 blica
414 1916 459 1957 Ρ.
484 1918 612 1958 Sullae
637 1932 724 1959 rem
750 1919 876 1960 ullam
899 1920 950 1960 ad
976 1934 1041 1960 me
1064 1935 1155 1960 esse
1176 1920 1375 1960 delatam.
1411 1919 1708 1965 Quamobrem

211 1985 259 2017 So·
273 1987 363 2023 VOS,
386 1974 445 2014 dii
469 1975 592 2030 patrii
617 1990 666 2015 ac
690 1987 877 2031 penates,
900 1977 971 2033 qui
999 1978 1097 2018 huic
1129 1978 1222 2018 urbi
1252 1989 1380 2031 atque
1402 1976 1503 2018 huic
1527 1975 1709 2032 imperio

274 2031 526 2085 praesidetis,
549 2033 621 2087 qui
655 2032 736 2074 hoc
769 2035 1013 2089 imperium,
1046 2035 1118 2090 qui
1152 2035 1261 2075 hauc
1284 2035 1540 2083 libertatem,
1571 2048 1708 2089 popu-

275 2089 446 2143 lumque
486 2089 747 2141 Romanum,
777 2094 849 2146 qui
875 2092 967 2133 hacc
1004 2102 1115 2133 tecta
1155 2103 1284 2147 atque
1319 2091 1492 2147 templa,
1517 2105 1585 2132 me
1607 2105 1711 2132 eon·

273 2145 377 2195 sule,
403 2159 540 2187 vestro
564 2149 738 2189 numine
760 2149 1007 2204 auxilioque
1044 2151 1257 2199 servastis,
1282 2158 1428 2199 testor,
1452 2150 1621 2204 integro
1640 2161 1710 2188 me

141 2219 171 2249 p.
194 2211 260 2240 184.
273 2203 417 2244 aninlo
440 2219 489 2244 ac
512 2204 661 2255 libero,
681 2205 730 2246 P.
754 2206 882 2247 Sullae
914 2221 1084 2248 causam
1107 2206 1359 2248 defendere:
1392 2205 1553 2246 nullum
1587 2221 1612 2246 a
1642 2219 1710 2246 me

229 2262 259 2283 ⁸·
274 2260 434 2301 sciente
466 2260 631 2302 facinus
662 2264 883 2314 occultari,
922 2264 1081 2305 nullum
1118 2264 1252 2304 seclus
1280 2276 1527 2318 susceptum
1558 2273 1710 2308 contra

273 2317 450 2358 salutem
483 2320 676 2360 omnium
699 2320 868 2361 defendi
895 2337 943 2362 ae
969 2321 1072 2376 tegi.
1095 2321 1202 2362 nihil
1224 2322 1276 2362 de
1306 2321 1389 2362 hoc
1420 2320 1569 2362 consul
1591 2335 1711 2361 eom-

209 2382 260 2420 87
272 2376 378 2431 peri,
403 2375 509 2416 nihil
529 2377 768 2432 suspicatus
792 2393 900 2429 sum,
924 2378 1031 2419 nihil
1059 2379 1219 2420 audivi.
1262 2377 1446 2433 91taque
1478 2378 1591 2420 idem
1627 2391 1711 2434 ego

311 2519 330 2551 7
360 2516 470 2548 Grave
483 2527 547 2548 esse
561 2518 742 2558 videretur]
774 2518 856 2549 Edd,
880 2529 966 2559 quae-
1011 2520 1097 2560 quod
1111 2520 1227 2551 saltem
1243 2529 1371 2551 sensum
1385 2517 1495 2550 habet.
1510 2518 1598 2550 unde
1610 2520 1711 2552 etiam

267 2558 344 2590 dam
360 2564 441 2590 vett.
456 2565 492 2590 ut
507 2560 602 2590 dunt.
616 2561 756 2592 videtur.
1011 2562 1154 2603 vulgata}
1175 2562 1320 2603 praetuli.
1366 2561 1427 2592 Sed
1450 2571 1508 2592 cur
1529 2562 1660 2592 additur
1672 2563 1711 2594 de

310 2605 328 2632 8
340 2603 422 2635 dere
434 2601 477 2633 P.
489 2603 592 2633 Sulla·
606 2612 675 2633 rem
691 2603 765 2642 &‹.·.]
781 2603 884 2634 Locus
897 2605 966 2634 siue
1011 2615 1077 2644 rep.
1093 2611 1125 2635 et
1141 2604 1217 2644 quid
1231 2611 1280 2636 est
1300 2614 1352 2634 res
1364 2605 1435 2634 ulla
1459 2603 1561 2634 Sullae
1573 2605 1588 2633 ?
1623 2606 1648 2636 C
1651 2614 1709 2636 on—

265 2644 364 2675 dubio
382 2645 515 2676 vitiosus
528 2652 589 2676 est.
633 2643 748 2676 Lectio
772 2646 904 2685 vulgata
919 2653 968 2676 est
1004 2648 1169 2685 ‚iet-turam
1194 2647 1319 2677 nullam
1342 2647 1533 2685 cujusquam
1559 2647 1709 2686 probabi—

262 2687 306 2718 ab
329 2687 423 2719 Aldo.
469 2687 551 2718 Edd.
580 2697 630 2727 pr.
655 2697 769 2718 omnes
791 2689 830 2718 cle
856 2688 898 2718 R.
923 2688 965 2718 P.
1011 2689 1074 2719 lcm
1088 2690 1201 2729 reperi.
1216 2688 1446 2729 Accipiendum
1462 2688 1501 2719 de
1515 2689 1708 2720 malefacto.

265 2728 380 2766 Sume,
397 2729 449 2760 vel
470 2730 509 2760 de
522 2739 590 2769 rep.
608 2730 717 2760 Sullae.
757 2730 809 2760 Ita
831 2733 968 2769 coujun-
1052 2736 1071 2765 9
1086 2732 1203 2771 ltaque
1214 2732 1297 2763 idem
1315 2741 1372 2769 ego
1387 2732 1441 2761 ille
1456 2731 1528 2770 δῖα]
1547 2731 1631 2762 Cum
1647 2730 1708 2761 hoe

264 2772 422 2811 gendum,
446 2773 570 2804 nullius
601 2773 704 2804 literae
727 2773 765 2802 de
787 2774 966 2812 republica,
1009 2772 1085 2805 siue
1095 2773 1194 2806 dubio
1209 2773 1474 2816 corfiuugeudum
1496 2778 1548 2805 eit
1562 2773 1607 2811 id,
1623 2772 1710 2814 quod

1805 1278 1810 1306 ..,
1805 1092 1812 1267 -νῦψψ-ψ-
1805 1030 1809 1071 ,ψ
1804 948 1810 1022 *uA-⁴

1805 1442 1812 1546 -q--m—
1805 1361 1812 1429 ..q-...-
1806 1312 1810 1350 ᾖ»,
