1817 3169
453 125 573 163 PRO
603 123 650 163 L.
678 121 992 162 CORNELIO
1019 124 1229 163 BALBO.

1458 129 1558 167 109³

125 231 272 288 gritas,
295 245 346 271 an
370 228 520 285 religio
544 228 586 270 in
608 242 675 278 eo,
697 241 749 268 an
772 225 998 282 diligentia
1016 241 1220 282 umquam
1243 228 1447 283 requisita
1466 233 1560 274 est?

123 302 248 344 quem
287 288 519 344 provinciae
552 297 725 335 nostrae,
755 298 881 339 quem
915 283 1036 325 liberi
1073 284 1236 340 populi,
1261 300 1388 340 quem
1424 303 1561 346 regeS,

122 346 298 400 2⁶‘qucm
330 355 489 386 exterae
524 353 688 399 gentes,
719 342 960 391 castiorem,
996 341 1340 392 moderatiorem,
1375 347 1562 387 sanctio-

124 416 230 453 rem,
258 418 343 444 non
377 401 505 442 modo
539 401 750 449 viderunt,
782 399 850 439 sed
887 407 959 439 aut
994 399 1203 454 sperando
1236 413 1454 454 umquam,
1488 411 1563 443 aut

123 461 315 515 optando
353 460 680 514 cogitaverunt?
725 456 842 502 Quid
882 457 1022 497 dicam
1061 456 1114 497 de
1149 456 1433 499 auctoritate?
1464 474 1560 514 quae
1579 476 1629 508 10

125 525 247 558 tanta
269 526 346 566 est,
368 525 529 571 quanta
562 516 604 556 in
639 515 704 555 his
739 513 870 554 tantis
900 513 1131 554 virtutibus
1165 529 1214 554 ac
1247 514 1444 555 laudibus
1473 530 1564 557 esse

125 574 270 615 debet.
292 575 361 615 cui
387 583 557 614 senatus
582 570 848 628 populusque
876 570 1095 612 Romanus
1123 571 1398 627 amplissimae
1422 572 1567 629 digni-

124 632 226 672 tatis
263 631 442 687 praemia
473 631 606 680 dedit,
643 643 728 670 non
759 629 992 684 postulanti
1030 628 1224 685 imperia,
1257 642 1401 669 verum
1434 632 1567 671 etiam

126 691 366 729 recusanti:
400 687 527 741 hujus
550 687 602 728 de
635 687 765 737 facto,
782 686 967 741 judices,
992 686 1051 726 ita
1072 687 1223 741 quaeri,
1246 694 1294 726 ut
1325 686 1367 727 id
1399 696 1567 743 agatur,

128 744 353 787 licueritne
375 745 412 785 ei
438 747 591 795 facere,
609 744 724 799 quod
749 744 866 793 fecit,
888 757 940 784 an
967 758 1081 794 vero,
1103 758 1189 784 non
1212 743 1369 794 dicam,
1400 758 1484 785 non
1518 744 1570 785 li·

127 804 280 851 cuerit,
312 803 383 843 sed
411 802 528 842 nefas
560 801 702 852 fucrit,
725 805 894 854 (contra
917 801 1061 842 foedus
1089 801 1220 851 enim,
1252 800 1293 841 id
1317 810 1396 852 est,
1418 811 1571 843 contra

129 861 276 916 populi
318 860 498 900 Romani
538 859 787 914 religionem
823 867 867 899 et
903 858 1028 899 fidem
1064 857 1217 898 fecisse
1251 858 1443 908 dicitur)
1480 873 1567 900 non

129 925 253 972 turpe
284 916 442 973 populo
468 916 694 957 Romano?
726 930 868 956 nonne
899 916 1050 957 vobis?
1100 913 1260 956 Audivi
1293 915 1378 956 hoc
1407 916 1460 956 de
1494 914 1618 972 pet-5

128 984 249 1015 rente
282 989 376 1015 meo
408 987 534 1029 puer:
568 987 664 1013 cum
698 973 755 1019 Q.
782 972 1000 1023 Metellus,
1028 973 1147 1013 Lucii
1172 972 1299 1024 filius,
1320 987 1491 1014 causam
1516 974 1571 1015 de
1587 988 1633 1023 11

131 1031 327 1086 pecuniis
361 1031 606 1086 repetundis
639 1031 815 1080 diceret,
848 1030 931 1081 ille,
965 1030 1033 1070 ille
1067 1030 1144 1081 vir,
1174 1029 1243 1070 cui
1279 1030 1428 1085 patriae
1460 1030 1572 1072 salus

129 1088 312 1138 dulcior,
345 1102 471 1143 quam
510 1097 781 1143 conspectus,
813 1086 920 1128 fuit:
959 1088 1032 1142 qui
1064 1087 1116 1127 de
1145 1087 1324 1128 civitate
1353 1088 1574 1140 decedere,

132 1159 261 1200 quam
296 1146 348 1186 de
382 1146 593 1185 sententia
630 1145 802 1186 maluit:
836 1144 972 1186 271100
1008 1144 1141 1200 igitur
1178 1159 1350 1185 causam
1388 1145 1575 1197 dicente,

132 1216 230 1243 cum
284 1203 417 1258 ipsius
461 1203 617 1243 tabulae
660 1201 1037 1243 circumferrentur
1079 1201 1336 1257 inspiciendi
1386 1203 1688 1250 no1ninisp.57.

131 1273 277 1307 causa,
302 1260 431 1300 fuisse
456 1259 650 1314 jndicem
672 1262 775 1300 23ex
808 1259 888 1300 illis
913 1259 1130 1315 equitibus
1162 1258 1384 1311 Romanis,
1413 1260 1619 1315 gravis-²²·

134 1317 252 1357 simis
287 1317 400 1367 viris,
435 1317 663 1366 neminem,
688 1317 789 1371 quin
826 1327 1064 1358 removeret
1097 1316 1259 1367 oculos,
1281 1325 1325 1357 et
1358 1331 1402 1358 se
1434 1327 1578 1358 totum

133 1383 358 1424 averteret,
390 1388 442 1414 ne
475 1374 598 1424 forte,
621 1377 660 1407 '29
674 1374 789 1428 quod
826 1373 894 1414 ille
928 1374 970 1415 in
1003 1373 1169 1414 tabulas
1203 1374 1431 1425 retulisset,
1454 1375 1580 1415 dubi-

134 1438 246 1471 tasse
277 1431 519 1486 quisquam‚
553 1445 768 1482 verumne,
798 1445 851 1471 an
886 1430 1038 1472 falsum
1072 1440 1197 1481 esset,
1231 1431 1468 1474 videretur:
1502 1445 1580 1472 nos

136 1486 219 1528 Cn.
247 1488 444 1543 Pompeii
477 1491 517 1519 30
531 1489 766 1540 decretum,
797 1488 849 1529 de
879 1488 1048 1529 consilii
1085 1488 1297 1529 sententia
1328 1490 1581 1544 pronuntia-

135 1554 245 1594 tum,
268 1547 653 1600 recognoscemus?
676 1561 773 1586 cum
797 1545 965 1601 legibus
989 1546 1287 1587 conferemus?
1318 1548 1354 1575 31
1374 1561 1473 1587 cum
1496 1546 1582 1587 foe-

133 1601 335 1643 cleribus?
366 1603 512 1643 omnia
533 1603 808 1643 acerbissima
826 1604 1051 1659 diligentia
1073 1603 1413 1658 perpendemus?
1444 1602 1580 1644 Athe-

134 1659 202 1700 nis
228 1660 363 1710 aiunt,
385 1674 483 1700 cum
515 1660 690 1715 quidum
720 1663 758 1690 ³2
771 1661 883 1716 apud
906 1675 993 1712 eos,
1017 1662 1089 1716 qui
1125 1669 1273 1701 sancte
1306 1661 1582 1716 graviterque

179 1782 221 1813 ‘26
248 1792 341 1822 quem
370 1787 488 1814 extem
511 1783 639 1823 gentes]
673 1783 737 1814 Ms.
767 1783 837 1814 Erf.

138 1824 209 1855 Pal.
239 1825 346 1855 Guell'.
382 1835 412 1865 q.
442 1827 532 1855 ultra
564 1832 722 1863 regentes,
754 1826 839 1856 unde

137 1867 284 1898 Graevius
298 1867 467 1905 eleganter
480 1869 604 1898 ulstimoe
616 1873 740 1907 gentes.
757 1868 839 1899 [dd.

138 1919 187 1949 pr.
204 1911 316 1939 altera?
332 1915 453 1948 gemes.
498 1909 634 1941 Es-teroe
649 1912 772 1951 primus
787 1910 842 1940 de-

137 1951 187 1981 dit
205 1951 312 1982 dunta
325 1961 342 1981 e
358 1962 385 1981 c.
402 1952 432 1982 6.
449 1952 501 1982 ubi
518 1953 840 1993 paritet·junguntur

133 1995 250 2034 populi
264 2003 369 2032 reges,
384 1998 501 2024 extera?
512 2000 635 2032 gemes.

182 2038 221 2069 27
246 2037 302 2065 hoe
315 2037 338 2066 i.
355 2045 381 2065 c.
404 2036 540 2076 dicente]
568 2037 713 2066 Notctur
735 2047 754 2067 a
772 2041 840 2066 stu-

139 2076 238 2107 diosis
254 2078 391 2107 variatio
406 2078 520 2108 formae
536 2078 662 2109 dicendi
688 2085 763 2118 post
786 2089 840 2118 pa-

141 2120 323 2150 renthesin.
347 2125 424 2150 ante
447 2127 530 2156 erat,
547 2131 619 2150 cum
636 2130 771 2150 causam
794 2121 841 2150 di-

138 2166 238 2198 ceret,
267 2168 340 2203 post
369 2162 592 2202 parenthesin,
623 2164 679 2192 hoc
706 2172 842 2193 caum-m

141 2204 276 2234 dicente.
306 2205 385 2234 Mox
398 2205 587 2243 inspiciendi
601 2205 739 2235 nominis
751 2214 843 2234 caus-

141 2246 358 2286 sa‚i11tellige
383 2247 421 2276 de
437 2247 544 2286 capite
568 2247 714 2287 pecuniae
738 2247 772 2276 in
795 2257 845 2277 ra-

142 2289 300 2318 tionibus.

187 2332 226 2360 28
241 2341 281 2360 ea:
294 2331 359 2360 illis
374 2330 469 2370 equit.
482 2329 541 2369 R]
560 2331 688 2370 Nempe
703 2331 843 2370 quitum

137 2371 346 2413 judicabant,
362 2372 471 2411 quales
496 2378 567 2402 tuni
592 2381 700 2409 erant,
719 2372 774 2412 qui
790 2373 845 2412 ju-

146 2414 231 2444 dicia
244 2415 452 2449 exercebant,
469 2415 648 2453 gravissimi
664 2415 732 2445 viri.

187 2458 227 2490 529
243 2457 327 2495 quod
338 2457 393 2486 ille
407 2457 442 2486 z'n
457 2458 587 2487 tabulas
604 2458 754 2496 publicas
767 2456 843 2496 ΝΞΛ]

146 2497 211 2529 Ms.
230 2498 298 2528 Erf.
317 2505 403 2528 recte
418 2499 545 2528 omittit
556 2500 716 2538 publicas.
740 2509 846 2529 sermo

146 2541 236 2570 enirn
273 2540 312 2570 de
348 2540 469 2571 tabulis
497 2542 643 2580 privatis,
673 2547 750 2571 ante
778 2546 845 2571 est:

147 2592 223 2612 cum
239 2583 339 2622 ipsius
355 2583 439 2612 tabb.
455 2583 760 2624 cireunifhrrentur.
808 2584 848 2613 Et

147 2623 201 2654 hae
217 2624 251 2654 in
266 2634 363 2655 causa
377 2625 415 2654 de
431 2626 618 2664 repetundis
632 2626 848 2665 inspicieban-

147 2670 205 2695 tur
232 2667 371 2707 proprie.
414 2666 491 2696 Non
520 2666 666 2698 dubitavi
691 2677 769 2706 ergo
794 2667 848 2698 de-

149 2708 228 2739 lere.

192 2752 235 2780 30
263 2750 440 2786 decretum,
463 2749 648 2790 judicium]
678 2749 851 2781 Jmlieium

151 2801 220 2822 non
251 2792 369 2831 reperit
397 2793 556 2822 Gruterus
585 2794 619 2822 in
650 2793 718 2822 Pal.
747 2803 848 2829 nono,

151 2833 270 2864 Codice
285 2835 424 2874 opfmro,
439 2834 531 2872 eique
553 2839 587 2864 et
601 2835 729 2864 Graevio
744 2834 851 2874 place-

150 2875 208 2907 bat
223 2875 335 2907 deleri.
359 2876 446 2916 quod
466 2881 501 2906 et
523 2876 605 2907 mihi
628 2876 768 2908 videtur.
812 2877 853 2907 In

881 1783 975 1815 verr.
999 1784 1045 1819 ΙΙ,
1070 1786 1121 1815 ⁶23.
1143 1784 1243 1814 etiam
1263 1785 1456 1823 junguntur
1477 1785 1586 1816 decre-

882 1831 954 1857 tum
976 1831 1010 1856 et
1025 1826 1212 1867 judicium;
1230 1827 1265 1856 ob
1288 1831 1382 1856 tuum
1405 1827 1585 1866 decretum,

883 1870 917 1898 ob
933 1874 1027 1900 taum
1041 1868 1209 1909 judicium
1223 1881 1231 1897 :
1254 1869 1308 1898 scd
1332 1869 1374 1898 ibi
1391 1869 1430 1899 de
1446 1869 1586 1908 judicio,

884 1912 1013 1951 proprie
1036 1911 1122 1950 quod
1137 1911 1269 1947 dicitur,
1289 1920 1395 1941 sermo
1410 1916 1472 1948 est,
1487 1918 1522 1944 et
1537 1921 1587 1943 re-

883 1954 1000 1993 petitio
1015 1955 1050 1983 ob
1065 1958 1160 1983 tuum
1174 1953 1301 1992 copula»
1317 1953 1379 1983 vim
1395 1953 1507 1984 habet.

924 1998 960 2026 31
979 1995 1241 2036 cumfoederibus
1256 1997 1365 2025 omm'a
1382 1996 1456 2035 δια]
1478 1997 1586 2027 Inter-

883 2038 983 2077 punxi
1007 2045 1080 2078 post
1102 2047 1175 2067 eum
1190 2037 1390 2078 findet-ihus.-
1413 2047 1474 2068 nec
1496 2039 1586 2071 enim

884 2079 923 2108 ad
933 2081 1170 2120 ]›e77›endewms
1185 2079 1335 2116 refertur,
1350 2079 1406 2110 sed
1429 2080 1468 2110 ad
1481 2082 1588 2123 confe-

884 2131 1005 2152 remus.
1055 2122 1188 2158 Omnia,
1203 2121 1289 2160 quod
1308 2133 1325 2152 e
1342 2121 1421 2152 Mss.
1442 2123 1587 2162 antiquit

885 2164 990 2193 tribus
1006 2163 1095 2193 dedit
1110 2165 1283 2199 GruteruS,
1300 2174 1358 2204 pro
1373 2174 1511 2204 quorum
1535 2175 1585 2197 ac.

887 2206 943 2235 dic.
959 2210 1017 2242 est,
1033 2212 1083 2236 est
1098 2206 1197 2235 etiam
1214 2206 1247 2234 in
1263 2206 1372 2236 Guelf.
1422 2205 1502 2237 Cum
1517 2209 1588 2246 qui-

888 2248 978 2283 dam,
1003 2247 1235 2284 intelligendus
1255 2248 1457 2279 Xenocrates
1482 2249 1587 2288 philo-

885 2289 1006 2329 sophus
1030 2289 1252 2320 Academicus,
1274 2300 1303 2320 v.
1328 2290 1369 2320 ad
1392 2292 1462 2321 Att.
1485 2291 1514 2328 1,
1540 2292 1588 2323 16.

888 2331 1036 2371 idemque
1054 2331 1205 2362 Laertius
1220 2336 1254 2362 et
1268 2332 1322 2362 alii
1337 2337 1486 2363 narrant.

929 2376 969 2404 3⁶2
986 2375 1078 2413 apud
1090 2373 1152 2413 eos]
1180 2373 1228 2403 Ex
1244 2374 1380 2405 Athenis
1402 2375 1462 2405 int.
1487 2375 1588 2406 Athe-

889 2416 1029 2453 nienses,
1067 2416 1172 2456 figura
1209 2425 1277 2446 non
1312 2417 1438 2457 ignota,
1468 2427 1488 2447 a
1523 2418 1588 2449 Ms.

889 2457 998 2488 Guelf.
1021 2458 1112 2488 abest
1135 2459 1227 2498 apud
1247 2469 1306 2489 eos.
1329 2459 1416 2498 quod
1437 2469 1503 2490 non
1525 2460 1592 2491 dis-

889 2500 1000 2540 plicet.
1015 2509 1092 2530 nam
1109 2505 1197 2530 certe
1212 2501 1304 2540 apud
1314 2501 1446 2541 judices
1461 2503 1590 2542 proprie

890 2542 952 2572 dici
975 2542 1124 2572 debebat.
1169 2543 1229 2572 Sed
1245 2548 1357 2573 tamen
1379 2548 1414 2574 et
1436 2544 1518 2573 illud
1541 2554 1591 2575 re-

891 2589 982 2614 ctum
1006 2588 1068 2622 est,
1095 2588 1128 2614 et
1151 2585 1334 2615 orationem
1361 2586 1438 2616 facit
1464 2585 1592 2616 suavio-

891 2636 971 2656 rem.
1017 2626 1106 2656 Haesi
1130 2631 1164 2656 ct
1189 2627 1222 2656 in
1245 2628 1384 2666 publice.
1411 2637 1486 2657 nam
1515 2629 1593 2666 quid

890 2673 940 2697 est
972 2669 1101 2707 publice
1132 2672 1205 2698 test.
1234 2670 1366 2699 ficere?
1401 2669 1435 2698 in
1464 2669 1592 2707 judicio

892 2710 1022 2748 quidem
1045 2720 1143 2740 nemo
1160 2710 1287 2750 publice
1299 2711 1528 2741 testimonium
1543 2712 1593 2742 di-

894 2753 957 2781 cit:
983 2761 1060 2782 nam
1090 2752 1121 2781 id
1146 2757 1208 2788 est,
1232 2753 1374 2782 civitatis
1400 2753 1534 2783 nomine
1559 2753 1594 2785 et

892 2804 1002 2830 causa,
1027 2794 1114 2832 quod
1139 2799 1189 2823 est
1215 2795 1372 2824 alienum.
1403 2804 1477 2824 nam
1508 2795 1595 2834 quod

893 2835 1044 2865 Valerius
1058 2836 1138 2866 dicit
1153 2840 1300 2866 encta-lum
1322 2837 1440 2867 dixisse
1455 2839 1595 2868 testimo-

893 2878 1002 2914 nium,
1015 2877 1048 2908 id
1057 2882 1172 2908 tamen
1185 2887 1252 2908 non
1266 2883 1315 2908 est
1323 2879 1454 2918 publice
1467 2880 1595 2911 dimisse.
