1812 3147
362 127 437 166 AD
463 125 713 168 QUIRITES
738 125 869 164 POST
894 123 1156 163 REDITUM.
1401 124 1475 158 815

46 245 155 283 sum,
177 244 239 283 ea,
257 230 441 286 judices,
463 244 488 270 a
509 230 631 271 vobis
655 243 778 285 spero
801 243 891 270 esse
913 229 957 269 in
978 229 1137 269 bonam
1169 233 1334 283 partem
1357 238 1478 266 acce-

43 298 143 345 pta3
172 289 227 330 ab
249 301 316 339 ee,
337 287 409 343 qui
426 286 642 342 judicium
663 295 850 338 exer,cet
871 289 1040 327 49certo
1062 284 1167 325 scio.

457 425 459 427 .
490 401 532 434 49
545 404 631 431 certe
642 399 720 440 scio]
736 399 844 431 Immo
858 402 944 430 cerco
955 398 1029 429 scio.

335 597 406 644 M.
439 597 710 646 TULLII
749 594 1178 645 CICERONIS
1492 597 1609 668 2:19⁸-

725 693 790 720 AD

199 768 1333 851 QUIRIT-ES

442 895 648 950 POST
688 893 1097 948 REDITUM

263 1011 514 1064 ORATIO,
546 1010 819 1054 SEPTIMA
850 1009 925 1052 ET
956 1008 1274 1052 VICESIMA.

567 1211 959 1251 ARGUMENTUM
963 1241 971 1248 .

48 1284 94 1324 Ρ.
114 1286 269 1323 Lentulo
297 1293 333 1324 et
361 1288 404 1330 Q.
424 1288 574 1324 Metello
597 1288 691 1324 Coss.
711 1299 802 1330 cum,
833 1291 961 1334 agente
989 1285 1157 1326 Lentulo,
1188 1287 1400 1334 deprecante
1419 1288 1482 1322 Cn.

101 1339 286 1388 Pompeio,
316 1341 361 1377 ab
387 1342 512 1377 exsilio
531 1345 716 1376 revocatus
743 1343 831 1375 esset
852 1339 985 1378 Cicero,
1018 1340 1054 1373 in
1082 1350 1151 1385 quo
1177 1340 1327 1374 sedecim
1356 1351 1486 1375 irienses

92 1391 249 1441 fuerat;
275 1393 411 1441 populo
440 1394 477 1429 in
505 1393 572 1428 hac
601 1393 764 1428 oratione
790 1392 932 1438 gratias
965 1392 1049 1437 egit.
1108 1391 1230 1426 Omnis
1255 1403 1340 1438 ergo
1368 1393 1487 1427 oratio

100 1448 265 1480 versatur
291 1447 329 1481 in
348 1446 627 1481 demonstranda
655 1444 812 1492 beneficii
839 1443 907 1479 sibi
935 1443 1061 1478 tributi
1088 1444 1362 1490 magnitudine;
1393 1444 1489 1490 quod

102 1495 176 1532 haec
194 1497 273 1544 ipsa
288 1502 340 1532 est
364 1499 465 1545 grati
490 1498 603 1533 animi
628 1496 861 1545 significatio,
882 1507 971 1534 cum,
994 1499 1168 1542 quantuni
1195 1497 1245 1530 sit
1271 1495 1485 1544 beneficium,

101 1548 304 1596 intelligere
321 1561 384 1584 nos
403 1550 632 1590 ostendimus,
652 1553 688 1584 et
706 1547 862 1596 facilius
878 1548 995 1596 fidem
1012 1546 1188 1595 facimus,
1216 1552 1363 1594 gratum
1390 1548 1490 1583 nobis

101 1599 307 1650 beneficium
324 1613 406 1637 esse.
460 1601 549 1636 Hcec
567 1602 826 1636 demonstratio
846 1601 935 1635 duos
961 1604 1082 1647 partes
1101 1599 1206 1635 habet
1218 1615 1230 1635 .·
1255 1601 1377 1646 primu
1396 1612 1490 1635 com-

78 1656 211 1699 -parat
238 1653 330 1689 hunc
353 1657 562 1701 praesentem
581 1657 717 1688 statum
734 1664 848 1692 suum,
871 1663 975 1699 quem
998 1652 1135 1699 populo
1155 1652 1313 1693 debebat,
1334 1664 1413 1687 cum
1429 1664 1489 1687 su-

101 1705 251 1752 periori,
277 1705 450 1753 illumque
475 1705 558 1741 huic
586 1705 690 1752 longe
711 1704 875 1753 proefert‚
902 1716 1119 1751 quamquam
1149 1708 1184 1739 et
1210 1704 1313 1738 illum
1343 1705 1491 1751 amplis-

100 1757 231 1792 simum
248 1756 370 1806 fuisse
385 1757 558 1806 fatetur:
588 1757 706 1792 altera
730 1762 850 1792 autem
877 1758 1141 1792 restitutionem
1172 1767 1275 1790 susim
1306 1761 1492 1804 comparat

102 1819 183 1843 cum
211 1811 441 1846 restitutione
468 1810 625 1849 aliorum
647 1809 909 1848 Consularium,
931 1808 976 1843 P.
997 1808 1150 1855 Popilii,
1177 1807 1218 1848 Q.
1239 1807 1383 1843 Metelli
1413 1809 1494 1844 Nu-

104 1861 240 1901 midici,
275 1866 310 1897 et
343 1861 380 1897 C.
410 1861 540 1903 Marii,
575 1872 682 1909 seque
714 1861 829 1907 multo
861 1861 1151 1909 honorificentius
1179 1871 1251 1895 esse
1286 1862 1494 1897 restitutum

104 1914 284 1954 ostendit;
315 1925 394 1949 cum
413 1915 480 1953 illi,
503 1914 774 1961 deprecantibus
796 1914 1013 1961 propinquis
1039 1912 1177 1953 multis,
1198 1913 1409 1958 rogantibus
1428 1914 1495 1948 tri-

105 1964 208 2001 bunis
226 1969 379 2008 tantum,
399 1967 561 2002 restituti
576 1967 662 2008 sint,
684 1967 758 2013 ipse
775 1970 893 2001 autem
917 1965 1056 2000 nemine
1079 1968 1213 2011 prceter
1231 1963 1393 2012 fratrem
1410 1977 1495 2012 sup-

102 2017 277 2064 plicante,
307 2017 403 2053 SCto
432 2023 465 2053 et
495 2018 580 2065 lege,
603 2019 713 2053 totius
742 2018 863 2053 Italice
890 2018 1129 2057 consensione,
1161 2017 1360 2052 incredibili
1388 2017 1496 2052 bono·

109 2081 191 2106 rum
209 2071 368 2105 omnium
384 2071 519 2112 studio,
539 2074 666 2117 ugente
684 2069 853 2109 Lentulo,
875 2070 1087 2117 deprecante
1106 2068 1290 2115 Pompeio,
1311 2074 1495 2105 revocatus

87 2123 166 2160 .sit.
220 2122 265 2158 1η
283 2122 507 2158 conclusione
519 2123 656 2170 populo
673 2123 909 2171 suamfidem,
927 2122 1115 2169 pietatem,
1136 2122 1327 2168 omniaque
1346 2121 1495 2168 pollice-

84 2196 88 2198 v
106 2180 180 2216 tur,
199 2186 278 2222 quae
294 2175 339 2210 ab
358 2174 499 2211 homine
515 2178 624 2221 grato
641 2175 680 2210 in
693 2175 871 2223 populum
890 2178 923 2209 et
941 2172 1195 2220 rempublicam
1215 2172 1398 2222 proficisci
1412 2185 1496 2221 pos—

106 2227 191 2264 sint.

61 2304 274 2380 QUOD
307 2343 502 2390 precatus
525 2350 550 2376 a
570 2334 682 2377 Jove
706 2333 929 2391 Optimor
914 2332 1131 2385 Maximo,
1154 2334 1392 2388 ceterisque
1414 2332 1538 2383 diis}

59 2390 388 2449 immortalibus,
407 2407 516 2444 sum,
540 2392 747 2442 Quirites,
768 2406 820 2432 eo
843 2401 1051 2447 tempore,
1069 2406 1168 2432 cum
1193 2405 1259 2430 me
1282 2390 1347 2431 for
1354 2400 1496 2430 tuuas-
1513 2409 1530 2439 1

59 2462 142 2504 que
163 2463 278 2490 meas
305 2463 382 2504 pro
406 2459 545 2490 vestra
568 2449 879 2499 incolumitate,
901 2448 1008 2499 otio,
1031 2448 1346 2502 concordiaque
1368 2447 1446 2487 dev
1452 2462 1499 2487 o-

59 2505 120 2556 vi,
140 2514 202 2556 ut,
229 2505 262 2546 si
294 2520 410 2547 meas
441 2508 627 2547 rationes
655 2520 860 2561 umquam
890 2515 1043 2546 vestrae
1074 2504 1198 2545 saluti
1231 2504 1500 2560 anteposuis-

60 2576 166 2613 sem,
198 2563 500 2618 sempiternam
539 2578 717 2619 poenam
749 2562 1017 2614 sustinerem,
1047 2577 1143 2602 mea
1176 2561 1396 2602 voluntate
1433 2575 1502 2601 su-

63 2627 268 2683 sceptam.
292 2620 356 2660 sin
377 2631 421 2662 et
443 2635 507 2672 ea,
527 2635 626 2675 quae
649 2629 748 2661 ante
773 2635 847 2676 ges
852 2634 1002 2671 seram,
1025 2619 1328 2659 conservandae
1352 2617 1503 2658 civita—

64 2675 120 2716 tis
140 2690 268 2717 causa
299 2678 538 2732 gessissem,
561 2686 604 2717 et
637 2677 753 2718 illam
784 2677 982 2717 mise1am
1017 2675 1327 2731 profectionem
1351 2683 1503 2714 vestrae

65 2731 212 2782 salutis
237 2734 376 2788 gratia
399 2734 704 2789 suscepissem:
737 2743 799 2785 ut,
822 2734 938 2788 quod
961 2734 1109 2774 odium
1140 2732 1331 2773 scelerati
1363 2730 1505 2770 homi-

66 2802 142 2830 nes
171 2797 215 2829 et
243 2790 423 2831 audaces
453 2791 498 2832 in
527 2790 840 2855 rempublicam
870 2798 914 2831 et
943 2790 986 2830 in
1015 2803 1162 2830 omnes
1195 2790 1330 2829 bonos
1351 2801 1506 2828 conce-

69 2853 195 2906 ptum
221 2845 389 2902 jamdiu
421 2847 705 2900 continerent,
738 2847 780 2888 id
816 2861 860 2887 111
889 2861 958 2889 me
987 2861 1073 2888 uno
1101 2846 1263 2902 potius,
1298 2858 1427 2899 quarn
1460 2843 1504 2884 in

713 2909 739 2945 3
770 2917 802 2945 H
834 2909 859 2944 2
