1817 3169
557 80 623 118 IN
648 78 693 117 L.
711 78 991 117 PISONEM.
1392 85 1493 120 1143

57 191 226 226 senatus
248 182 341 224 odit
363 190 418 232 te,
437 182 552 237 quod
582 197 680 223 eum
713 191 760 223 tu
790 181 929 222 facere
949 181 1049 237 jure
1070 183 1286 234 concedis,
1310 185 1494 228 afflicto-

56 255 142 282 rem
166 248 208 280 et
231 240 487 294 perditorem
511 253 594 280 non
629 239 757 280 modo
787 238 1012 294 dignitatis
1041 247 1085 278 et
1113 241 1396 293 auctoritatis,
1420 242 1495 284 sed

56 297 232 338 omnino
251 295 413 337 ordinis
434 311 483 337 ac
508 296 693 337 nominis
715 296 804 337 sui:
839 295 981 336 videre
1005 294 1170 350 equites
1197 295 1380 339 Romani
1405 314 1494 341 non

53 362 248 410 possunt,
270 367 356 406 quo
386 366 440 393 ex
472 352 621 394 ordine
655 355 687 383 ¹1
707 353 769 394 vir
791 352 1170 408 praestantissimus
1200 362 1244 393 et
1274 356 1495 398 ornatissi-

53 423 148 450 mus
175 409 223 450 L.
246 409 385 450 AElius
406 418 485 460 est,
508 419 549 450 te
570 410 744 451 consule
763 410 999 465 relegatus:
1034 408 1153 464 plebs
1178 408 1377 451 Romana
1399 427 1494 467 per-

54 466 193 507 ditum
223 467 358 522 cupit,
379 466 422 506 in
444 466 567 521 cujus
599 478 644 508 tu
678 466 900 508 infamiam
922 481 985 516 ea,
1007 480 1104 520 quae
1137 480 1211 521 per
1241 467 1425 508 latrones
1450 479 1495 510 et

52 537 129 579 per
150 537 293 564 servos
315 524 367 564 de
390 538 457 564 me
479 538 641 580 egeras,
660 523 906 566 contulisti:
931 523 1057 564 Italia
1077 533 1234 564 cuncta
1251 535 1492 576 execratur,

55 582 93 610 12
105 579 228 635 cujus
261 581 375 622 idem
411 590 456 621 tu
488 581 792 637 superbissime
814 581 987 622 decreta
1006 589 1050 621 et
1072 594 1217 636 preces
1241 582 1490 637 repudiasti.

55 635 141 679 Fac
163 638 292 694 hujus
321 637 408 678 odii
439 640 545 679 tanti
577 653 627 680 ac
658 648 744 679 tam
777 638 963 678 universi
997 638 1248 693 periculum,
1281 639 1314 678 si
1346 640 1551 685 audes.65

54 692 226 735 Instant
264 704 361 750 post
393 696 616 736 hominum
648 696 897 736 memoriam
929 694 1260 750 apparatissimi,
1291 697 1492 752 magnifi-

53 752 375 806 centissimique
398 753 499 804 ludi,
521 752 665 807 quales
697 767 781 794 non
802 751 931 792 modo
955 766 1188 806 numquam
1209 751 1396 802 fuerunt,
1419 754 1493 795 sed

53 823 108 849 ne
129 809 346 864 quomodo
369 809 458 849 fieri
481 809 654 864 quidem
677 808 857 866 posthac
877 809 1057 864 possint,
1073 823 1244 864 possum
1262 809 1345 850 ullo
1367 820 1493 866 pacto

55 866 277 922 suspicari.
331 865 400 907 Da
414 876 455 906 te
475 867 649 922 populo,
676 870 710 898 13
726 868 949 908 committe
972 865 1096 906 ludis.
1119 866 1290 907 sibilum
1309 869 1494 910 metuis?

53 922 142 964 Ubi
165 931 264 963 sunt
287 933 437 964 vestrae
459 923 646 965 scholae?
676 937 729 964 ne
752 923 1037 964 acclametur?
1068 937 1122 963 ne
1153 924 1194 964 id
1225 924 1398 980 quidem
1428 933 1495 966 est

53 994 201 1020 curare
235 979 495 1036 philosophi.
529 995 680 1021 manus
714 981 794 1021 tibi
828 994 880 1020 ne
916 979 1163 1030 afferantur,
1197 981 1336 1022 times.
1369 982 1492 1023 dolor

50 1036 166 1078 enim
188 1047 252 1077 est
272 1035 445 1089 malum,
465 1050 513 1078 ut
533 1037 726 1093 disputas
745 1055 753 1079 :
774 1037 1053 1087 existimatio,
1077 1038 1276 1090 dedecus,
1298 1038 1492 1090 infamia,

53 1093 291 1149 turpitudo,
314 1095 444 1135 verba
466 1104 565 1136 sunt
586 1104 715 1150 atque
737 1095 928 1150 ineptiae.
990 1094 1074 1134 Sed
1098 1095 1150 1135 de
1181 1095 1264 1137 hoc
1296 1111 1382 1137 non
1411 1097 1492 1138 du-

52 1150 162 1192 bito.
184 1165 270 1191 non
292 1151 468 1192 audebit
489 1152 690 1193 accedere
712 1152 765 1193 ad
792 1151 929 1192 ludos.
990 1149 1252 1193 Convivium
1270 1153 1492 1209 publicum

51 1221 138 1249 non
167 1207 392 1264 dignitatis
424 1211 564 1265 gratia
594 1209 737 1260 inibit,
759 1208 861 1262 (nisi
893 1207 1005 1248 forte
1034 1218 1082 1250 ut
1112 1223 1212 1250 cum
1246 1210 1294 1251 Ρ.
1320 1211 1490 1263 Clodio,

51 1264 136 1306 hoc
166 1275 245 1317 est,
273 1280 373 1306 cum
404 1266 622 1307 amoribus
660 1266 746 1308 suis
779 1267 960 1316 coenet‚)
993 1265 1066 1306 sed
1102 1266 1227 1321 plane
1259 1268 1391 1310 animi
1425 1269 1488 1310 sui
1501 1279 1554 1313 66

54 1337 208 1364 causa:
239 1322 361 1364 ludos
384 1324 508 1365 nobis
538 1324 685 1365 idiotis
715 1322 941 1378 relinquet.
967 1322 1075 1364 solet
1095 1324 1210 1365 enim
1233 1325 1276 1366 in
1299 1325 1492 1382 disputa-

53 1379 245 1421 tionibus
267 1380 368 1432 suis,
388 1380 610 1422 oculorum
632 1391 676 1421 et
701 1383 738 1411 14
749 1381 917 1421 aurium
945 1379 1220 1423 delectationi
1249 1383 1493 1425 abdominis

53 1436 296 1492 voluptates
337 1437 562 1479 anteferre.
600 1452 716 1488 nam,
748 1437 865 1493 quod
904 1438 1027 1478 vobis
1069 1438 1150 1479 iste
1193 1441 1494 1482 tantummodo

58 1494 345 1550 15improbus,
367 1495 548 1536 crudelis
570 1495 673 1536 olim
697 1493 963 1546 furunculus,
983 1509 1100 1537 nunc
1130 1510 1230 1537 vero
1263 1498 1395 1538 etiam
1429 1513 1494 1539 ra-

51 1564 155 1606 pax,
184 1551 299 1607 quod
331 1552 540 1604 sordidus,
562 1553 678 1608 quod
708 1561 961 1601 contumaX,
981 1552 1097 1608 quod
1133 1555 1355 1609 superbus,
1377 1556 1492 1610 quod

53 1606 200 1659 fallax,
223 1609 337 1664 quod
368 1609 637 1665 perfidiosus,
661 1610 777 1665 quod
807 1609 1051 1665 impudens,
1080 1612 1197 1665 quod
1229 1612 1370 1653 audax
1402 1623 1607 1661 essep.94.

53 1664 273 1707 videatur:
304 1666 412 1707 nihil
445 1667 602 1707 scitote
633 1681 724 1708 esse
755 1667 1033 1718 luxuriosius,
1064 1668 1174 1709 nihil
1205 1668 1536 1721 libidinosius‚³·

53 1721 162 1763 nihil
181 1723 408 1778 posterius,
429 1723 537 1765 nihil
557 1724 754 1780 nequius.
778 1724 816 1755 16
829 1723 1044 1765 luxuriam
1075 1735 1220 1766 autem
1240 1726 1285 1767 in
1312 1727 1395 1768 isto
1416 1742 1494 1769 no-

55 1778 131 1820 lite
162 1779 276 1821 hanc
302 1781 508 1837 cogitare.
570 1781 649 1822 Est
677 1781 794 1822 enim
826 1781 1040 1837 quaedam,
1067 1797 1327 1838 quamquam
1355 1786 1493 1826 omnis
1506 1789 1559 1828 67

55 1844 121 1877 est
151 1837 306 1878 vitiosa
336 1847 465 1893 atque
496 1839 648 1894 turpis,
671 1847 816 1880 tamen
850 1839 1041 1895 ingenuo
1074 1855 1124 1880 ac
1148 1840 1285 1881 libero
1307 1842 1495 1898 dignior.

54 1892 164 1934 nihil
195 1894 308 1950 apud
341 1894 456 1936 hunc
486 1895 665 1947 lautum,
696 1896 806 1937 nihil
835 1895 1023 1952 elegans,
1056 1897 1164 1938 nihil
1204 1900 1499 1954 exquisitum:

55 1948 241 1992 laudabo
263 1951 510 1993 inimicum:
545 1967 596 1994 ne
625 1968 888 2010 magnopere
918 1954 1092 2009 quidem
1115 1955 1365 2010 quidquam,
1389 1972 1500 2012 prae-

56 2016 122 2048 ter
142 2007 356 2061 libidines,
376 2019 660 2051 sumtuosum.
681 2020 876 2051 toreuma
908 2011 1068 2052 nullum
1086 2027 1094 2053 :
1126 2013 1307 2053 maximi
1330 2014 1498 2067 calices,

57 2073 102 2105 et
133 2064 194 2116 hi,
225 2079 279 2106 ne
305 2075 579 2108 contemnere
613 2082 710 2109 suos
744 2068 954 2119 videatur,
979 2068 1244 2111 Placentini:
1277 2081 1499 2114 exstructa

57 2132 218 2173 mensa,
241 2137 326 2175 non
346 2123 584 2179 conchyliis
606 2135 679 2165 aut
701 2125 906 2180 piscibuS,
921 2125 993 2166 sed
1016 2125 1151 2166 multa
1171 2141 1299 2168 carne
1320 2128 1498 2169 subran-

57 2178 167 2220 cida.
189 2180 299 2220 servi
321 2180 527 2222 sordidati
550 2181 820 2224 ministrant:
843 2182 1038 2224 nonnulli
1059 2183 1190 2225 etiam
1214 2199 1357 2227 senes:
1383 2186 1498 2228 idem

105 2319 138 2348 ll
154 2319 207 2349 vir
213 2324 325 2359 proest.
337 2324 369 2351 et
381 2321 620 2360 ornatissimus]
639 2320 755 2352 Addidi

58 2369 134 2391 cum
146 2360 274 2392 Graevio
286 2367 317 2393 et
329 2364 569 2394 ornatissimus.-
587 2368 755 2404 repertum

59 2401 101 2432 ab
121 2411 161 2432 eo
183 2404 217 2433 in
239 2404 320 2435 Mss.
341 2405 430 2435 Pith.
447 2406 561 2436 anc.
584 2415 652 2436 non
674 2407 755 2437 vidit

59 2453 128 2474 esse
149 2448 185 2475 et
205 2445 241 2476 in
261 2446 314 2478 ed.
331 2447 439 2478 wald.
461 2452 511 2478 est
537 2449 619 2478 item
645 2449 679 2478 in
703 2449 752 2479 ed.

107 2529 143 2558 12
164 2527 258 2569 cujus
277 2531 362 2561 idem
385 2531 436 2570 tu]
475 2530 647 2571 Languere
675 2532 757 2563 mihi

61 2567 115 2600 hie
128 2570 231 2601 visum
244 2579 293 2602 est
309 2574 390 2604 idem
403 2586 412 2603 .·
426 2575 672 2614 suspicatusque
683 2584 758 2605 sum

59 2610 151 2648 item,
167 2614 298 2652 pariter.

108 2655 145 2683 13
167 2657 328 2687 committe
350 2657 449 2697 ludis]
479 2658 643 2689 Excidisse
673 2662 755 2698 puto

62 2697 106 2731 te,
120 2695 324 2765 habeor-ptum
359 2709 380 2729 a
414 2700 506 2730 finali
542 2700 756 2741 praecedentis

62 2744 118 2766 ver
142 2746 163 2767 ι.

107 2779 146 2808 14
172 2764 307 2810 aur-iuni
341 2782 544 2814 delectationi
579 2785 758 2815 abdominis

796 2325 852 2352 tor
876 2325 973 2362 putet
1001 2321 1168 2354 dicturum
1193 2325 1299 2356 animi
1325 2327 1388 2357 vol.
1417 2326 1498 2358 dicit

797 2364 988 2394 abdominis.

843 2409 880 2437 15
901 2407 1077 2447 improbus,
1092 2409 1233 2439 crudelis
1244 2411 1321 2440 olim
1324 2409 1498 2450 furuncu-

799 2449 864 2488 lus]
899 2448 1046 2480 Crudelis
1081 2460 1140 2480 nec
1164 2452 1353 2490 furunculo
1380 2459 1499 2494 aptum

799 2496 861 2527 est,
878 2501 938 2521 nee
950 2493 1087 2522 omnino
1100 2492 1177 2522 huic
1192 2494 1285 2524 loco:
1311 2495 1343 2524 in
1359 2505 1430 2534 <quo
1452 2496 1499 2525 vi-

799 2533 848 2563 tia
871 2543 937 2563 non
966 2534 1077 2573 gravia
1099 2534 1167 2571 illa,
1191 2537 1295 2575 qualis
1323 2537 1503 2575 crudelitas·

800 2581 863 2612 est,
877 2584 1191 2608 commemorantur.
1500 2616 1504 2618 ἡ

838 2618 876 2647 16
885 2619 1198 2649 luntrium—nolite
1207 2620 1292 2650 hanc
1301 2620 1386 2660 cog]
1402 2620 1501 2652 Hanc

799 2659 961 2698 intellige,
998 2661 1170 2698 usitatam,
1205 2662 1398 2702 vulgarem:
1437 2664 1499 2694 nisi

801 2711 875 2731 vero
898 2701 1018 2731 excidit
1044 2702 1204 2742 ejusmodi
1233 2705 1390 2734 verbum:
1421 2709 1500 2736 na'm

799 2743 883 2773 solet
907 2743 979 2773 addi
1003 2744 1036 2773 in
1064 2745 1124 2774 hac
1147 2745 1271 2775 forma:
1295 2751 1333 2776 ut
1353 2747 1444 2777 Sext.
1468 2750 1504 2778 8.

799 2790 912 2815 nostra
934 2787 997 2816 hac
1012 2795 1171 2827 purpura
1198 2793 1260 2826 est,
1285 2787 1341 2819 sed
1367 2789 1505 2821 additur

61 2819 140 2859 noa]
176 2820 363 2854 Ridiculum
391 2835 431 2855 ex
459 2826 640 2868 inopinato.
666 2826 758 2861 audi-
794 2828 936 2867 plebeia.
