1812 3147
583 105 699 144 PRO
731 103 774 144 P.
807 104 1013 144 SULLA.
1447 110 1520 146 801

72 210 156 263 ille,
169 210 243 267 qui
263 207 522 252 vehemens
515 222 557 250 m
574 209 695 260 alios,
717 209 790 266 qui
809 208 1111 252 inexorabilis'
1102 223 1143 250 in
1163 217 1328 251 ceteros
1346 224 1436 251 csse
1460 212 1522 252 vi-

71 281 142 312 sus
179 281 288 319 sum,
314 265 518 324 (persolvi
545 268 713 323 patriae,
733 267 848 323 quod
890 267 1044 308 debui:
1084 266 1248 322 reliqua
1271 267 1365 321 jam
1397 283 1422 308 a
1451 281 1521 309 me

73 337 184 370 meae
204 334 443 390 perpetuae
454 325 1022 389 consuetudininaturaeque
1038 324 1248 365 debentur
1263 327 1292 375 :)
1319 335 1403 365 tarn
1424 339 1518 366 sum

75 381 534 437 misericors,judices,
554 396 683 437 quain
713 396 812 424 vos:
846 392 933 423 tam
959 381 1091 432 mitis,
1113 395 1241 436 quam
1260 382 1332 437 qui
1357 381 1521 422 lenissi-

73 454 185 483 mus,
238 439 288 481 In
312 453 399 495 quo
434 438 666 482 vehemens
699 439 759 480 fui
794 439 1035 490 vobiscum,
1059 438 1165 479 nihil
1196 438 1295 488 feci,
1317 439 1397 479 nisi
1422 453 1520 480 coa-

77 506 191 540 ctus:
224 495 474 552 reipublicae
500 496 793 563 praec-‘ipitanti
828 497 1033 538 subveni:
1067 496 1249 560 patriam
1282 495 1520 537 demersam

72 554 238 597 extuli·
271 553 566 595 misericordia
585 555 746 596 cixium
769 554 960 605 adducti,
984 564 1087 594 tunc
1108 552 1266 594 fuimus
1281 563 1366 593 tam
1394 554 1521 594 xehe·

71 619 252 662 mentes,
275 625 406 667 quam
429 624 601 652 necesse
626 611 723 652 fuit.
757 611 867 652 salus
890 621 1001 651 esset
1037 611 1230 651 onmium
1254 610 1408 650 amissa
1436 625 1520 651 una

73 679 218 720 nocte,
240 668 322 710 nlsi
345 677 456 710 esset
478 669 680 710 severitas
712 668 784 709 illa
815 678 1027 724 suscepta.
1089 668 1172 708 Sed
1196 678 1242 707 ut
1264 667 1315 708 ·1d
1340 667 1519 708 scelera-

77 735 219 768 torum
244 740 365 783 poeuz
353 740 421 767 tm
452 739 597 767 amore
628 725 877 782 reipublicae
910 740 1002 766 sum
1026 725 1260 766 adductus:
1294 724 1355 765 sic
1377 725 1428 765 ad
1453 740 1517 766 sa-

75 784 210 826 lutem
234 783 529 824 innocentium
552 782 774 824 voluntate
803 783 1006 824 deducor.

137 839 261 882 Nihil
288 840 414 881 video
445 853 536 880 esse
559 839 604 880 in
635 840 719 882 hoc
752 840 803 881 Ρ.
825 840 956 890 Sulla,
983 839 1169 894 judiceS,
1195 838 1294 880 odio
1319 838 1577 895 (lignum‚38

73 897 370 939 misericordia
393 897 526 953 digna
547 897 697 939 multa.
759 898 913 953 Neque
937 899 1051 938 enim
1079 911 1190 937 nunc
1214 896 1516 952 propulsandae

74 954 331 996 calamitatis
366 969 453 996 suae
484 969 614 996 causa
647 956 830 1021 supplex
863 955 914 996 ad
956 970 1043 1005 vos,
1071 954 1259 1009 judices,
1293 954 1516 1009 contugit:

73 1012 149 1053 sed
171 1026 224 1053 ne
244 1027 330 1067 qua
361 1012 506 1068 generi
531 1027 581 1053 ac
600 1014 765 1054 nomini
800 1028 875 1053 suo
900 1022 1002 1053 nota
1032 1012 1208 1052 nefariae
1236 1011 1518 1066 turpitudinis

75 1069 283 1111 inuratur.
345 1069 459 1111 Nam
491 1069 583 1125 ipse
613 1071 803 1126 quidem,
827 1072 858 1110 si
892 1070 972 1110 erit
997 1080 1136 1110 vestro
1162 1069 1332 1123 judicio
1366 1068 1520 1110 libera-

76 1136 160 1177 tus,
197 1130 344 1182 ¹0quae
384 1127 517 1168 habet
554 1139 819 1174 ornamenta,
859 1142 956 1183 quae
996 1126 1148 1167 solatia
1186 1125 1360 1181 reliquae
1403 1126 1520 1177 vitae,

70 1184 231 1239 quibus
261 1185 398 1225 laetari
430 1194 473 1226 et
506 1185 664 1240 perfrui
692 1186 856 1241 possit?
912 1184 1079 1225 Domus
1110 1184 1204 1234 exit,
1228 1183 1371 1234 credo,
1394 1197 1521 1224 exor-

77 1250 205 1283 nata:
238 1242 484 1298 aperientur
509 1243 722 1299 majorum
749 1242 983 1297 imagines:
1018 1242 1109 1297 ipse
1137 1255 1224 1281 orn
1218 1252 1334 1281 ztum
1368 1255 1418 1281 -ιο
1449 1255 1522 1282 ve-

75 1299 226 1340 stitum
248 1299 535 1363 recuperabit.
590 1300 764 1351 Omnia,
780 1300 966 1355 judiceS,
987 1300 1012 1339 h
1019 1314 1081 1340 aec
1100 1298 1255 1338 {·unissr
1276 1308 1396 1339 sunt:
1429 1313 1523 1339 om-

74 1356 149 1397 nia
190 1371 375 1413 generm,
417 1356 620 1409 nominis,
654 1358 831 1399 honoris
873 1357 1061 1412 ins1gnia
1102 1367 1230 1410 atque
1269 1367 1523 1397 ornamenta

77 1413 206 1454 unius
190 1389 384 1469 e'judicii
406 1414 651 1456 calamitate
674 1415 941 1456 occisum-‚unt
1003 1414 1085 1454 Sed
1109 1427 1162 1454 ne
1185 1413 1426 1454 exstinctor
1448 1428 1522 1468 pa-

74 1471 186 1522 triae,
220 1485 273 1512 ne
312 1471 522 1536 proditor,
555 1487 608 1512 ne
639 1472 774 1513 hostis
807 1471 1060 1528 appelletur,
1098 1485 1151 1511 ue
1184 1470 1210 1510 h
1216 1484 1296 1511 mc
1331 1470 1520 1511 Ulabem

76 1528 187 1568 tanti
210 1528 410 1569 sceleris
403 1543 444 1569 ιη
467 1528 632 1570 familia
654 1529 884 1594 relinquat,
906 1529 948 1569 id
978 1528 1158 1578 laborat,
1185 1527 1225 1568 id
1252 1528 1435 1579 metuit3
1467 1542 1521 1569 ne

76 1585 263 1641 denique
291 1585 334 1626 hi
339 1600 363 1627 c
394 1586 536 1636 miser,
565 1587 797 1643 conjurati,
822 1597 864 1627 et
896 1585 1190 1636 conscelerati,
1215 1595 1258 1625 et
1290 1585 1522 1640 proditoris

76 1642 188 1684 filius
219 1643 489 1685 nominetur:
522 1643 624 1686 huic
649 1659 797 1701 puero,
819 1644 893 1700 qui
917 1652 981 1684 est
1002 1643 1039 1684 ei
1074 1643 1164 1683 vita
1186 1657 1261 1683 sua
1283 1642 1419 1683 multo
1451 1657 1523 1684 ca-

75 1700 176 1751 rior,
195 1701 365 1752 metuit,
385 1701 454 1741 cui
478 1701 654 1743 honoris
678 1702 869 1758 integros
893 1701 1058 1742 fructus
1081 1715 1167 1741 non
1191 1700 1244 1739 sit
1271 1699 1519 1750 traditurus,

74 1771 130 1798 ne
151 1767 357 1799 aeternam
384 1760 636 1800 memoriam
659 1760 880 1801 dedecoris
907 1758 1134 1813 relinquat.
1197 1756 1286 1798 Hic
1309 1772 1383 1797 vos
1409 1768 1518 1808 orat,
1531 1761 1581 1798 89

69 1814 258 1870 judices,
285 1830 454 1872 parvus,
477 1825 524 1857 ut
555 1831 598 1857 se
620 1817 865 1881 aliquando,
888 1816 921 1857 si
952 1831 1040 1856 non
1071 1816 1240 1871 integra
1262 1814 1450 1865 fortuna,
1475 1826 1520 1856 at

73 1872 249 1921 afflicta,
287 1875 397 1929 patri
437 1889 514 1915 suo
554 1875 758 1930 gratulari
802 1874 968 1915 sinatis.
1010 1873 1112 1913 huic
1152 1873 1308 1912 misero
1348 1872 1520 1913 notiora.

78 1938 179 1971 sunt
201 1929 470 1986 judiciorum
502 1932 655 1973 itinera
686 1942 729 1973 et
751 1932 848 1983 fmi,
870 1946 1000 1987 quam
1031 1930 1173 1986 campi
1197 1938 1240 1970 et
1270 1929 1519 1985 disciplina-

74 2001 186 2029 rum.
249 1987 350 2029 Non
369 1989 463 2044 jam
486 1989 538 2030 de
564 1990 652 2030 vita
675 1989 725 2031 P.
750 1989 895 2039 Sullae,
912 1988 1099 2044 judiceS,
1123 1987 1195 2028 sed
1219 1987 1271 2028 de
1299 1987 1519 2043 sepultura

75 2045 367 2086 contenditur
409 2047 497 2086 vita
535 2056 681 2102 erepta
718 2058 782 2088 est
816 2047 1034 2102 superiore
1059 2045 1256 2100 judicio·
1294 2059 1425 2095 nunc,
1462 2042 1562 2086 neb·

71 2115 231 2159 corpus
261 2103 474 2159 ejiciatur,
503 2102 760 2145 laboramus.
823 2103 942 2151 Quid
971 2103 1087 2144 enim
1121 2110 1186 2143 est
1218 2102 1320 2143 huic
1349 2101 1518 2157 reliqui,

73 2160 190 2215 quod
224 2174 322 2202 eum
358 2176 402 2202 1n
438 2161 528 2202 vita
559 2161 641 2202 hac
676 2165 846 2204 teneat?
878 2171 953 2202 aut
984 2160 1088 2225 quid
1122 2168 1200 2210 est,
1234 2160 1517 2215 quamobrem

74 2215 171 2258 haec
201 2218 404 2273 cuiquam
428 2219 517 2259 vita
549 2219 771 2261 videatur?
824 2219 1007 2274 Nuper
998 2233 1033 2259 1s
1065 2218 1196 2259 homo
1229 2216 1312 2257 fuit
1344 2232 1386 2257 in
1411 2217 1518 2258 cixi-

76 2283 166 2316 tate
197 2274 246 2316 P.
273 2275 404 2327 Sulla,
435 2286 483 2317 ut
520 2291 647 2318 nemo
681 2277 719 2318 ei
750 2290 954 2331 seneque
983 2276 1162 2326 honore,
1194 2288 1332 2330 neque
1365 2274 1519 2330 gratia,

77 2345 157 2373 nec
192 2331 377 2374 fortunis
417 2333 677 2376 anteferret:
721 2348 851 2399 nunc,
888 2333 1095 2389 spoliatus
1135 2333 1252 2373 omni
1292 2332 1523 2388 dignitate,

73 2402 175 2445 quae
198 2399 345 2447 erepta
367 2400 480 2443 sunt,
502 2406 589 2432 non
613 2392 794 2449 repetit:
828 2391 945 2447 quod
968 2390 1173 2432 fortuna
1165 2405 1209 2430 in
1232 2389 1354 2430 malis
1373 2388 1526 2444 reliqui

1530 2211 1598 2259 01)

77 2533 163 2565 infra
174 2539 242 2566 est.
260 2541 330 2567 tam
345 2547 419 2568 sam
434 2538 613 2569 ηιὶεειίσοιε
626 2539 686 2569 &c.
710 2538 778 2569 Ita
821 2537 991 2579 pendiaria
1012 2538 1186 2578 scriptura.
1212 2538 1304 2572 Post,
1321 2537 1420 2566 unius
1436 2534 1529 2575 judi-

75 2586 140 2615 quc
168 2577 226 2608 illa.
249 2581 390 2618 persolz'
380 2589 390 2609 z
420 2582 594 2620 patrioe—
608 2581 778 2618 debentur,
822 2581 863 2610 cii
878 2582 1083 2617 calamitate,
1100 2580 1186 2620 quod
1201 2580 1267 2609 fuit
1283 2580 1321 2608 de
1337 2579 1476 2608 ambitu.

79 2617 198 2650 debent
214 2622 328 2651 essein
341 2622 530 2662 parenthesi
543 2623 651 2660 duta
676 2633 780 2662 neque
870 2626 902 2653 ll
939 2624 1044 2653 labem
1075 2623 1163 2652 tanti
1191 2621 1332 2660 sceleris]
1373 2621 1425 2650 Sic
1453 2628 1530 2649 cum

79 2659 176 2691 aliter
201 2666 332 2694 constat
357 2669 524 2696 structura
546 2666 706 2696 orationis
729 2670 781 2696 to·
823 2665 986 2696 Lambino
1007 2665 1091 2695 edidi
1112 2675 1128 2694 e
1143 2665 1207 2695 Ms.
1230 2664 1273 2694 H
1299 2662 1412 2702 steph.
1429 2669 1463 2692 ct
1477 2661 1531 2691 Pi-

81 2702 974 2744 t¹1¹⁵·thoei‚in
990 2708 1108 2746 quibus
1131 2707 1164 2737 id
1187 2711 1353 2745 repertum
1375 2714 1406 2734 es
1410 2709 1442 2733 t:
1468 2703 1530 2733 nisi

127 2747 165 2775 10
185 2756 255 2785 quoe
277 2747 372 2778 habet
395 2748 540 2788 mnam]
578 2749 665 2780 Puto
682 2744 782 2780 corri-
826 2757 963 2789 nterque
981 2749 1067 2781 idem
1082 2754 1142 2780 cst.
1160 2750 1269 2779 {unci
1257 2745 1532 2787 ,esteris-sumnia

81 2786 224 2826 gendum
246 2798 314 2820 esse
328 2791 474 2822 habebit:
499 2800 575 2822 nam
592 2796 626 2822 et
642 2798 717 2832 post
731 2792 783 2822 fu-
827 2792 922 2823 nihili
937 2795 999 2823 est.

76 2832 156 2861 mra
168 2837 258 2862 sunt.
303 2832 429 2864 Vitium
452 2837 564 2865 ortum
588 2839 638 2865 est
661 2845 679 2865 e
694 2844 784 2865 com-

749 2898 877 2934 303
