1785 3185
225 98 324 132 1442
820 92 1067 132 ORATIO

225 197 354 237 modo
378 196 599 237 Hirtium?
629 203 691 236 est
713 194 780 236 ille
801 197 973 251 quidem
997 196 1167 238 consul:
1201 197 1271 238 sed
1295 198 1471 239 alterum
1493 213 1649 242 nomeu

226 253 424 294 beneficii
444 263 507 293 est
529 253 673 308 populi
696 252 893 303 Romani,
913 254 1091 294 alterum
1112 254 1279 294 virtutis
1299 265 1425 310 atque
1443 256 1648 299 vietoriae.

228 311 373 356 Quid?
420 310 648 359 Caesarem,
671 309 845 350 deorum
868 310 1076 351 beneficio
1099 311 1343 365 reipublicae
1369 325 1650 367 procreatum,

226 367 476 407 dubitemne
495 366 705 422 appellare
729 367 1054 421 imperatorem?
1084 368 1156 420 qui
1183 368 1339 422 primus
1362 369 1539 410 Antonii
1572 370 1650 410 im-

228 437 397 464 munem
425 433 468 463 et
500 423 659 464 foedam
685 424 994 472 crudelitatem,
1016 427 1151 463 32non
1190 424 1323 464 solum
1347 426 1551 480 ajugulis
1574 440 1650 466 no-

229 480 340 531 stris,
364 480 433 520 sed
456 481 581 520 etiam
606 494 629 520 a
651 479 852 519 membris
873 489 916 519 et
939 480 1168 520 visceribus
1190 481 1356 521 avertit.
1422 482 1554 523 Unius
1576 498 1650 523 au-

232 547 316 577 tem
349 537 430 577 diei
455 547 558 591 quot
591 545 633 576 et
656 546 826 590 quantae
853 536 1043 586 virtutes,
1066 536 1122 576 dii
1157 537 1430 588 immortales,
1452 538 1651 580 fuerunt!

169 601 219 636 26
235 594 438 649 Princeps
460 594 570 632 enim
594 592 785 632 omnium
812 592 948 632 Pansa
985 592 1124 648 proelii
1159 592 1358 643 faciendi,
1379 604 1422 634 et
1443 610 1538 635 cum
1563 595 1652 636 An-

234 651 353 691 tonio
389 649 649 703 confligendi
684 648 792 689 fuit:
827 649 980 704 dignus
1020 650 1249 704 imperator
1279 650 1446 705 legione
1478 651 1653 702 Martia,

233 708 363 763 digna
387 707 497 761 legio
521 707 789 760 imperatore.
812 706 933 760 cujus
955 706 987 744 si
1018 706 1268 746 acerrimum
1298 707 1505 762 impetum
1535 709 1655 749 eohi-

104 780 134 812 p.
152 770 222 800 <263-
238 765 332 804 bere
354 767 393 794 33
410 763 547 803 Pansa
571 762 791 817 potuisset,
814 776 898 802 uno
922 762 1075 817 proelio
1098 762 1294 804 confecta
1317 778 1378 803 res
1400 774 1523 804 esset.
1567 766 1650 806 Sed

165 855 168 859 .
190 823 219 842 ²¹·
233 835 329 861 eum
352 819 558 861 libertatis
581 819 705 859 avida
727 818 837 874 legio
859 818 1102 859 effrenatius
1123 819 1165 859 in
1184 819 1315 860 aciem
1341 820 1527 861 hostium
1550 821 1655 862 irru-

232 878 376 933 pisset,
401 878 573 932 ipseque
596 876 635 915 in
661 876 806 930 primis
841 876 981 916 Pansa
1012 885 1235 931 pugnaret,
1257 876 1422 916 duobus
1446 878 1653 932 periculo-

232 935 287 974 sis
312 934 552 974 vulneribus
574 933 775 987 acceptis,
798 932 986 972 sublatus
1008 947 1031 972 e
1061 933 1230 987 proelio,
1253 933 1497 987 reipublieae
1522 934 1653 975 vitam

232 991 476 1032 reservavit.
526 989 619 1044 Ego
642 1003 740 1029 vero
764 989 876 1030 hunc
898 1003 983 1029 non
1007 988 1141 1029 solum
1167 991 1478 1044 imperatorem,
1501 991 1571 1031 sed
1594 1001 1658 1032 et-

234 1048 317 1088 iam
351 1046 629 1088 clarissimum
664 1045 960 1100 imperatorem
985 1045 1158 1100 judico:
1191 1046 1279 1100 qui,
1301 1061 1397 1087 cum
1424 1058 1500 1087 aut
1520 1056 1656 1089 morte

237 1115 310 1145 aut
333 1104 511 1144 victoria
532 1118 575 1143 se
598 1102 910 1143 satisfacturum
946 1102 1190 1157 reipublicae
1222 1101 1534 1158 spopondisset,
1555 1103 1659 1145 alte·

159 1153 328 1201 ]Ol·um
352 1160 468 1209 feeit,
489 1159 660 1200 alterius
682 1159 740 1199 dii
764 1159 1021 1199 immortales
1045 1172 1167 1199 omen
1191 1170 1383 1200 avertant
1403 1161 1410 1200 !
1455 1160 1570 1206 Quid
1593 1161 1657 1201 di-

175 1225 226 1262 27
238 1233 331 1258 eam
361 1218 413 1258 de
444 1217 618 1257 Hirtio?
649 1215 737 1270 qui,
759 1230 803 1256 re
824 1216 983 1266 audita,
1006 1230 1028 1256 e
1048 1216 1196 1256 castris
1218 1215 1321 1255 duas
1344 1216 1531 1272 legiones
1553 1217 1656 1258 edu-

237 1276 302 1315 xit
326 1273 559 1314 incredibili
585 1273 726 1314 studio
753 1282 880 1327 atque
905 1273 1073 1321 virtute,
1095 1281 1287 1327 quartam
1311 1273 1440 1323 illam,
1461 1288 1573 1328 quae,
1595 1289 1658 1316 re-

233 1332 335 1372 licto
367 1330 571 1381 Antonio,
599 1344 642 1369 se
677 1329 776 1370 olim
813 1343 910 1370 cum
947 1329 1109 1369 Martia
1141 1328 1307 1384 legione
1341 1330 1584 1384 conjunxit,
1614 1341 1658 1372 et

234 1388 474 1443 septimam,
498 1402 592 1442 quae
621 1387 856 1427 constituta
883 1400 936 1427 ex
962 1386 1183 1435 veteranis,
1205 1386 1352 1426 docuit
1380 1386 1452 1426 illo
1488 1387 1656 1442 proelio,

233 1445 442 1486 militibus
466 1444 531 1494 iis,
553 1446 592 1473 34
604 1443 675 1497 qui
695 1442 877 1484 Caesaris
896 1442 1103 1483 beneficia
1125 1452 1374 1492 servassent,
1389 1452 1558 1484 senatus
1580 1459 1658 1500 po-

236 1502 408 1558 pulique
433 1500 616 1542 Rotnani
651 1514 794 1540 earum
826 1514 980 1540 nomen
1003 1513 1106 1539 esse.
1127 1499 1194 1539 his
1218 1499 1369 1554 viginti
1393 1499 1660 1552 cohortibus,

234 1558 350 1600 nullo
372 1558 580 1613 equitatu,
600 1556 768 1596 Hirtius
791 1557 930 1612 35ipse
953 1555 1134 1610 aquilam
1159 1566 1321 1610 quartae
1353 1556 1533 1612 legionis
1561 1573 1660 1599 cum

236 1615 425 1666 inferret,
446 1628 530 1669 qua
557 1613 708 1653 nullius
769 1613 1022 1653 ulehriorem
1045 1612 1227 1668 speciem
1251 1613 1517 1668 imperatoris
1538 1629 1659 1655 aece-

234 1673 391 1728 pimus‚
425 1686 521 1712 cum
560 1670 694 1710 tribus
722 1628 898 1710 Xntonii
932 1670 1172 1724 legionibus
1201 1669 1478 1725 equitatuque
1509 1672 1660 1712 confli-

237 1730 317 1779 xit,
339 1729 567 1783 hostesque
590 1726 787 1776 nefarios,
810 1726 909 1767 huic
937 1726 1038 1767 ,Jovi
1072 1726 1276 1776 maximo,
1299 1727 1533 1782 ceterisque
1559 1728 1659 1769 deo-

236 1801 328 1827 rum
359 1784 662 1826 immortalium
693 1783 876 1838 templis,
898 1783 1014 1823 urbis
1034 1783 1171 1832 tectis,
1194 1782 1377 1823 libertati
1399 1783 1543 1839 populi
1572 1784 1660 1826 Ro-

236 1843 366 1892 mani,
392 1852 545 1882 nostrae
576 1841 675 1880 vitae
707 1841 988 1895 sanguinique
1021 1838 1305 1890 imminentes,
1328 1841 1571 1895 prostravit,
1594 1842 1661 1882 fu-

236 1900 314 1949 dit,
336 1899 520 1949 occidit3
553 1907 598 1937 ut
617 1911 711 1937 eum
743 1897 972 1937 admodum
1011 1896 1171 1951 paucis,
1203 1907 1329 1936 noete
1360 1907 1510 1946 tectus,
1545 1909 1662 1940 metu

237 1956 498 2011 perterrituS,
532 1954 728 2010 princeps
763 1953 974 1993 latronum
1007 1953 1180 2007 duxque
1216 1952 1389 2008 fugerit.
1451 1953 1490 1995 Ο
1530 1954 1660 1996 solem

237 2013 378 2068 ipsum
409 2011 716 2059 beatissimum,
739 2011 826 2063 qui,
849 2020 1075 2063 antequam
1099 2024 1142 2049 se
1164 2009 1351 2060 abderet,
1374 2011 1515 2051 stratis
1537 2012 1662 2053 cada-

240 2069 408 2109 veribus
440 2067 760 2123 parricidarum,
793 2081 889 2106 cum
929 2066 1074 2121 paucis
1113 2065 1348 2122 fugientem
1384 2067 1490 2107 vidit
1524 2067 1662 2109 Anto-

173 2131 228 2166 ‘28
241 2126 356 2166 nium
375 2127 382 2166 !
427 2124 496 2165 An
512 2139 608 2164 vero
629 2124 850 2178 quisquam
875 2122 1090 2163 dubitabit
1112 2122 1322 2178 appellare
1346 2122 1558 2165 Caesarem
1582 2125 1661 2166 im-

239 2184 509 2238 peratorem?
541 2190 643 2221 zetas
673 2179 764 2233 ejus
796 2189 909 2220 certe
934 2180 987 2219 ab
1017 2179 1096 2219 bae
1124 2180 1333 2219 sententia
1355 2181 1567 2222 neminem
1589 2182 1662 2223 de-

237 2239 426 2288 terrebit,
448 2236 794 2293 quandoquidem
819 2237 974 2276 virtute
1003 2235 1218 2289 superavit
1247 2245 1432 2278 aetatem.
1491 2236 1557 2279 Ac
1580 2240 1661 2280 mi-

236 2295 280 2336 hi
315 2309 480 2351 semper
511 2309 561 2334 eo
594 2293 757 2348 majora
792 2292 999 2334 beneficia
1032 2292 1083 2333 C.
1109 2291 1290 2333 Caesaris
1318 2293 1406 2334 visa
1441 2304 1553 2346 sunt,
1574 2310 1660 2351 quo

230 2446 268 2471 ut
284 2441 411 2471 volebat
437 2440 586 2475 Ursinus,
602 2438 697 2468 edidi.
720 2448 795 2468 nam
819 2449 835 2468 e
851 2449 926 2478 quo·
1010 2440 1050 2469 34
1084 2440 1140 2477 qui
1173 2439 1305 2469 Coesaris
1338 2438 1438 2478 benef.
1466 2440 1658 2480 servassem]

231 2484 333 2520 modo,
357 2483 442 2521 quod
463 2487 512 2511 est
540 2480 766 2512 adverbialiter
787 2480 925 2518 dictum,
969 2481 1044 2510 Non
1069 2490 1126 2519 per
1151 2480 1310 2511 luxuriam
1337 2481 1580 2518 absumsissent‚
1605 2482 1662 2513 ad-

230 2526 321 2555 modo
337 2526 438 2564 repeti
455 2524 623 2554 comniode
641 2532 705 2552 non
720 2527 838 2562 potest.
968 2532 1070 2560 eoque
1087 2523 1161 2552 boni
1176 2530 1209 2552 et
1225 2523 1351 2553 honesti
1368 2522 1516 2553 homines
1529 2529 1649 2556 essent.

272 2569 312 2597 32
336 2577 367 2596 n.
383 2577 408 2596 s.
424 2577 444 2596 (ι
457 2565 594 2605 jugulis
609 2575 640 2594 γι.
656 2575 681 2594 s.
698 2574 724 2593 e.
742 2574 762 2593 α
779 2564 927 2593 membris
1010 2567 1049 2594 35
1082 2565 1146 2602 ipse
1181 2564 1449 2605 allus—inferret,
1485 2575 1550 2604 qua
1585 2567 1659 2606 &c,]

228 2618 268 2637 ac
293 2608 479 2646 ‘visceribus-l
512 2608 531 2638 i.
555 2619 582 2636 e.
611 2616 677 2636 non
705 2606 801 2635 modo
825 2611 862 2635 nt
887 2616 925 2635 ne
969 2605 1057 2636 Idem
1082 2606 1236 2636 Octavius
1262 2607 1294 2636 in
1322 2607 1378 2637 illo
1401 2607 1514 2645 proelio
1540 2607 1661 2638 dieitur

228 2660 287 2679 nos
309 2650 521 2685 interficeret,
537 2649 592 2679 sed
606 2648 704 2678 etiam
722 2657 762 2678 ne
777 2648 926 2678 cruciati·
968 2648 1089 2677 secisse.
1105 2657 1169 2686 qua
1183 2649 1284 2687 recepi
1309 2658 1382 2679 cum
1399 2649 1537 2679 Graevio.
1580 2649 1662 2681 Vul-

226 2691 286 2721 bus
301 2693 392 2721 saevis
409 2697 550 2722 necaret.
964 2694 1049 2728 gatte
1064 2689 1219 2719 lectiones
1233 2691 1322 2729 quia,
1337 2690 1421 2730 quod
1436 2690 1508 2721 edd.
1524 2701 1573 2730 pr.
1589 2701 1661 2722 om-

268 2737 308 2764 33
332 2733 462 2773 Pansa]
498 2733 595 2763 Delct
621 2742 638 2761 e
663 2730 764 2762 Codd.
792 2731 921 2769 quibus-
964 2740 1021 2760 nes
1043 2731 1177 2767 habent,
1200 2736 1233 2761 et
1255 2742 1354 2770 quam
1376 2733 1475 2763 ullius
1497 2733 1557 2763 διο.
1574 2733 1660 2772 quod

225 2775 299 2805 dam
323 2775 499 2814 Ferrarius,
516 2778 671 2815 sequente
693 2773 832 2804 Graevio.
856 2783 922 2804 non
963 2773 1064 2803 Aldus
1087 2773 1209 2812 primus
1231 2774 1344 2813 edidit,
1362 2783 1491 2806 sensum
1514 2784 1658 2806 comino·

225 2817 343 2858 placet.
964 2814 1042 2845 dum
1058 2824 1126 2847 non
1141 2814 1273 2846 habent.
1564 2816 1567 2819 '
