1785 3185
272 116 372 150 1164
870 115 1119 154 ORATIO

251 215 382 279 ⁸cisus
422 223 500 258 est.
562 216 684 259 Nihil
716 218 768 259 de
802 218 894 274 ejus
930 228 1068 261 morte
1101 219 1284 276 populus
1322 221 1557 274 consultus,
1590 223 1707 265 nulla

268 273 453 327 quaestio
476 273 647 316 decreta
668 291 693 316 a
715 286 864 317 senatu
887 286 964 318 est.
1000 278 1224 324 Quantum
1247 278 1409 320 luctum
1433 279 1475 320 in
1498 280 1579 322 hac
1602 282 1707 322 urbe

269 330 402 371 fuisse
424 346 448 371 a
470 332 625 373 nostris
651 333 841 388 patribus
863 335 1123 389 accepimus,
1145 350 1243 376 cum
1268 334 1317 375 P.
1341 334 1563 388 Africano,
1585 338 1703 379 domi

270 401 359 428 sua:
382 389 635 443 quiescenti,
656 389 728 430 illa
751 401 960 432 nocturna
983 391 1044 431 vis
1067 401 1178 432 esset
1199 392 1343 433 illata?
1373 395 1468 448 quis
1494 403 1583 435 tuln
1616 409 1704 435 non

269 446 462 500 gemuit?
493 447 587 501 quis
619 461 705 488 non
737 448 841 488 arsit
871 448 1043 489 dolore?
1075 462 1202 503 quem
1232 449 1531 502 immortalem,
1554 451 1585 491 si
1611 451 1702 492 fieri

268 512 427 557 posset,
460 518 607 544 omnes
640 518 730 544 esse
763 515 982 560 cuperent,
1013 504 1106 559 ejus
1141 520 1194 545 ne
1217 507 1497 548 necessariam
1531 509 1706 563 quidem

209 562 563 615 17exspectataul
605 576 695 601 esse
737 564 946 602 mortem?
979 561 1095 601 Num
1135 562 1269 617 igitur
1306 563 1390 602 ulia
1428 566 1611 618 quaestio
1649 565 1702 605 de

267 615 461 658 Africani
494 629 631 658 morte
662 618 748 658 lata
778 620 868 658 est?
900 627 1014 658 certe
1045 617 1173 658 nulla.
1235 619 1353 665 Quid
1377 620 1462 661 ita?
1493 621 1594 675 quia
1615 636 1701 662 non

265 674 351 714 alio
375 675 564 715 facinore
586 673 685 715 clari
720 674 929 724 homines,
951 674 1034 715 alio
1057 675 1227 715 obscuri
1253 686 1474 717 necantur.
1527 676 1706 718 Intersit

264 731 376 772 inter
406 732 506 772 vitae
538 731 794 787 dignitatem
828 747 1106 782 summorum,
1136 742 1265 787 atque
1296 732 1557 774 infimorum.
1590 749 1703 775 mors

261 789 435 843 quidem
468 788 581 829 illata
617 803 689 844 per
720 788 854 829 scelus
888 789 1036 830 iisdem
1067 799 1111 830 et
1133 789 1275 845 poenis
1298 798 1507 841 teneatur,
1526 799 1570 832 et
1591 792 1700 848 legi-

263 846 357 886 bus.
404 845 498 886 Nisi
524 844 634 886 forte
654 846 791 902 magis
814 846 895 886 erit
917 846 1141 902 parricida,
1165 847 1197 887 si
1220 847 1314 902 quis
1338 848 1601 889 consularem
1627 864 1701 905 pa·

262 911 386 954 trem,
408 918 535 958 quain
561 903 712 957 siquis
744 903 948 944 humilem
982 904 1221 945 necaverit:
1254 913 1328 945 aut
1358 918 1409 945 eo
1442 919 1555 946 mors
1586 916 1701 946 atro-

261 960 354 1001 cior
375 963 456 1001 erit
489 959 538 1000 P.
564 959 722 1011 Clodii,
745 960 860 1014 quod
893 960 926 1000 is
961 960 1004 1000 in
1035 962 1324 1002 monumentis
1356 961 1571 1016 majorum
1602 977 1700 1003 suo-

260 1031 355 1058 rum
380 1018 434 1058 sit
456 1016 722 1058 interfectus.
746 1017 828 1058 hoc
850 1017 963 1058 enim
987 1032 1101 1073 saepe
1124 1019 1177 1058 ab
1206 1019 1297 1059 istis
1327 1018 1499 1060 dicitur.
1523 1020 1700 1075 perinde

263 1075 384 1129 quasi
415 1074 584 1130 Appius
617 1074 685 1115 iile
718 1074 872 1116 Caecus
898 1075 1010 1116 viam
1043 1075 1259 1126 munierit,
1292 1091 1379 1116 non
1401 1091 1485 1132 qua
1516 1077 1700 1133 populus

203 1132 250 1165 18
263 1140 467 1181 uteretur,
488 1131 559 1172 sed
578 1132 651 1172 ubi
674 1132 850 1188 impune
873 1132 936 1173 sui
962 1132 1120 1188 posteri
1144 1133 1511 1174 latrocinarentur.
1546 1134 1698 1189 Itaque

261 1188 305 1229 in
337 1189 484 1230 eadem
518 1189 599 1230 ista
620 1188 765 1245 Appia
795 1191 878 1240 via,
902 1204 998 1231 cuin
1031 1189 1351 1230 ornatissimum
1382 1191 1569 1245 equitem
1605 1191 1695 1232 Ro-

259 1260 436 1287 manum
470 1246 519 1286 P.
542 1246 720 1288 Clodius
753 1246 819 1288 Μ.
846 1247 1069 1304 Papirium
1099 1247 1341 1299 occidisset,
1363 1262 1448 1288 non
1481 1247 1564 1288 fuit
1595 1248 1698 1290 illud

259 1302 426 1344 facinus
450 1304 738 1359 puniendum:
762 1304 892 1346 homo
914 1305 1026 1346 euim
1051 1304 1207 1345 nobilis
1230 1304 1274 1345 in
1297 1305 1382 1345 suis
1406 1306 1697 1346 monumentis

257 1361 448 1416 equitem
473 1359 717 1403 Romanum
741 1363 980 1403 occiderat:
1011 1376 1126 1402 nunc
1148 1361 1339 1415 ejusdem
1358 1361 1515 1418 Appiae
1540 1377 1696 1404 nomen

258 1429 440 1473 quantas
469 1419 703 1475 tragoedias
733 1421 927 1461 excitat?
958 1434 1054 1474 quae
1086 1428 1308 1460 cruentata
1330 1429 1455 1459 antea
1475 1419 1594 1460 caede
1616 1419 1694 1460 ho-

124 1492 158 1522 p.
179 1476 368 1516 10:›.nesti
403 1485 531 1531 atque
570 1477 811 1517 innocentis
847 1477 923 1517 viri
959 1476 1176 1526 silebatur,
1209 1476 1357 1516 eadem
1392 1491 1506 1517 nunc
1544 1477 1695 1518 erebro

216 1534 244 1555 ὃ·
259 1544 500 1589 usurpatur,
525 1544 802 1588 posteaquam
837 1533 1013 1575 latronis
1046 1543 1088 1574 et
1123 1533 1345 1589 parricidae
1376 1534 1584 1590 sanguine
1616 1534 1696 1575 im-

257 1590 362 1632 buta
392 1602 470 1632 est.
532 1592 614 1632 Sed
639 1591 739 1647 quid
772 1605 854 1646 ego
886 1591 957 1632 illa
986 1592 1312 1632 commemoro?
1347 1589 1694 1646 Comprehensus

255 1659 320 1688 est
351 1649 394 1689 in
428 1648 589 1706 templo
624 1649 817 1690 Castoris
850 1663 993 1689 servus
1028 1648 1077 1689 P.
1103 1647 1262 1698 Clodii,
1283 1662 1410 1702 quein
1445 1648 1511 1688 iile
1533 1649 1585 1689 ad
1612 1648 1694 1688 Cn.

258 1704 514 1762 Pompeium
538 1706 879 1748 interficiendum
910 1706 1154 1747 collocarat.
1178 1714 1350 1745 extorta
1371 1716 1434 1745 est
1464 1705 1689 1746 confitenti

257 1762 345 1804 sica
367 1765 419 1804 de
441 1765 653 1805 inanibus.
710 1763 861 1804 Caruit
885 1763 977 1803 foro
1001 1772 1150 1819 postea
1173 1762 1405 1817 Pompeius
1428 1779 1436 1803 :
1468 1762 1606 1803 caruit
1629 1777 1693 1803 se-

255 1831 387 1862 natu:
421 1822 558 1862 caruit
582 1821 755 1877 publico
777 1837 786 1862 ε
813 1821 949 1875 janua
971 1835 1013 1860 se
1041 1835 1090 1860 ac
1123 1819 1374 1875 parietibus,
1398 1834 1481 1859 non
1507 1819 1607 1874 jure
1636 1819 1696 1861 lc-

196 1891 358 1934 19gu1n
388 1878 738 1934 judiciorumque
776 1874 901 1918 texit.
962 1878 1080 1918 Num
1111 1892 1207 1932 quae
1241 1877 1409 1932 rogatio
1443 1876 1556 1917 lata?
1589 1891 1691 1917 num

253 1951 350 1991 quae
374 1951 487 1977 nova
508 1937 690 1992 quaestio
713 1936 883 1976 decreta
909 1937 1003 1976 est?
1035 1934 1184 1989 Atqui,
1207 1935 1240 1975 si
1265 1948 1343 1984 res,
1367 1933 1400 1974 si
1427 1934 1502 1984 vir,
1526 1933 1559 1973 si
1585 1943 1691 1974 tem-

254 2009 333 2049 pus
356 1994 485 2034 ullum
519 1995 698 2049 dignum
732 1992 827 2043 fuit,
850 2001 964 2033 certe
987 1991 1080 2033 liaec
1104 1992 1146 2032 in
1171 1991 1241 2031 illa
1262 2006 1390 2031 eausa
1412 2005 1579 2031 summa
1599 2006 1691 2031 om-

252 2051 325 2091 nia
347 2051 532 2092 fuerunt.
584 2051 816 2091 insidiator
837 2060 928 2090 erat
950 2050 989 2100 iu
1012 2048 1106 2089 foro
1129 2047 1378 2099 collocatus,
1399 2057 1528 2104 atque
1552 2048 1592 2089 in
1620 2063 1691 2089 ve-

254 2109 412 2149 stibulo
436 2110 528 2164 ipso
554 2119 746 2149 senatus:
771 2108 808 2147 ei
831 2107 921 2147 viro
943 2116 1084 2147 autem
1109 2120 1222 2146 mors
1245 2106 1488 2161 parabatur,
1506 2105 1628 2160 cujus
1648 2106 1692 2146 in

252 2166 343 2206 vita
365 2167 582 2207 nitebatur
607 2166 716 2206 salus
739 2165 952 2206 civitatis:
985 2178 1036 2205 eo
1061 2178 1186 2220 porro
1210 2162 1457 2218 reipublicae
1482 2172 1689 2218 tempore,

252 2238 352 2277 quo,
376 2224 409 2263 si
443 2239 549 2264 unus
582 2223 650 2263 ille
681 2223 721 2253 26
735 2222 976 2271 occidisset,
1006 2236 1091 2261 non
1125 2221 1219 2261 haec
1251 2220 1386 2260 solum
1419 2219 1586 2270 civitas,
1617 2220 1691 2261 sed

251 2290 400 2335 gentes
424 2296 570 2321 omnes
593 2281 896 2321 concidissent.
921 2279 1000 2320 nisi
1025 2278 1149 2329 forte,
1172 2277 1273 2332 quia
1301 2275 1490 2332 perfecta
1513 2291 1576 2317 res
1599 2291 1686 2318 non

251 2346 330 2388 est,
365 2353 449 2378 non
484 2338 566 2378 fuit
600 2337 836 2392 punienda:
873 2336 1046 2392 perinde
1079 2335 1199 2390 quasi
1233 2334 1378 2374 exitus
1413 2348 1568 2384 rerum,
1603 2349 1688 2375 non

250 2394 473 2436 hominurn
517 2395 696 2435 consilia
739 2394 905 2449 legibus
945 2392 1230 2434 vindicentur.
1272 2393 1414 2431 minus
1456 2391 1689 2432 dolendum

251 2452 349 2504 fuit,
385 2467 428 2493 re
454 2467 536 2492 non
575 2451 787 2506 perfecta3
821 2451 890 2491 sed
926 2450 1191 2506 puniemhnn
1219 2458 1333 2489 certe
1363 2448 1498 2489 nihilo
1528 2449 1684 2490 minus.

188 2516 240 2549 20
254 2510 436 2557 Quoties
458 2524 538 2564 ego
562 2509 667 2564 ipse,
692 2508 877 2563 judiceS,
901 2521 953 2548 ex
988 2506 1037 2547 P.
1062 2506 1203 2547 Clodii
1227 2505 1335 2555 telis,
1358 2515 1401 2546 et
1421 2519 1473 2545 ex
1499 2506 1687 2546 cruentis

249 2569 343 2621 ejus
367 2567 563 2608 manibus
586 2565 717 2621 effugi
740 2568 752 2606 ?
783 2580 835 2605 ex
859 2565 1015 2619 quibus
1043 2564 1074 2603 si
1101 2578 1166 2603 ine
1190 2578 1274 2603 non
1299 2562 1362 2602 vel
1385 2578 1493 2613 mea,
1516 2562 1582 2603 vel
1606 2563 1684 2603 rei—

247 2614 435 2681 p⁸ublicae
454 2623 627 2665 fortuna
645 2632 867 2674 servasset,
884 2622 979 2677 quis
997 2622 1167 2662 tandem
1187 2620 1237 2661 de
1258 2620 1432 2661 interitu
1453 2634 1549 2661 meo
1568 2635 1687 2675 quae-

291 2791 331 2820 26
362 2786 537 2826 occidisset]
576 2787 640 2817 ΜΞ.
676 2784 745 2816 Erf.
778 2784 939 2814 cecidisset
981 2793 1065 2814 sum.
1095 2783 1173 2814 item
1194 2793 1234 2814 ex
1260 2783 1373 2814 eodem
1400 2781 1506 2814 addidi
1531 2783 1584 2813 vel
1607 2782 1684 2812 ante

240 2843 317 2863 mox
339 2831 423 2861 idom
445 2831 508 2860 m'si
529 2840 615 2865 vera,
631 2829 723 2858 bene.
745 2837 842 2867 porro
865 2829 939 2867 ‘pto-
983 2836 1066 2858 mea.

239 2878 298 2906 ties
312 2884 369 2912 ego
385 2875 461 2913 ipse,
478 2872 588 2903 addito
612 2882 646 2910 eg
654 2881 682 2909 o,
697 2880 792 2910 quem
809 2874 940 2901 secutus
