1785 3185
469 132 823 173 PHILIPPICA
850 133 1098 172 OCTAVA,
1407 136 1509 174 1307

70 240 148 297 pit,
171 238 302 281 habet
320 238 393 294 qui
427 236 653 278 vendidit?
684 242 721 276 et
742 250 791 276 ne
824 243 1052 292 tangantur
1084 237 1260 277 rationes
1292 236 1348 277 ad
1382 235 1483 291 Opis
1502 252 1514 275 .-

72 297 114 338 id
145 304 222 347 est,
245 310 297 336 ne
329 294 484 350 septies
516 293 668 334 millies
701 303 999 348 recuperetur:
1033 307 1082 333 ue
1095 292 1253 348 fraudi
1272 295 1322 334 sit
1344 302 1512 349 septem-

64 352 180 402 ‘viri-5,
201 351 310 409 quod
329 352 511 408 egissent.
575 350 746 391 Nucula
764 350 861 400 hoc,
884 349 1026 400 eredo,
1049 351 1288 390 admonuit.
1336 352 1510 391 verebu-

74 419 143 451 tur
173 409 366 459 fortasse,
387 423 441 449 ne
473 407 690 448 amitteret
720 417 859 448 tantas
893 406 1126 448 clientelas.
1191 406 1344 447 Caveri
1379 407 1511 457 etiam

70 466 161 508 vult
187 466 249 516 iis,
270 466 341 522 qui
370 480 498 506 secum
518 472 625 515 sunt,
648 463 850 521 quidquid
877 471 1018 505 contra
1040 463 1156 519 leges>
1172 465 1212 494 43
1227 463 1509 504 commiserint.

74 523 277 564 Mustelae
309 532 351 564 et
381 522 529 563 Tironi
562 522 796 578 prospicit:
839 521 892 562 de
923 536 966 563 se
996 520 1105 562 nihil
1136 519 1317 561 laborat.
1393 520 1574 566 Quiris?

67 580 182 621 enim
204 580 424 622 commisit
446 581 678 634 umquam?
710 593 811 619 num
835 588 909 620 aut
938 578 1166 635 pecuniam
1197 577 1416 633 publicam
1448 587 1512 617 at-

68 637 185 693 tigit,
207 647 281 679 aut
302 637 520 678 hominem
542 636 717 685 occidit,
737 646 810 676 aut
830 650 974 677 secum
995 635 1146 677 habuit
1166 644 1351 676 armatos
1370 637 1382 676 ,Ρ
1426 634 1512 675 Sed

67 695 168 750 quid
191 704 269 747 est,
293 695 408 751 quod
430 694 482 734 cle
505 695 556 734 iis
588 693 779 734 laboret?
842 692 1038 734 Postulat
1071 692 1200 743 enim,
1222 706 1272 732 ne
1291 695 1416 732 44sua
1432 692 1512 747 ju-

67 751 242 793 diciaria
262 752 325 794 lex
342 752 574 807 abrogetur.
607 765 692 805 quo
716 750 962 806 impetrato,
979 750 1082 805 quid
1102 759 1166 790 est
1184 749 1301 805 quod
1320 752 1512 790 metuat?

68 823 120 849 an
146 823 197 850 ne
219 823 390 850 suorum
415 808 566 864 aliquis
586 822 611 847 a
633 807 771 862 Cyda,
794 807 991 863 Lysiade,
1015 806 1148 848 Curio
1171 807 1511 848 condemnetur?

73 866 228 921 Neque
258 877 401 907 tamen
444 880 521 906 nos
553 875 677 920 urget
710 865 922 913 mandatis
954 864 1177 921 pluribus3
1221 863 1406 905 remittit
1435 863 1512 903 ali-

68 934 293 978 quantum,
324 931 367 964 et
399 922 575 963 relaxat.
641 924 682 952 45
702 919 904 973 Gallia-m,
936 922 1092 977 inquit,
1123 927 1305 978 togatam
1337 920 1513 970 remitto,

67 988 267 1021 comatam
282 979 457 1035 postule.
520 978 698 1020 Otiosus
723 978 922 1020 videlicet
940 993 1031 1020 esse
1053 979 1231 1020 mavult.
1263 992 1352 1019 cum
1373 992 1439 1018 sex
1458 976 1514 1018 le-

66 1036 271 1093 gionibus,
302 1037 457 1092 inquit,
488 1036 615 1092 iisque
642 1034 834 1091 suppletis
869 1051 916 1077 ex
947 1035 1008 1077 D.
1042 1034 1172 1077 Bruti
1201 1035 1392 1086 exercitu,
1423 1049 1512 1075 non

67 1094 198 1135 modo
231 1109 285 1136 ex
316 1094 484 1135 delectu
515 1108 617 1135 suo:
661 1093 895 1149 tamdiuque
926 1100 971 1134 ut
991 1093 1192 1141 obtineat,
1223 1091 1418 1148 quamdiu
1442 1091 1512 1133 M.

71 1149 243 1204 Brutus,
281 1150 330 1192 C.
366 1150 539 1203 Cmsius,
571 1149 759 1202 consules,
796 1164 924 1205 prove
958 1165 1051 1191 coss,
1077 1150 1311 1205 provincias
1352 1148 1512 1191 obtine-

71 1208 185 1249 hunt.
226 1209 267 1240 46
282 1208 410 1264 hujus
441 1208 628 1250 comitiis
663 1207 715 1249 C.
757 1206 888 1249 frater
928 1207 1039 1262 (ejus
1073 1217 1137 1248 est
1169 1208 1283 1248 enim
1320 1206 1414 1262 jam
1437 1222 1513 1247 an-

69 1267 169 1317 nus)
188 1265 281 1321 jam
319 1266 530 1322 repulsam
564 1265 676 1306 tulit.
710 1264 803 1320 Ipse
837 1271 970 1307 autem
1000 1271 1044 1306 ‘zet
1079 1264 1415 1320 quinquennium,
1446 1263 1574 1305 in-28

67 1324 178 1377 quit,
199 1323 419 1364 obtineam.
477 1322 538 1364 At
569 1322 683 1364 istud
723 1332 839 1364 vetat
868 1321 939 1364 lex
979 1321 1179 1364 Caesaris.
1207 1325 1247 1355 47
1262 1332 1305 1362 et
1336 1332 1382 1362 tu
1414 1332 1511 1363 acta

73 1379 256 1422 Caesaris
275 1380 494 1423 defendis?
534 1379 647 1422 Haec
671 1389 715 1421 tu
734 1380 950 1431 mandata,
969 1379 1018 1421 L.
1045 1380 1161 1430 Piso,
1182 1388 1226 1420 et
1249 1389 1309 1430 tu,
1336 1379 1384 1420 L.
1406 1378 1509 1420 Phi-
1528 1371 1595 1430 lQ

66 1436 198 1493 lippe,
224 1438 437 1494 principes
459 1438 664 1489 civitatis,
687 1452 772 1478 non
795 1437 892 1479 dico
915 1438 1059 1478 animo
1084 1437 1206 1488 ferre,
1230 1451 1377 1493 verum
1397 1437 1510 1478 auri·

68 1494 149 1535 bus
172 1495 367 1551 accipere
397 1495 633 1552 potuistis?
694 1495 793 1544 Sed,
816 1505 864 1536 ut
896 1494 1103 1550 suspicor,
1127 1504 1263 1535 terror
1293 1503 1385 1535 erat
1416 1494 1556 1549 qui-b.

69 1551 195 1594 dam:
234 1566 315 1593 nec
337 1567 414 1593 vos
435 1565 480 1594 ut
500 1552 627 1608 legati
652 1552 765 1608 apud
797 1550 917 1593 illum
948 1551 1104 1602 fuistis,
1129 1566 1207 1593 nee
1240 1560 1286 1593 ut
1308 1551 1514 1607 >consula-

70 1621 160 1651 res:
195 1623 272 1651 nec
295 1625 370 1651 vos
393 1621 594 1661 vestram,
612 1624 691 1650 nec
714 1609 965 1665 reipublicae
988 1609 1244 1665 dignitatem
1271 1618 1413 1650 tenere
1438 1624 1515 1665 po-

69 1666 226 1707 tuistis.
258 1675 302 1708 et
334 1675 493 1718 tamen,
512 1667 657 1708 nescio
687 1682 772 1722 quo
801 1677 944 1722 pacto,
964 1667 1175 1722 sapientia
1196 1666 1397 1722 quadam,
1424 1680 1515 1708 cre·
1548 1662 1551 1669 ’

71 1722 141 1774 d0,
177 1724 292 1779 quod
326 1738 408 1780 ego
448 1725 588 1765 ‘lssnon
629 1738 812 1780 possem,
841 1739 928 1765 non
963 1724 1090 1765 nimis
1127 1724 1224 1764 irati
1264 1723 1515 1765 revertistis.

72 1779 209 1821 Vobis
234 1780 307 1822 ’Μ.
339 1782 557 1823 Antonius
594 1781 699 1822 nihil
734 1782 902 1832 tribuit,
929 1781 1175 1823 clarissimis
1214 1780 1328 1832 viris,
1362 1781 1514 1837 legatis

69 1838 217 1894 populi
242 1837 444 1880 Romani.
488 1839 595 1890 Nos,
618 1839 720 1894 quid
741 1853 827 1880 non
849 1839 992 1895 legato
1013 1838 1195 1880 Antonii
1217 1837 1387 1894 Cotyla²
1411 1853 1516 1879 con-

70 1898 303 1938 cessimus?
342 1897 411 1937 cui
445 1908 589 1952 portas
627 1896 756 1952 hujus
791 1897 908 1937 urbis
945 1906 1090 1953 patere
1131 1894 1250 1951 49jus
1283 1910 1370 1936 non
1409 1906 1514 1945 erat,

74 1950 176 1993 huic
198 1952 281 1994 hoc
305 1954 511 2010 templum
536 1953 701 2009 patuit:
732 1953 835 1995 huic
857 1954 998 1995 aditus
1020 1954 1064 1994 in
1088 1964 1282 1995 senatum
1306 1952 1409 1994 fuit:
1442 1953 1514 1993 hie

70 2007 271 2051 hesterno
292 2011 362 2052 die
381 2014 614 2052 sententias
637 2020 802 2052 nostras
827 2012 868 2052 in
892 2010 1127 2063 codicillos,
1149 2020 1193 2051 et
1215 2011 1361 2051 omnia
1384 2010 1514 2051 verba

70 2066 311 2110 referebat:
354 2068 453 2109 huic
476 2082 519 2108 se
540 2068 670 2108 etiam
703 2069 880 2110 summis
912 2068 1147 2109 honoribus
1170 2068 1234 2109 usi
1266 2077 1417 2108 contra
1447 2068 1512 2108 di-

70 2124 283 2179 gnitatem
325 2139 461 2177 suain,
494 2125 788 2167 venditabant.
862 2125 902 2167 O
944 2126 1003 2167 dii
1046 2124 1334 2167 immortales:
1379 2127 1572 2180 quam29

110 2288 151 2317 43
172 2287 418 2327 commiserunt]
451 2288 553 2319 Recte
579 2292 762 2319 correctum
807 2287 884 2318 vtis:
920 2288 966 2318 nil
990 2289 1183 2325 extricatur,
1205 2287 1290 2328 quod
1312 2286 1454 2327 placeat,
1477 2292 1512 2318 et

68 2330 300 2366 commiserint,
314 2334 347 2361 et
370 2330 537 2361 latinitate
560 2330 764 2370 postulante,
808 2331 978 2361 contextui
994 2332 1072 2362 satis
1089 2337 1203 2371 aptum
1220 2331 1274 2362 sit.
1292 2330 1355 2360 Ms.
1371 2330 1435 2360 Gn.
1451 2329 1511 2360 ha·

72 2375 105 2402 et
120 2371 210 2402 libris
223 2373 376 2412 antiquis.
400 2373 453 2404 Sic
465 2379 498 2403 et
513 2373 578 2403 Ms.
591 2374 654 2403 Gu.
667 2373 704 2404 L.
719 2373 763 2404 H.
808 2373 883 2404 bet:
919 2372 1018 2413 liujus
1039 2372 1177 2404 comitiis
1197 2373 1229 2403 C.
1233 2374 1354 2413 frater
1367 2371 1450 2413 ejus,
1464 2376 1511 2402 esc

72 2413 144 2444 edd.
167 2423 216 2455 pr.
240 2414 479 2446 Com-miserunt
500 2416 541 2446 ab
566 2415 649 2446 Aldu
672 2415 768 2446 indu·
811 2416 898 2446 enim
911 2426 1019 2446 armus
1027 2415 1120 2455 jam,
1134 2417 1301 2456 repulsam
1314 2416 1401 2445 tulit.

73 2460 165 2486 ctum
181 2460 242 2488 est.
854 2461 894 2491 47
926 2462 958 2488 ee
971 2463 1046 2495 tua,
1062 2463 1093 2489 et
1107 2462 1143 2488 tu
1159 2458 1249 2498 acta]
1275 2457 1325 2488 Et
1339 2462 1397 2487 tua
1422 2463 1511 2487 rec-te

73 2537 77 2541 ἢ
113 2500 156 2528 44
178 2508 240 2529 sua
257 2498 442 2539 judiciaria
465 2499 531 2541 Iex]
559 2499 666 2540 Quam
693 2509 769 2533 cum

74 2539 203 2589 Cffsare
216 2542 352 2574 tulerat.
373 2552 403 2574 v.
416 2543 510 2574 Clav.
527 2543 562 2573 in
579 2543 655 2573 LL.
669 2542 770 2573 Anto-

69 2591 158 2656 ⁸²1qu
187 2625 334 2657 Galliam
349 2631 500 2667 togatam
520 2626 665 2666 remitto]
689 2626 771 2657 Edd.

75 2675 126 2707 pr.
141 2667 263 2698 habent
277 2668 468 2710 simpliciter
487 2670 526 2701 G.
537 2672 679 2701 remitto.
691 2669 772 2700 Mss.

74 2708 208 2749 quidam
225 2713 341 2749 totam,
357 2716 396 2742 ut
411 2711 474 2743 Gu.
496 2711 583 2752 quod
600 2716 688 2743 recte
703 2721 774 2742 cor-

74 2756 203 2783 rectum
227 2756 377 2792 togatam
398 2754 544 2795 primum
559 2755 593 2785 in
618 2754 668 2785 ed.
688 2753 772 2784 Her-

73 2803 159 2867 νὸξέἰ
181 2835 280 2877 hujus
293 2837 431 2869 comitiis
451 2839 528 2879 &c.]
548 2838 647 2870 Hunc
662 2837 773 2868 locum

71 2886 140 2910 non
152 2879 316 2920 intelligo,
326 2879 424 2913 Varie
435 2884 586 2915 tentatur
600 2891 620 2913 a
629 2880 705 2912 viris
717 2879 774 2912 do-

813 2499 958 2530 deletum
982 2507 1044 2538 est,
1062 2507 1177 2532 natum
1201 2511 1218 2531 e
1237 2511 1323 2539 seqq.
1339 2504 1370 2529 et
1385 2504 1420 2529 tu
1434 2504 1510 2529 acca

814 2543 875 2573 &a
922 2543 985 2573 Sed
999 2542 1070 2574 haec
1093 2543 1212 2573 ultima
1228 2545 1348 2574 absunt
1364 2552 1383 2572 a
1398 2541 1510 2581 pleris-

814 2594 876 2623 que
890 2584 994 2624 libris,
1010 2590 1049 2616 ut
1063 2585 1170 2616 Guelf.
1187 2591 1222 2616 et
1236 2585 1307 2616 edd.
1327 2594 1377 2625 pr.
1393 2582 1513 2614 Addita

815 2632 893 2657 sunt
911 2627 994 2658 bene
1008 2640 1025 2659 e
1042 2629 1148 2658 νηῦς.

856 2671 898 2700 48
921 2679 984 2700 mm
1002 2670 1142 2711 possem]
1161 2669 1213 2699 Sic
1235 2678 1293 2708 pro
1307 2677 1369 2698 non
1381 2676 1514 2706 possum

817 2721 892 2742 cum
917 2710 1044 2743 Faenio
1066 2717 1101 2743 et
1127 2711 1256 2742 Graevio
1281 2710 1374 2741 edidi.
1399 2710 1452 2739 Sic
1478 2714 1513 2739 et

814 2754 880 2785 Gu.
895 2754 936 2785 L.
955 2754 1000 2786 H.

856 2799 898 2831 49
908 2796 971 2837 jus
981 2807 1046 2828 non
1064 2795 1152 2836 erat]
1171 2796 1272 2828 Recte
1296 2793 1443 2835 profuit
1465 2793 1511 2824 sic

815 2838 943 2869 edidere
963 2840 1107 2872 Fa‘e‘ruus
1131 2843 1166 2871 et
1190 2837 1259 2878 alii,
1274 2836 1436 2869 Graevius.
1459 2836 1512 2868 Sic

816 2886 851 2913 et
865 2880 956 2914 Leid.
