1769 3174
538 130 658 170 PRO
694 129 736 167 P.
778 129 1013 167 SEXTIO.
1408 126 1503 162 1001

64 235 282 291 adjutores
312 234 522 277 habebat:
554 232 741 276 consulis
772 232 944 274 alterius
979 245 1192 272 summum
1225 230 1427 279 studium,
1450 228 1509 270 al-

66 294 197 335 terius
231 294 396 335 animus
431 307 553 348 paene
585 291 790 347 placatus.
822 290 874 330 de
905 288 1164 344 praetoribus
1190 301 1297 327 unus
1322 286 1508 327 alienus:

67 360 240 392 senatus
271 349 532 392 incredibilis
566 347 783 389 voluntas:
823 348 1019 401 equitum
1052 344 1347 386 Romanorum
1377 343 1510 383 animi

68 408 121 448 ad
143 422 314 449 causam
338 406 533 456 excitati,
555 414 697 446 erecta
720 403 860 445 Italia.
881 404 967 444 duo
990 401 1067 442 soli
1090 410 1211 441 erant
1233 401 1335 440 emti
1356 400 1407 440 ad
1432 400 1511 440 im-

69 464 352 520 pediendum:
376 463 449 518 qui
464 464 497 504 si
515 463 708 504 homines
721 461 927 517 despecti,
941 468 983 500 et
1004 458 1227 507 contemti,
1242 466 1403 496 tantam
1423 470 1513 496 rem

67 522 276 562 sustinere
299 535 382 562 non
409 521 675 576 potuissent3
699 533 742 559 se
763 531 951 568 causam,
971 529 1098 570 quam
1116 523 1373 569 susceperat,
1397 513 1512 553 nullo

68 577 213 618 labore
236 588 504 633 peracturum
541 576 728 617 videbat.
758 575 916 631 agebat
936 572 1207 621 auctoritate,
1230 571 1388 626 agebat
1409 584 1513 610 con-

69 634 178 686 silio,
201 636 358 691 agebat
387 648 459 690 per
491 648 704 674 summum
733 633 941 682 ordinem,
964 631 1120 686 agebat
1147 628 1346 683 exemplo
1379 628 1512 668 bono-

69 706 162 733 rum
196 702 240 733 et
275 691 451 732 fortium
484 691 668 732 civium:
701 689 802 744 quid
842 688 1074 745 republica,
1107 685 1209 741 quid
1246 700 1290 725 se
1330 684 1510 739 dignum

69 758 195 799 esset,
217 750 311 804 quis
334 749 423 804 ipse
445 758 569 798 esset,
590 747 691 802 quid
716 760 896 802 sperare,
918 745 1020 800 quid
1045 743 1279 798 majoribus
1309 742 1394 781 suis
1418 740 1511 781 red-

70 805 170 847 dere
194 806 381 856 deberet,
403 804 730 861 diligentissime
761 805 988 859 cogitarat.
1051 800 1169 841 Huic
1200 799 1400 855 gravitati
1433 789 1589 838 h0-4l

72 863 214 914 minis,
248 863 420 903 videbat
452 862 520 902 ille
551 861 776 917 gladiator,
803 875 862 911 se,
895 860 926 900 si
961 858 1152 899 moribus
1183 866 1343 912 ageret,
1366 870 1509 912 parem
1522 860 1572 894 88

69 934 164 960 esse
186 934 271 960 non
289 933 436 976 posse:
460 920 512 960 ad
535 918 708 968 ferrum,
727 918 778 958 ad
803 917 931 966 faces,
953 916 1004 956 ad
1019 914 1314 970 quotidianam
1333 913 1512 963 caedem,

74 977 286 1027 incendia,
308 977 491 1032 rapinas,
511 989 554 1016 se
576 990 674 1016 cum
696 976 888 1016 exercitu
911 988 987 1014 suo
1009 971 1217 1013 contulit:
1240 971 1416 1011 domum
1439 985 1516 1026 op-

76 1048 281 1090 pugnare,
310 1034 537 1074 itineribus
569 1046 806 1083 occurrere,
836 1033 873 1071 vi
912 1031 1129 1079 lacessere,
1162 1038 1204 1069 et
1238 1037 1393 1068 terrere
1425 1042 1518 1068 coe-

78 1091 155 1146 pit.
217 1091 318 1132 Non
363 1091 499 1131 movit
542 1090 758 1130 hominem
801 1103 966 1142 summa
1004 1088 1230 1142 gravitate,
1268 1099 1519 1139 summaque

75 1148 342 1189 constantia:
386 1147 457 1188 sed
497 1161 754 1202 quamquam
798 1146 919 1186 dolor
958 1144 1104 1194 animi,
1142 1144 1288 1183 innata
1328 1142 1518 1192 libertas,

75 1215 246 1261 promta
266 1204 563 1259 excellensque
588 1205 734 1253 virtus,
755 1202 1035 1244 fortissimum
1059 1201 1197 1241 virum
1222 1200 1519 1249 hortabantur,

76 1263 118 1302 vi
143 1263 229 1304 vim
251 1262 455 1311 oblatam,
475 1262 712 1317 praesertim
737 1261 907 1316 saepiuS,
923 1270 969 1299 ut
991 1257 1206 1314 frangeret
1226 1267 1270 1297 et
1291 1256 1518 1308 refutaret3

77 1328 198 1360 tanta
217 1319 456 1360 moderatio
478 1319 561 1359 fuit
583 1318 785 1368 hominis,
809 1327 976 1358 tantum
998 1315 1302 1366 consilium,ut
1324 1315 1519 1355 contine-

76 1386 142 1417 ret
172 1376 379 1426 dolorem,
399 1390 538 1431 neque
568 1375 716 1416 eadem
748 1389 791 1415 se
823 1389 865 1415 re
895 1373 1183 1423 ulcisceretur,
1205 1387 1289 1427 qua
1321 1381 1431 1412 esset
1460 1371 1520 1411 la-

76 1434 279 1475 cessitus:
305 1434 377 1474 sed
399 1433 516 1474 illum
541 1441 604 1473 tot
619 1432 713 1487 jam
728 1431 947 1473 funeribus
971 1430 1217 1485 reipublicae
1231 1428 1519 1469 exsultantem

79 1505 130 1531 ac
171 1491 492 1546 tripudiantem,
532 1490 690 1545 legum,
724 1489 757 1529 si
799 1499 958 1545 posset,
991 1487 1151 1542 laqueis
1189 1487 1518 1541 constringeret.

54 1574 58 1579 ·
84 1546 320 1589 Descendit
358 1548 411 1588 ad
451 1547 753 1588 accusandum.
783 1549 823 1577 35
836 1547 931 1600 quis
974 1558 1177 1599 umquam
1220 1555 1306 1584 tam
1349 1543 1519 1600 proprie
1531 1552 1582 1587 89

80 1604 331 1660 reipublicae
369 1619 521 1656 causa3
561 1603 688 1644 nullis
720 1603 974 1652 inimicitiis,
1009 1601 1133 1642 nullis
1175 1601 1378 1657 praemiis,
1408 1600 1523 1642 nulla

79 1660 306 1703 hominum
335 1660 637 1718 postulatione,
669 1673 743 1701 aut
774 1661 903 1701 etiam
936 1659 1156 1715 opinione,
1189 1659 1230 1689 36
1244 1658 1286 1699 id
1320 1673 1524 1713 umquam

79 1732 171 1760 esse
192 1718 435 1760 facturum?
468 1718 610 1759 Fracti
631 1727 753 1758 erant
773 1718 905 1758 animi
928 1716 1130 1757 hominis.
1149 1715 1232 1756 hoc
1254 1716 1367 1756 enim
1399 1730 1526 1757 accu-

82 1786 204 1817 sante
220 1778 260 1810 37
274 1776 443 1832 pristini
479 1775 590 1816 illius
627 1775 691 1815 sui
723 1775 881 1830 judicii
914 1773 1226 1829 turpitudinem
1258 1773 1526 1828 desperabat.

87 1832 201 1874 Ecce
223 1832 302 1874 tibi
324 1832 488 1883 consul,
511 1842 685 1888 praetor,
711 1832 907 1873 tribunus
930 1831 1080 1887 plebis,
1103 1845 1216 1871 nova
1238 1831 1342 1881 novi
1359 1831 1528 1885 generis

86 1890 228 1931 edicta
258 1899 530 1946 proponunt:
565 1889 633 1930 Ne
665 1903 760 1931 reus
791 1888 916 1940 adsit,
940 1902 992 1928 ne
1022 1888 1192 1938 citetur,
1215 1901 1267 1927 ne
1298 1896 1529 1942 quaeratur,

84 1961 138 1987 ne
172 1947 433 1987 mentionem
475 1947 654 1988 omnino
690 1947 892 2001 cuiquam
926 1945 1126 2001 judicum
1157 1955 1232 1985 aut
1262 1943 1530 1998 judiciorum

88 2003 228 2044 facere
259 2003 400 2045 liceat.
461 2004 579 2051 Quid
623 2013 769 2059 ageret
809 2003 874 2044 vir
915 2003 967 2044 ad
1005 2003 1223 2052 virtutem,
1256 2001 1530 2057 dignitatem,

87 2060 267 2116 gloriam
283 2071 422 2112 natus,
437 2061 477 2101 vi
492 2060 791 2102 sceleratorum
809 2059 1031 2101 hominum
1052 2059 1343 2109 corroborata,
1361 2058 1530 2115 legibus

78 2117 343 2173 judiciisque
365 2117 570 2160 sublatis?
602 2117 803 2159 Cervices
825 2118 1021 2158 tribunus
1046 2116 1180 2171 plebis
1204 2116 1396 2170 privato;
1420 2130 1530 2171 prae-

87 2175 373 2216 stantissimus
396 2175 460 2215 vir
482 2175 833 2230 profligatissimo
862 2174 1028 2215 homini
1050 2174 1197 2214 daret?
1228 2187 1282 2213 an
1303 2175 1343 2203 38
1357 2188 1530 2214 causam

87 2242 329 2288 susceptam
351 2232 589 2288 affligeret?
620 2247 672 2272 an
696 2247 738 2272 se
760 2231 878 2272 domi
900 2231 1167 2277 contineret?
1191 2228 1247 2269 Et
1270 2229 1382 2270 vinci
1407 2239 1531 2286 turpe
1560 2264 1562 2268 .

87 2289 272 2346 putavit,
294 2298 337 2330 et
358 2289 574 2330 deterreri.
596 2289 726 2329 etiam
749 2303 771 2330 e
793 2288 1015 2345 republica
1033 2287 1231 2338 credidit,
1248 2296 1309 2338 ut,
1325 2287 1530 2341 quoniam

92 2394 99 2399 ’
127 2395 168 2424 35
190 2394 261 2434 quis
282 2398 398 2424 κλωπ
419 2395 552 2434 proprie
573 2393 652 2433 reip.
668 2392 784 2433 causa]

89 2433 230 2475 Proprie
242 2445 281 2466 eo
293 2446 390 2467 seusu
404 2435 438 2466 h.
450 2436 472 2466 l.
485 2436 625 2473 dictum,
637 2441 676 2466 ut
690 2445 789 2476 supra

89 2487 118 2508 c.
138 2478 185 2509 16.
198 2487 231 2508 v.
249 2482 283 2508 et
303 2478 396 2509 Clav.
440 2479 532 2518 Soepe
558 2478 592 2508 in
616 2477 676 2508 hae
698 2488 788 2515 voce,

89 2528 164 2558 quae
182 2520 372 2560 exquisitius
395 2519 526 2557 dicitur,
550 2520 729 2550 turbarunt
751 2519 789 2550 li-

66 2559 212 2603 ‚brariin
244 2562 377 2592 Gruteri
401 2563 436 2592 in
465 2562 537 2592 edd.
563 2568 613 2592 est
635 2562 790 2602 proprioe,

90 2601 176 2634 forte
190 2613 363 2644 operarum
380 2605 471 2634 vitio.
486 2613 562 2634 nam
578 2603 662 2634 nihil
676 2604 714 2634 de
729 2603 790 2635 hac

68 2650 73 2653 ’
90 2642 232 2676 lectione
251 2646 394 2678 monuit.
438 2647 585 2677 Graevius
606 2646 792 2686 corrigebat

85 2691 225 2726 promte.

133 2728 175 2759 36
195 2729 232 2759 id
242 2738 389 2769 unquam
411 2739 476 2760 esse
485 2728 682 2769 facturum]
707 2729 792 2759 Viti-

90 2773 151 2802 lnn
164 2770 375 2802 manifestum
390 2777 452 2802 est,
495 2771 643 2802 Graevius
657 2771 794 2810 corrigit

93 2816 173 2842 eset
188 2811 355 2850 facturus.
382 2812 467 2844 nihil
490 2814 635 2854 propius.
679 2813 743 2844 Sed
765 2813 792 2844 si

93 2857 205 2885 totum
228 2853 291 2885 hoe
313 2854 474 2893 deleatur,
499 2856 605 2888 oratio
632 2859 683 2888 eet
705 2854 792 2886 haud

830 2392 940 2434 pauno
953 2393 1128 2424 efficacior.
1175 2391 1287 2423 Habet
1299 2401 1377 2422 sane
1390 2391 1532 2432 speciem

830 2435 1029 2517 gl‘35378ae71'rist.
1035 2476 1114 2518 jud.
1131 2481 1219 2516 emp.
1235 2475 1439 2516 desperabat]
1465 2475 1532 2505 De.

832 2520 984 2560 sperabat
1006 2528 1040 2550 se
1063 2520 1111 2550 ita
1131 2518 1334 2558 elapsurum,
1349 2525 1388 2548 ut
1402 2518 1482 2548 olim
1497 2518 1533 2549 in

834 2561 892 2592 ino
917 2561 1008 2602 turpi
1033 2560 1072 2592 de
1100 2561 1228 2591 incestu
1250 2560 1378 2601 ,iudicio
1403 2560 1533 2600 elapsus

833 2608 930 2677 eng-8
964 2655 992 2676 c.
1027 2649 1209 2684 susceptam
1237 2642 1417 2684 affligeret]
1455 2642 1534 2675 Non

833 2692 948 2728 aptum
985 2687 1061 2718 huic
1096 2687 1168 2718 loco
1205 2686 1332 2716 videtur
1358 2684 1534 2725 affligeret.

835 2730 887 2760 An
911 2730 1090 2764 amitteret,
1119 2727 1206 2768 quod
1230 2727 1328 2757 vei-bo
1353 2731 1536 2767 susceptam

834 2771 959 2812 optime
982 2771 1150 2807 convenit,
1167 2770 1337 2808 eleg-auter
1359 2778 1418 2809 pro
1443 2770 1537 2807 omsse-

834 2818 925 2846 teret.
969 2813 1009 2844 In
1022 2822 1110 2853 seqq.
1124 2811 1297 2853 respondet
1312 2810 1481 2843 deterreris
